2553 3960
1064 260 1411 309 Tmnnms.
2092 252 2210 314 103

204 439 315 502 pro
354 420 436 479 itu
467 426 525 478 et
558 416 747 477 reditu
776 433 882 476 suo
914 419 1134 497 suscipi
1163 435 1405 496 passus,
1447 426 1508 476 nt
1539 415 1717 495 vulgo
1745 418 1855 478 iam
1886 436 1995 496 per
2021 420 2211 479 iocum

205 504 341 568 Cal
358 503 410 562 li
429 521 518 582 pp
535 500 694 561 ides
715 509 1027 561 vocaretur
1052 504 1254 582 (quem
1281 503 1563 562 cursitare
1588 520 1657 562 ac
1681 520 1756 561 ne
1782 501 1959 562 cubiti
1984 502 2213 582 quidem

201 605 528 650 mensuram
560 584 843 664 progredi
872 586 1191 664 proverbio
1224 585 1451 646 Graeco
1483 595 1738 645 notatum
1765 586 1909 663 est).
1972 588 2090 647 Sed
2120 604 2297 661 or-39

201 675 373 735 batus
421 680 671 750 utroque
711 670 868 746 filio,
926 687 1168 749 quorum
1211 669 1587 730 Germanicus
1644 672 1700 731 in
1746 671 1942 748 Syria,
1992 671 2213 731 Drusus

155 775 182 813 s
202 759 426 819 Romae
457 755 711 830 obierat,
754 772 1053 814 secessum
1084 753 1433 832 Campaniae
1471 756 1643 832 petit;
1690 758 1974 816 constanti
2007 765 2065 816 et
2090 758 2213 834 opi-

200 843 377 902 nione
419 848 477 899 et
515 855 785 898 sermone
825 856 1012 916 paene
1057 839 1307 899 omnium
1348 839 1511 916 quasi
1559 856 1747 918 neque
1778 838 2211 916 rediturusum-

200 919 372 1005 qua'm
425 932 482 983 et
530 924 647 985 cito
697 932 942 982 mortem
994 924 1167 983 etiam
1220 921 1498 982 obiturus.
1579 923 1749 997 Quod
1799 925 1973 1001 paulo
2030 926 2213 984 minus

198 1019 500 1087 utrumque
535 1008 758 1074 evenit;
788 1025 918 1067 nam
941 1025 1129 1086 neque
1150 1007 1394 1067 Romam
1422 1007 1665 1085 amplius
1689 1008 1877 1085 rediit,
1910 1018 1968 1068 et
1992 1025 2212 1087 paucos

201 1102 340 1173 post
379 1092 505 1156 dies
548 1093 704 1150 iuxta
736 1090 1105 1152 Tarracinam
1146 1092 1203 1149 in
1250 1093 1581 1170 praetorio,
1628 1094 1717 1152 cui
1751 1093 2079 1171 Speluncae
2109 1110 2209 1153 no·

127 1194 181 1234 m
198 1195 334 1237 men
374 1185 494 1252 est,
548 1177 890 1235 incaenante
932 1193 1007 1235 eo
1051 1175 1353 1254 complura
1389 1185 1448 1235 et
1492 1176 1750 1254 ingentia
1791 1194 1930 1237 saxa
1971 1177 2210 1238 fortuito

200 1279 458 1339 superne
498 1259 738 1338 delapsa
777 1270 941 1336 sunt,
984 1260 1296 1339 multisque
1327 1261 1699 1321 convivarum
1730 1269 1789 1321 et
1823 1262 2209 1322 ministrorum

199 1346 388 1421 elisis,
427 1352 662 1424 praeter
691 1362 856 1422 spem
884 1346 1090 1405 evasit.

327 1428 640 1506 Peragrata
703 1425 1041 1507 Campania,
1105 1447 1232 1489 cum
1288 1429 1521 1510 Capuae
1583 1427 1961 1508 Capitolium,
2020 1429 2297 1499 Nolae4o

197 1513 476 1591 templum
520 1512 794 1590 Augusti,
850 1531 1016 1592 quam
1073 1532 1303 1574 causam
1353 1514 1738 1593 profectionis
1779 1513 2209 1594 praetenderat,

126 1611 176 1651 1⁵
194 1597 556 1674 dedicasset,
598 1595 856 1675 Capreas
891 1615 956 1656 se
988 1598 1260 1674 contulit,
1307 1600 1624 1677 praecipue
1655 1597 1979 1658 delectatus
2008 1598 2210 1674 insula,
2287 1654 2294 1659 .

196 1681 356 1762 quod
391 1699 504 1741 uno
536 1698 840 1760 parvoque
870 1681 1040 1742 litore
1071 1682 1353 1759 adiretur,
1399 1690 1568 1760 septa
1601 1681 1851 1761 undique
1882 1684 2211 1762 praeruptis

194 1768 508 1826 immensae
554 1764 868 1825 altitudinis
918 1766 1158 1846 rupibus
1212 1775 1272 1826 et
1325 1766 1616 1846 profundo
1668 1768 1831 1826 mari.
1896 1766 2209 1846 Statimque

193 1859 514 1910 revocante
554 1848 785 1909 assidua
832 1850 1223 1911 obtestatione
1261 1851 1484 1930 populo
1522 1859 1768 1928 propter
1800 1850 2053 1928 cladem,
2100 1869 2209 1930 qua

194 1934 351 2014 apud
375 1933 624 1995 Fidenas
651 1951 825 2013 supra
850 1934 1055 2012 viginti
1089 1934 1378 1996 hominum
1407 1935 1563 2009 milia
1594 1934 1940 2013 gladiatorio
1973 1953 2209 1996 munere

114 2041 171 2082 πο
191 2018 596 2098 amphitheatri
653 2019 818 2079 ruina
859 2021 1190 2099 perierant,
1245 2022 1470 2081 transiit
1513 2022 1568 2079 in
1610 2021 1999 2080 continentem
2044 2029 2207 2098 pote-

190 2112 515 2181 statemque
545 2102 808 2163 omnibus
839 2103 1082 2163 adeundi
1115 2107 1199 2164 sui
1228 2105 1399 2164 fecit:
1442 2110 1608 2165 tanto'
1633 2106 1849 2183 magis,
1881 2105 2034 2184 quod
2067 2103 2208 2164 urbe

191 2187 508 2266 egrediens
551 2204 624 2247 ne
669 2188 764 2267 qui
798 2205 864 2247 se
895 2189 1303 2267 interpellaret
1335 2189 1597 2249 edixerat
1625 2208 1694 2249 ac
1722 2197 1849 2249 toto
1876 2190 2083 2249 itinere
2112 2189 2206 2249 ad·

190 2273 383 2332 euntis
418 2271 807 2331 submoverat.

309 2357 644 2433 Regressus
681 2357 739 2414 in
781 2356 1052 2434 insulam,
1102 2359 1187 2416 rei
1230 2376 1287 2437 p.
1334 2358 1561 2436 quidem
1605 2375 1797 2418 curam
1843 2375 2026 2436 usque
2057 2357 2206 2419 adeo
2223 2374 2284 2426 41

91 2449 170 2500 ‘25
190 2441 440 2516 abiecit,
480 2448 541 2499 ut
581 2448 789 2519 postea
831 2458 946 2500 non
989 2440 1256 2501 decurias
1304 2444 1556 2520 equitum
1597 2459 1861 2520 umquam
1894 2442 2203 2521 supplerit,

187 2543 308 2585 non
351 2523 611 2584 tribunos
654 2523 893 2585 militum
922 2525 1399 2605 praefectosque,
1432 2543 1548 2585 non
1577 2526 2008 2604 provinciarum
2038 2543 2203 2605 prae·

189 2609 350 2669 sides
375 2608 531 2668 ullos
561 2611 900 2687 mutaverit,
927 2609 1261 2688 Hispaniam
1296 2619 1357 2669 et
1379 2610 1604 2684 Syriam
1639 2627 1747 2688 per
1775 2608 1994 2688 aliquot
2023 2625 2206 2668 annos

189 2696 318 2753 sine
353 2692 756 2753 consularibus
782 2693 993 2771 legatis
1024 2693 1310 2771 habuerit,
1338 2694 1670 2753 Armeniam
1705 2710 1738 2751 a
1765 2691 1991 2753 Parthis
2023 2708 2201 2752 occu-

189 2778 337 2857 pari,
359 2776 638 2838 Moesiam
663 2796 696 2838 a
717 2776 894 2838 Dacis
918 2779 1329 2858 Sarmatisque,
1356 2777 1572 2839 Gallias
1605 2796 1637 2839 a
1666 2777 1966 2838 Germanis
1988 2777 2204 2836 vastari

112 2860 568 2938 aoneglexeritz'
592 2879 805 2939 magno
853 2861 1147 2922 dedecore
1186 2863 1415 2940 imperii
1455 2880 1567 2922 nec
1599 2863 1822 2921 minore
1854 2860 2202 2920 discrimine.

188 2944 462 3007 Ceterum
513 2947 728 3005 secreti
780 2946 1072 3007 licentiam
1123 2956 1365 3007 nanctus
1413 2955 1472 3006 et
1515 2947 1678 3025 quasi
1723 2945 1972 3005 civitatis
2015 2943 2204 3005 oculis
2221 2953 2289 3006 42

184 3038 478 3105 remotus,
516 3039 722 3090 cuncta
757 3029 921 3090 simul
955 3031 1094 3090 vitia
1124 3031 1271 3091 male
1304 3030 1399 3090 diu
1433 3029 1784 3091 dissimulata
1807 3027 2038 3089 tandem
2068 3046 2202 3108 pro-

183 3113 363 3173 fudit:
414 3112 486 3173 de
537 3113 743 3193 quihus
789 3114 1123 3192 singillatim
1164 3115 1235 3175 ab
1279 3114 1525 3175 exordio
1567 3115 1837 3174 referam.
1892 3112 1957 3173 In
1994 3115 2201 3175 castris

184 3198 297 3257 tiro
353 3199 525 3257 etiam
578 3207 693 3258 tum
744 3207 988 3278 propter
1027 3199 1254 3259 nimiam
1298 3201 1414 3258 vini
1454 3199 1783 3260 aviditatem
1816 3215 1927 3276 pro
1958 3196 2197 3259 Tiberio

110 3279 571 3359 ssBiberius,
601 3300 709 3362 pro
742 3281 984 3344 Claudio
1019 3281 1358 3359 Caldius,
1390 3301 1499 3362 pro
1530 3281 1768 3343 Nerone
1789 3282 1992 3343 Mero
2022 3300 2197 3342 voca-

183 3365 369 3425 batur.
407 3365 621 3428 Postea
650 3369 929 3447 princeps
958 3368 1014 3426 in
1039 3368 1168 3446 ipsa
1192 3367 1558 3445 publicorum
1581 3383 1803 3426 morum
1829 3368 2196 3426 correctione

184 3467 315 3509 cum
344 3448 669 3529 Pomponio
698 3451 916 3514 Flacco
949 3461 1007 3511 et
1036 3451 1100 3512 L.
1131 3450 1346 3511 Pisone
1373 3461 1608 3511 noctem
1639 3451 2081 3525 continuumque
2114 3445 2194 3505 bi-

180 3533 354 3594 duum
386 3533 676 3612 epulando
704 3534 1075 3615 potandoque
1102 3535 1478 3615 consumpsit,
1510 3553 1749 3614 quorum
1782 3532 1946 3594 alteri
1971 3530 2193 3602 Syriam
