2553 3960
225 239 306 301 60
396 251 455 299 ο.
489 250 791 299 sumom
820 248 1075 307 TRANQ.
1106 248 1202 295 DE
1226 246 1394 294 vrrA
1425 244 1793 294 cmsAmm
1822 247 1958 294 Lm.
1993 248 2069 296 11.

226 419 492 487 tempore
519 413 579 466 et
605 405 741 465 loco
772 404 912 481 lege
941 411 1144 462 vetere
1173 402 1544 481 permissam,
1588 400 1797 461 ademit
1829 411 2232 483 praeterquam

225 493 377 554 ludis
431 499 490 551 et
532 506 727 550 scena.
800 487 929 547 Nec
972 496 1164 546 tamen
1204 501 1278 544 eo
1319 486 1503 544 minus
1535 494 1629 545 aut
1656 486 2014 561 xysticorum
2046 497 2231 551 certa-

225 579 415 638 tiones
458 583 553 634 aut
593 572 975 651 gladiatorum
1024 587 1249 649 pugnas
1300 568 1672 630 severissime
1725 588 1960 649 semper
2013 575 2232 650 exegit.

226 660 372 722 Nam
410 657 747 718 histrionum
775 656 1065 715 licentiam
1093 652 1244 713 adeo
1278 654 1663 731 compescuit,
1699 662 1759 713 ut
1780 654 2233 733 Stephanionem

227 745 607 823 togatarium,
641 742 733 801 cui
763 741 821 799 in
857 737 1139 817 puerilem
1161 736 1414 797 habitum
1445 738 1884 797 circumtonsam
1918 747 2234 800 matronam
2258 762 2284 803 5

228 828 589 889 ministrasse
621 831 1018 902 compererat,
1052 839 1160 900 per
1184 822 1331 881 trina
1363 820 1586 881 theatra
1617 822 1800 899 virgis
1825 840 2057 882 caesum
2081 822 2233 883 rele-

229 911 486 990 gaverit,
519 908 707 985 Hylan
742 908 1180 986 pantomimum,
1220 913 1501 984 querente
1531 913 1835 983 praetore,
1866 907 1926 965 in
1952 908 2098 968 atrio
2129 906 2231 967 do-

228 1014 353 1056 mus
399 1012 539 1055 suae
593 994 825 1067 nemine,
877 989 1122 1051 excluso
1180 988 1431 1067 flagellis
1474 988 1825 1067 verberarit,
1877 998 1936 1050 et
1977 990 2233 1066 Pyladen

230 1079 372 1139 urbe
407 1086 580 1156 atque
607 1075 771 1136 Italia
811 1074 1202 1149 summoverit,
1241 1072 1398 1151 quod
1429 1081 1854 1151 spectatorem,
1886 1091 1919 1134 a
1959 1091 2075 1153 quo
2112 1075 2232 1135 exi-

229 1160 540 1238 bilabatur,
577 1159 1030 1220 demonstrasset
1059 1157 1238 1233 digito
1273 1158 1766 1236 conspicuumque
1798 1158 2057 1219 fecisset.
2253 1178 2305 1220 ιο

145 1260 215 1316 46
361 1243 454 1304 Ad
502 1243 656 1303 hunc
701 1241 930 1302 modum
980 1240 1123 1300 urbe
1174 1239 1525 1319 urbanisque
1574 1241 1753 1300 rebus
1807 1241 2235 1320 administratis,

235 1327 454 1390 Italiam
491 1326 914 1403 duodetriginta
951 1324 1308 1385 coloniarum
1337 1341 1610 1401 numero,
1643 1324 2012 1386 deductarum
2041 1326 2113 1386 ab
2145 1345 2235 1404 se,

229 1411 622 1491 frequentavit
652 1409 1048 1489 operibusque
1077 1426 1149 1468 ac
1176 1406 1567 1485 vectigalibus
1598 1407 1848 1487 publicis
1882 1409 2235 1488 plurifariam

230 1496 528 1572 instruxit,
573 1496 743 1554 etiam
784 1494 907 1553 iure
956 1510 1028 1553 ac
1066 1492 1399 1570 dignatione
1445 1491 1573 1551 urbi
1616 1492 1864 1572 quodam
1906 1492 2082 1554 modo
2125 1511 2234 1573 pro

232 1588 397 1660 parte
450 1578 639 1657 aliqua
691 1577 1066 1655 adaequavit,
1128 1577 1467 1653 excogitato
1520 1594 1742 1653 genere
1806 1577 2235 1656 suffragiorum,
2254 1600 2306 1643 ιε

234 1682 381 1742 quae
437 1661 509 1722 de
561 1659 991 1739 magistratibus
1039 1658 1258 1720 urbicis
1312 1659 1660 1720 decuriones
1712 1661 1965 1721 colonici
2025 1664 2082 1721 in
2134 1681 2237 1723 sua

235 1749 479 1826 quisque
513 1745 744 1807 colonia
773 1745 996 1806 ferrent
1031 1752 1090 1804 et
1117 1743 1221 1804 sub
1250 1743 1345 1804 die
1377 1744 1736 1804 comitiorum
1782 1744 2089 1824 obsignata
2117 1747 2235 1808 Ro-

231 1849 379 1891 mam
409 1830 718 1889 mitterent.
794 1828 886 1889 Ac
928 1827 1141 1888 necubi
1184 1836 1281 1887 aut
1321 1826 1698 1887 honestorum
1740 1827 2020 1890 deficeret
2065 1833 2237 1909 copia

234 1922 328 1976 aut
371 1912 740 1973 multitudiuis
784 1912 1056 1990 suboles,
1106 1920 1437 1990 equestrem
1481 1911 1734 1973 militiam
1774 1915 2023 1991 petentis
2066 1915 2236 1974 etiam

235 2018 310 2058 ex
341 1996 840 2058 commendatione
873 1997 1105 2076 publica
1138 1998 1415 2074 cuiusque
1448 1996 1651 2075 oppidi
1684 1995 2015 2068 ordinabat3
2052 2008 2109 2059 at
2138 2000 2232 2076 iis,
2250 2023 2305 2064 20

236 2084 332 2161 qui
363 2100 397 2142 e
432 2081 610 2160 plebe
639 2083 917 2157 regiones
947 2080 1365 2156 sibirevisenti
1388 2079 1543 2139 lilios
1567 2081 1793 2141 filiasve
1824 2081 2237 2161 approbarent,

238 2164 467 2242 singula
499 2181 852 2224 nummorum
882 2165 1036 2224 milia
1067 2181 1177 2244 pro
1209 2163 1455 2242 singulis
1486 2163 1795 2225 dividebat.
2007 2162 2022 2175 “

153 2247 217 2303 47
362 2248 702 2308 Provincias
728 2248 1045 2308 validiores
1087 2257 1146 2308 et
1175 2266 1319 2326 quas
1353 2249 1554 2309 annuis
1595 2248 2025 2326 magistratuum
2056 2249 2236 2328 impe-

233 2334 335 2394 riis
371 2333 502 2409 regi
550 2349 662 2391 nec
698 2331 874 2393 facile
916 2350 1028 2393 nec
1066 2339 1244 2392 tutum
1288 2341 1445 2408 erat,
1497 2333 1625 2411 ipse
1671 2335 1958 2411 suscepit,
2009 2341 2236 2394 ceteras

236 2414 685 2496 proconsulibus
731 2417 935 2477 sortito
979 2417 1268 2495 permisit;
1319 2424 1378 2475 et
1419 2425 1609 2477 tamen
1650 2417 1955 2477 nonnullas
1986 2434 2306 2480 commu-2⁵

235 2503 376 2562 tavit
418 2498 700 2559 interdum
741 2508 914 2581 atque
957 2518 1033 2559 ex
1073 2508 1322 2579 utroque
1365 2518 1586 2577 genere
1641 2501 1955 2579 plerasque
2001 2503 2235 2580 saepius

235 2584 392 2646 adiit.
471 2582 710 2645 Urbium
762 2583 1068 2662 quasdam,
1109 2583 1446 2644 foederatas
1490 2583 1597 2644 sed
1637 2584 1709 2645 ad
1741 2585 1971 2644 exitium
2003 2584 2237 2645 licentia

235 2667 610 2748 praecipites,
643 2667 912 2729 libertate
941 2668 1221 2747 privavit,
1254 2667 1399 2728 alias
1421 2676 1518 2729 aut
1540 2685 1678 2728 aere
1703 2669 1894 2728 alieno
1920 2667 2236 2728 laborantis

235 2752 484 2828 levavit,
528 2760 624 2812 aut
665 2761 857 2812 terrae
898 2761 1055 2812 motu
1103 2751 1417 2813 subversas
1451 2752 1640 2812 denuo
1671 2751 1951 2830 condidit,
1997 2761 2091 2813 aut
2118 2771 2235 2813 me·

232 2836 339 2896 rita
383 2853 525 2913 erga
565 2835 841 2914 populum
881 2836 954 2897 R.
998 2835 1341 2914 adlegantes
1377 2833 1677 2896 Latinitate
1721 2836 1817 2896 vel
1858 2837 2090 2897 civitate
2134 2836 2234 2898 do·
2255 2855 2308 2898 so

233 2919 409 2980 navit.
483 2917 612 2979 Nec
654 2927 769 2998 est,
819 2928 880 2979 ut
920 2920 1159 2998 opinor,
1209 2920 1545 2998 provincia,
1593 2927 1843 2999 excepta
1897 2919 2029 2980 dum
2080 2929 2240 2982 taxat

233 3001 437 3065 Africa
478 3013 537 3064 et
579 3003 874 3080 Sardinia,
925 3021 1094 3081 quam
1136 3020 1250 3063 non
1290 3002 1512 3064 adierit.
1590 3002 1656 3062 In
1702 3003 1807 3063 has
1848 3002 2053 3081 fugato
2097 3005 2236 3066 Sex.

236 3085 514 3164 Pompeio
550 3089 799 3149 traicere
831 3106 906 3147 ex
942 3086 1138 3147 Sicilia
1180 3094 1559 3166 apparantem
1602 3086 1907 3148 continuae
1953 3098 2012 3148 et
2041 3091 2236 3149 immo-

237 3167 402 3228 dicae
443 3177 818 3248 tempestates
857 3170 1248 3250 inhibuerunt,
1294 3188 1407 3231 nec
1456 3187 1594 3231 mox
1634 3172 1874 3232 occasio
1911 3180 2008 3232 aut
2063 3191 2249 3234 causa-

235 3250 533 3312 traiciendi
561 3252 685 3314 fuit.
1364 3283 1368 3287 v
2255 3272 2307 3315 ³⁵

148 3347 221 3404 48
358 3336 692 3413 Regnorum
750 3338 956 3417 quibus
986 3337 1128 3399 belli
1156 3339 1281 3400 iure
1329 3339 1545 3418 potitus
1593 3348 1717 3418 est,
1761 3348 1998 3419 praeter
2029 3358 2239 3420 pauca,

236 3428 333 3479 aut
372 3419 555 3480 isdem
601 3420 807 3499 quibus
848 3422 1143 3483 ademerat
1185 3422 1463 3500 reddidit,
1505 3432 1600 3485 aut
1643 3425 1984 3501 alienigenis
2030 3424 2239 3484 contri-

234 3500 375 3562 buit.
439 3503 644 3580 Reges
671 3505 870 3565 socios
912 3508 1082 3567 etiam
1117 3506 1267 3567 inter
1298 3516 1484 3567 semet
1509 3508 1677 3586 ipsos
1717 3507 2241 3568 necessitudinibus
