2553 3960
418 221 973 272 DEPERDITORUM
1015 221 1380 270 mmmmm
1430 222 1831 282 RELIQmAE.
2006 210 2122 270 301

124 382 363 462 propius
411 396 617 439 causas
658 378 941 437 liburnica
985 377 1447 456 praetendisset,
1521 394 1632 436 nec
1692 376 2131 436 adversantibus

125 466 312 525 ventis
350 480 614 523 remeare
639 470 875 540 posset,
907 462 964 519 vi
997 461 1254 538 pulveris
1281 478 1352 520 ac
1380 460 1617 520 favillae
1655 478 1977 539 oppressus
2019 469 2130 537 est,

125 545 223 609 vel
248 558 307 607 ut
319 546 549 626 quidam
574 547 946 605 existimanta
971 562 1147 605 servo
1178 562 1286 605 suo
1316 546 1572 620 occisus,
1605 561 1776 623 quem
1803 553 1970 605 aestu
1987 543 2130 603 deii-

129 634 291 693 ciens
321 641 381 691 ut
410 648 617 690 necem
638 629 747 689 sibi
770 638 1086 689 maturaret
1115 638 1405 689 oraverat.
1467 626 1573 689 Em
1604 626 2131 689 librisNaturalis

83 715 429 777 shistoriae
456 712 646 776 Plinii
672 712 854 774 Sacc.
900 710 994 773 XI
1000 711 1256 773 -ΧΥ,
1299 758 1313 773 .
1354 759 1368 773 .
1413 709 1505 772 De
1536 712 1652 772 hoc
1692 712 1877 772 refert
1923 713 2132 773 Sueto·

130 801 254 860 nius
287 798 652 876 Tranquillus
700 799 855 877 quod
886 797 1058 857 valde
1081 799 1316 857 miratur
1341 798 1525 856 virum
1554 796 1893 856 militaribus
1925 795 2136 856 officiis

130 884 381 944 deditum
411 891 564 942 tanta
596 899 951 960 componere
984 882 1247 960 potuisse
1279 881 1451 940 etiam
1481 882 1706 940 ratione
1739 882 1924 949 vitae3
1985 898 2134 955 nam,

129 977 191 1027 ut
221 967 358 1027 dicit
383 967 536 1028 idem
564 966 875 1027 Suetonius
907 966 961 1025 in
987 966 1139 1025 libro
1170 965 1243 1024 de
1270 964 1427 1024 Viris
1451 963 1793 1040 illustribus,
1826 965 1957 1024 dum
1986 964 2138 1024 idem

128 1051 345 1112 Plinius
374 1051 642 1127 legiones
672 1051 730 1109 in
761 1051 1016 1111 Siciliam
1045 1049 1323 1126 duceret,
1363 1050 1668 1127 eruptione
1699 1047 2023 1109 favillarum
2067 1048 2135 1107 ab

64 1152 111 1193 ιο
131 1136 316 1195 Aetna
346 1135 722 1195 eructantium
754 1134 1129 1213 praefocatus
1174 1133 1388 1193 interiit
1416 1149 1564 1192 anno
1593 1134 1749 1192 vitae
1793 1150 1933 1192 suae
1978 1132 2136 1209 quin·

133 1218 471 1298 quagesimo
515 1228 686 1278 sexto
731 1227 790 1278 et
831 1219 889 1277 in
926 1218 1125 1278 Sicilia
1158 1216 1483 1277 tumulatur.
1560 1213 1785 1277 Brevis
1816 1215 2138 1277 adnotatio

132 1302 212 1363 de
248 1301 488 1362 duobus
515 1300 734 1364 Plintis
763 1348 776 1362 .
799 1349 812 1362 .
833 1348 847 1361 .
878 1303 1139 1369 collecta
1174 1319 1290 1380 per
1319 1298 1616 1363 Ioannem
1641 1300 2140 1364 Mansionarium

140 1384 546 1447 veronensem
573 1388 771 1464 (armo
798 1386 1046 1447 circiter
1073 1383 1246 1465 1313)
1291 1385 1464 1463 apud
1492 1385 1899 1446 Rezzom’cum
1933 1393 1964 1444 1
1993 1402 2061 1464 p.
2083 1392 2136 1443 7.

274 1470 364 1519 His
410 1470 653 1520 librorum
699 1471 773 1520 de
828 1470 1016 1519 Viris
1065 1470 1452 1519 illustribus
1499 1470 1726 1533 reliquiis
1760 1470 1908 1519 certis
1955 1469 2141 1518 addere

68 1552 117 1593 15
133 1549 389 1603 tamquam
422 1553 514 1604 per
550 1547 773 1588 saturam
807 1539 927 1587 libet
965 1536 1238 1603 pafticulas
1282 1537 1472 1600 aliquot
1508 1536 1767 1598 chronici,
1813 1552 1938 1600 quas
1975 1545 2141 1586 utrum

136 1607 379 1659 Suetonio
414 1622 480 1656 an
520 1607 607 1656 alii
645 1607 817 1672 potius
852 1606 1086 1671 scriptori
1120 1605 1305 1655 debere
1327 1605 1669 1669 Hieronymus
1693 1606 1939 1655 dicendus
1974 1605 2039 1655 sit
2067 1604 2118 1653 di

135 1691 284 1726 verse
311 1676 473 1723 doctis
495 1676 661 1724 visum
688 1684 780 1724 est.

263 1741 527 1819 Nigidius
556 1739 828 1831 FiguluS‚
859 1740 1283 1817 Pythagoricus
1311 1750 1368 1801 et
1397 1758 1634 1819 magus,
1677 1743 1733 1802 in
1763 1741 1942 1801 exilio
1974 1742 2142 1800 mori·

67 1935 120 1976 20
138 1838 233 1889 tur
266 1832 828 1988 ἔξῖνςῖιίέξίρίοἰυε
856 1908 996 1967 iuris
1028 1908 1327 1968 consultus
1361 1918 1418 1968 et
1449 1909 1510 1971 P.
1544 1908 1827 1970 Servilius
1855 1908 2145 1970 Isauricus

138 1994 381 2076 publico
412 1994 616 2053 funere
653 1994 791 2054 elati
821 2010 881 2053 a.
919 2000 1048 2055 710.

261 2077 530 2158 Artorius
580 2077 840 2137 medicus
875 2076 1123 2154 Augusti
1154 2085 1288 2155 post
1317 2077 1616 2137 Actiacam
1660 2077 1961 2137 victoriam
2010 2095 2143 2136 nau-

136 2163 328 2240 fragio
365 2163 519 2240 perit
550 2178 609 2221 a.
646 2169 781 2221 725.
819 2168 954 2221 726.

266 2246 583 2305 Anaxilaus
628 2245 999 2323 Larissaeus,
1041 2244 1465 2322 Pythagoricus
1511 2255 1570 2306 et
1611 2263 1849 2322 magus,
1909 2244 1981 2304 ab
2032 2244 2145 2304 Au·

73 2358 123 2397 2⁵
143 2340 317 2409 gusto
357 2328 503 2388 urbe
533 2328 815 2406 Italiaque
848 2329 1085 2407 pellitur
1115 2347 1173 2389 a.
1213 2338 1348 2390 726.

269 2412 522 2487 Pylades
571 2409 753 2487 Cilix,
798 2413 1205 2490 pantomimu3‚
1269 2432 1397 2473 cum
1439 2421 1679 2472 veteres
1720 2411 1831 2491 ipsi
1876 2422 2151 2471 canerent

143 2508 318 2577 atque
351 2496 663 2570 saltarent,
699 2496 914 2572 primus
945 2495 1167 2556 Romae
1199 2496 1433 2557 chorum
1467 2507 1525 2556 et
1552 2496 1798 2556 fistulam
1831 2494 1942 2555 sibi
1983 2514 2149 2574 prae-

146 2584 343 2642 cinere
372 2580 515 2639 fecit
544 2595 603 2638 a.
637 2586 766 2639 732.
803 2586 929 2640 733.

270 2664 510 2724 Servius
553 2662 804 2722 Plautius
850 2663 970 2742 [al.
1018 2663 1286 2744 Plautus]
1347 2665 1604 2743 corrupti
1645 2664 1747 2724 filii
1792 2682 1931 2723 reus
1969 2673 2155 2723 semet

75 2752 201 2810 eoin
230 2746 443 2807 iudicio
476 2746 745 2806 interficit
776 2763 835 2806 a.
871 2754 1003 2807 777.

272 2831 465 2890 Iunius
498 2828 716 2907 Gallio,
750 2830 932 2890 frater
962 2831 1255 2910 Senecae,
1301 2833 1579 2910 egregius
1625 2833 1983 2893 declamator
2016 2849 2149 2910 pror

144 2916 274 2997 pria
307 2932 373 2974 se
415 2931 582 2974 manu
619 2915 909 2974 interfecit
939 2932 1000 2975 a.
1039 2923 1171 2976 817.
1202 2923 1338 2977 818.

271 2997 334 3059 L.
380 2997 655 3059 Annaeus
698 2998 962 3075 Seneca,
1005 2996 1436 3076 Cordubensis,
1498 3008 1855 3081 praeceptor
1904 2997 2156 3059 Neronis

148 3094 206 3144 et
240 3092 478 3162 patruus
507 3081 723 3142 Lucani
760 3092 973 3161 poetae
998 3084 1281 3143 incisione
1307 3102 1584 3144 venarum
1612 3092 1672 3142 et
1692 3099 1922 3142 veneno
1948 3083 2156 3144 hausto

80 3188 129 3230 85
148 3168 323 3246 periit
374 3185 433 3227 a.
489 3174 603 3228 818
637 3212 651 3226 .
688 3213 699 3225 .
735 3212 747 3224 .
789 3167 955 3227 Sotio
1027 3167 1410 3246 philosophus
1462 3166 1922 3245 Alexandrinus,
1989 3187 2158 3247 prae-

153 3258 362 3328 ceptor
390 3251 687 3327 Senecae,
721 3252 913 3310 clarus
957 3250 1202 3312 habetur
1230 3269 1291 3312 a.
1328 3260 1465 3314 765.
1501 3259 1635 3312 766.

277 3332 340 3396 L.
375 3338 647 3394 Annaeus
677 3334 894 3412 Melas,
928 3336 1193 3396 Senecae
1231 3337 1416 3396 frater
1445 3345 1504 3396 et
1537 3334 1840 3412 Gallionis,
1873 3336 2022 3396 bona
2053 3336 2156 3396 Lu-

154 3417 284 3475 cani
314 3426 526 3494 poetae
555 3417 654 3477 lilii
684 3420 772 3478 sui
802 3437 835 3479 a
863 3417 1097 3480 Nerone
1127 3428 1494 3500 promeretur
1527 3437 1586 3479 a.
1624 3426 1755 3479 821.
1789 3427 1923 3480 822.

287 3499 449 3559 Titus
479 3499 798 3563 Musonium
829 3500 1037 3564 Rufum
1063 3504 1135 3564 de
1168 3504 1346 3564 exilio
1380 3512 1622 3564 revocat
1652 3504 1710 3563 a.
1746 3510 1876 3564 833.
