2553 3960
446 221 1001 271 DEPERDITORUM
1043 221 1406 271 mmmmm
1450 223 1854 284 RELIQUIAE.
2027 208 2151 271 299

154 380 280 439 dius
324 386 499 457 poeta
531 378 588 435 in
623 376 801 436 exilio
831 377 985 455 perit
1020 385 1080 437 et
1109 377 1265 436 iuxta
1310 376 1583 455 oppidum
1617 374 1840 438 Tomos
1873 378 2155 458 sepelitur

202 470 388 523 ..770
424 468 553 521 771.

278 544 579 605 Philistina
600 544 1028 623 mimographus
1060 546 1293 605 natione
1322 544 1653 623 Magnesius
1679 543 1928 604 Asianus
1961 544 2151 605 clarus

151 630 400 691 habetur
426 628 645 689 Romae
677 645 738 688 a.
775 636 1106 689 759—761.

104 738 128 775 5
276 712 509 773 Persius
567 710 819 772 Flaccus
863 713 1129 773 satiricus
1182 720 1361 791 poeta
1401 713 1726 774 Volaterris
1784 713 2041 772 nascitur
2090 727 2150 771 a.

157 804 285 858 787.
325 803 442 857 788
490 839 505 855 .
552 839 567 853 .
610 838 625 853 .
676 796 909 856 Persius
951 796 1373 857 volaterranus
1402 798 1669 858 satiricus
1701 805 1875 877 poeta
1918 795 2154 856 moritur

151 897 299 941 anno
331 880 538 940 aetatis
568 897 710 940 suae
744 880 1030 957 vigesimo
1066 897 1220 940 nono
1250 897 1311 940 a.
1346 888 1481 941 815.
1513 889 1645 944 816.

191 986 205 999 “
292 978 411 1028 Vita
431 978 497 1027 A.
514 978 678 1029 Persii
690 979 855 1029 Flacci
881 978 1037 1045 vulgo
1061 978 1146 1029 hic
1170 980 1295 1045 poni
1321 980 1471 1030 solita
1499 995 1530 1029 a
1553 980 1700 1030 nobis
1725 979 1915 1029 omissa
1937 984 2031 1039 est,
2042 990 2156 1027 cum

149 1052 346 1097 veteres
370 1046 487 1096 libri
510 1047 574 1097 de
598 1048 956 1098 commentario
981 1048 1132 1098 Probi
1154 1048 1350 1099 Valerii
1375 1048 1625 1100 sublatam
1648 1048 2013 1099 demonstrent.

82 1146 131 1189 ιο
276 1132 350 1192 Μ.
383 1131 658 1193 Annaeus
691 1132 953 1193 Lucanus
970 1128 1366 1194 Cordubensis
1400 1143 1576 1212 poeta
1607 1135 1663 1194 in
1683 1132 1988 1194 Pisoniana
2017 1148 2152 1191 con-

149 1218 430 1277 iuratione
474 1216 873 1295 deprehensus
919 1216 1212 1278 brachium
1257 1218 1330 1278 ad
1369 1218 1653 1279 secandas
1696 1234 1879 1277 venas
1924 1215 2153 1275 medico

150 1299 416 1380 praebuit
449 1318 510 1362 α.
539 1308 669 1362 817.
707 1307 837 1361 818.

277 1384 309 1425 *
352 1385 385 1426 *
427 1384 459 1425 *
507 1386 686 1461 prima
727 1386 942 1461 ingenii
983 1386 1381 1464 experimenta
1436 1386 1493 1445 in
1537 1384 1865 1445 Neronis
1928 1383 2154 1443 laudi·

149 1467 286 1527 bus
335 1467 493 1527 dedit
540 1467 947 1545 quinquennali
971 1470 1308 1544 certamine,
1364 1468 1498 1528 dein
1561 1468 1798 1528 civile
1848 1467 2153 1543 bellum,

82 1559 129 1599 ¹⁶
150 1551 307 1629 quod
348 1569 379 1611 a
419 1551 696 1628 Pompeio
734 1560 794 1610 et
831 1548 1089 1611 Caesare
1130 1561 1359 1629 gestum
1402 1562 1524 1629 est,
1562 1552 1863 1626 recitavit,
1896 1560 1956 1610 ut
1986 1567 2154 1628 prae·

149 1635 367 1695 satione
402 1634 644 1714 quadam
673 1643 921 1694 aetatem
961 1643 1020 1694 et
1048 1636 1204 1695 initia
1235 1653 1341 1695 sua
1373 1653 1499 1695 cum
1530 1633 1778 1712 Virgilio
1815 1650 2155 1712 comparans

150 1736 321 1779 ausus
356 1719 431 1778 sit
463 1718 699 1778 dicere:

1193 1813 1246 1863 et
1270 1813 1538 1879 quantum
1565 1805 1700 1861 mihi
1723 1812 1896 1862 restat

480 1891 570 1946 Ad
598 1890 871 1948 Culicem?

74 1988 127 2029 20
147 1970 258 2032 Hic
281 1972 440 2030 initio
466 1969 923 2045 adolescentiae,
951 1988 1078 2029 cum
1103 1967 1178 2029 ob
1202 1969 1473 2030 infestum
1496 1968 1910 2030 matrimonium
1934 1976 2156 2048 patrem

145 2073 311 2116 suum
370 2056 487 2114 ruri
540 2072 720 2132 agere
782 2054 1120 2131 longissime
1188 2055 1566 2133 cognovisset
1621 2054 1654 2095 *
1684 2054 1716 2095 *
1749 2053 1781 2094 *
1845 2059 2156 2112 revocatus

144 2139 389 2200 Athenis
424 2137 725 2200 a'Nerone
756 2137 1101 2216 cohortique
1142 2139 1456 2199 amicorum
1497 2137 1724 2197 additus
1763 2144 1939 2214 atque
1986 2136 2156 2195 etiam

146 2232 457 2303 quaestura
487 2222 834 2299 honoratus,
865 2238 982 2281 non
1018 2230 1210 2282 tamen
1237 2223 1555 2302 permansit
1597 2221 1654 2281 in
1699 2222 1904 2298 gratia.
1966 2219 2154 2296 Siqui-

145 2308 281 2368 dem
324 2324 504 2384 aegre
546 2306 779 2382 ferenS,
823 2306 1103 2366 recitante
1150 2325 1217 2366 se
1254 2306 1444 2366 subito
1478 2323 1548 2366 ac
1577 2304 1736 2365 nulla
1766 2305 1874 2363 nisi
1908 2303 2153 2380 refrige-

76 2411 123 2451 25
146 2391 312 2451 randi
350 2391 436 2449 sui
461 2406 635 2450 causa
659 2388 874 2450 indicto
901 2399 1104 2450 senatu
1127 2391 1455 2452 recessisse
1471 2435 1488 2466 ,
1514 2405 1707 2468 neque
1729 2387 1927 2448 verbis
1950 2386 2155 2447 adver-

143 2494 246 2534 sus
285 2474 606 2553 principem
637 2490 829 2550 neque
861 2473 1030 2534 factis
1072 2474 1400 2535 extantibus
1444 2482 1583 2552 post
1608 2472 1757 2532 haec
1788 2471 2154 2549 temperavit,

143 2559 297 2620 adeo
340 2567 403 2618 ut
446 2556 731 2638 quondam
772 2557 830 2615 in
876 2556 1098 2616 latrinis
1144 2557 1396 2636 puhlicis
1443 2558 1692 2618 clariore
1738 2574 1865 2616 cum
1908 2553 2155 2632 strepitu

140 2642 365 2702 ventris
395 2642 590 2701 emissi
618 2639 1039 2701 hemistichium
1070 2639 1322 2713 Neronis
1348 2659 1554 2720 magna
1581 2656 1992 2701 consessorum
2016 2638 2154 2716 fuga

143 2727 554 2805 pronuntiarit:

74 2826 124 2867 30
455 2811 571 2869 Sub
605 2814 771 2868 terris
798 2815 1035 2869 tonuisse
1052 2820 1233 2885 putes.

141 2892 264 2953 Sed
298 2900 356 2951 et
390 2891 614 2952 famoso
650 2894 901 2953 carmine
941 2911 1069 2953 cum
1115 2895 1303 2972 ipsum
1331 2902 1449 2953 tum
1473 2894 1909 2972 potentissimos
1940 2892 2152 2951 amico-

140 2995 265 3037 rum
295 2977 641 3054 gravissime
678 2976 978 3055 proscidit.
1067 2977 1160 3037 Ad
1200 2987 1519 3038 extremum
1550 2995 1738 3056 paene
1779 2976 2023 3055 signifer
2065 2976 2152 3036 Pi·

141 3062 418 3122 sonianae
476 3062 885 3122 coniurationis
938 3061 1158 3137 extitit,
1205 3063 1417 3123 multus
1463 3063 1519 3121 in
1551 3062 1739 3139 gloria
1770 3059 2152 3137 tyrannicida·

142 3162 262 3205 rum
293 3145 483 3223 palam
512 3144 904 3222 praedicanda
934 3162 1005 3205 ac
1035 3146 1244 3225 plenus
1281 3147 1593 3222 minarum,
1628 3163 1812 3224 usque
1846 3162 1918 3205 eo
1949 3146 2152 3205 intem-

77 3245 357 3305 &sperans
401 3239 462 3289 ut
494 3226 767 3290 Caesaris
816 3237 989 3307 caput
1035 3232 1302 3309 proximo
1347 3229 1558 3308 cuique
1589 3231 1856 3290 iactaret.
1937 3228 2153 3289 Verum

146 3310 377 3372 detecta
433 3315 831 3373 coniuratione
890 3330 1256 3394 nequaquam
1310 3331 1510 3393 parem
1557 3314 1726 3374 animi
1775 3314 2154 3373 constantiam

144 3397 461 3471 praestitit3
502 3397 677 3457 facile
727 3398 877 3458 enim
922 3398 1231 3459 confessus
1263 3408 1323 3458 et
1352 3397 1424 3459 ad
1460 3397 1805 3458 humillimas
1842 3396 2152 3457 devolutus

144 3493 357 3552 preces
388 3488 625 3540 matrem
662 3498 896 3560 quoque
926 3482 1216 3543 innoxiam
1238 3483 1389 3543 inter
1420 3483 1618 3542 socios
1642 3481 1977 3558 nominavit,
2017 3497 2125 3557 spe
