2553 3960
271 225 394 287 292
617 175 622 180 .
796 225 857 273 c.
908 216 1235 271 summm
1288 207 1718 269 TRANQUILm

273 390 504 453 multum
534 402 598 444 se
638 380 859 441 miranti
894 375 1040 455 legit
1068 391 1130 434 a.
1148 376 1286 431 596.
1304 373 1466 428 597..
1485 409 1500 423 .
1522 362 1757 425 Publius
1775 359 2081 420 Terentius
2115 356 2284 433 Afer,

277 472 625 548 Carthagine
667 472 864 541 natus,
912 458 1114 523 serviit
1156 455 1383 516 Romae
1429 448 1704 509 Terentio
1736 445 1969 505 Lucano
2006 442 2283 517 senatori,

275 579 307 621 a
339 573 452 636 quo
486 553 561 614 ob
591 550 880 628 ingenium
915 554 973 605 et
1005 544 1250 604 formam
1291 553 1406 596 non
1448 534 1739 594 institutus
1767 528 1940 588 modo
1968 526 2288 587 liberaliter

276 641 381 704 sed
412 649 470 699 et
497 644 717 698 mature
743 630 1121 693 manumissus
1151 631 1262 683 est.
1356 617 1597 698 Quidam
1629 623 1859 695 captum
1903 630 2038 673 esse
2085 612 2284 671 existi·

276 734 463 800 mant,
494 718 648 800 quod
678 717 804 778 lieri
846 713 1005 775 nullo
1036 707 1209 771 modo
1241 704 1508 784 potuisse
1537 698 1877 761 Fenestella
1910 697 2116 771 docet,
2162 711 2290 754 cum
2312 712 2338 752 ε

276 812 425 871 inter
459 805 631 865 linem
664 799 901 863 secundi
930 795 1127 858 Punici
1158 789 1305 851 belli
1349 799 1407 848 et
1452 787 1667 846 initium
1718 783 1871 843 tertii
1918 790 2081 841 natus
2126 780 2199 839 sit
2233 787 2291 837 et

278 902 563 957 mortuus;
602 905 714 946 nec
759 886 809 945 si
838 902 873 944 a
905 879 1164 942 Numidis
1196 883 1256 935 et
1293 872 1553 934 Gaetulis
1585 877 1788 947 captus
1821 867 1928 942 sit,
1975 865 2046 925 ad
2083 864 2290 924 ducem

278 978 596 1038 Romanum
620 969 931 1049 pervenire
965 964 1260 1044 potuisse,
1296 956 1458 1017 nullo
1497 951 1849 1016 commercio
1880 952 2030 1011 inter
2050 948 2290 1009 Italicos

282 1071 343 1121 et
364 1059 540 1119 Afros
566 1055 674 1115 nisi
702 1060 837 1131 post
861 1050 1113 1111 deletam
1143 1042 1554 1118 Carthaginem
1576 1046 1813 1116 coepto.
1859 1034 1967 1095 Hic
2000 1051 2127 1093 cum
2149 1031 2289 1091 mul-

282 1148 355 1205 tis
381 1139 669 1201 nobilibus
698 1135 1052 1197 familiariter
1075 1129 1252 1204 vixit,
1284 1125 1394 1186 sed
1416 1123 1660 1183 maxime
1687 1139 1815 1181 cum
1838 1119 2113 1198 Scipione
2138 1115 2291 1176 Arri·
2315 1138 2365 1179 ιο

288 1244 433 1287 cano
471 1233 529 1283 et
568 1220 635 1281 G.
664 1220 883 1279 Laelio.
975 1213 1197 1289 Quibus
1229 1213 1401 1270 etiam
1438 1207 1704 1285 corporis
1734 1206 1920 1283 gratia
1952 1202 2297 1263 conciliatus

286 1309 674 1381 existimatur,
737 1300 893 1381 quod
943 1308 1003 1360 et
1040 1300 1228 1377 ipsum
1272 1291 1613 1354 Fenestella
1658 1290 1880 1367 arguit,
1937 1285 2298 1347 contendens

286 1404 532 1470 utroque
583 1388 857 1447 maiorem
900 1392 1032 1444 natu
1082 1382 1301 1455 fuisse,
1356 1376 1616 1457 quamvis
1665 1382 1722 1434 et
1767 1371 1972 1451 Nepos
2017 1368 2299 1447 aequales

290 1494 488 1537 omnes
532 1474 712 1533 fuisse
755 1468 942 1530 tradat
973 1476 1031 1527 et
1059 1464 1304 1526 Porcius
1333 1460 1728 1540 suspicionem
1762 1456 1836 1517 de
1876 1453 2296 1516 consuetudine

290 1579 397 1641 per
425 1560 572 1620 haec
603 1556 805 1616 faciat:
2321 1566 2370 1606 15

409 1650 556 1705 Dum
582 1645 860 1700 lasciviam
889 1641 1145 1697 nobilium
1172 1644 1224 1694 et
1256 1635 1450 1692 laudes
1472 1634 1707 1706 fiucosas
1726 1631 1883 1703 petit,

407 1734 555 1789 Dum
585 1728 847 1800 Africani
869 1739 1048 1781 vocem
1079 1723 1318 1779 divinam
1343 1718 1520 1774 inhiat
1545 1717 1718 1773 avidis
1751 1713 2000 1779 auribus,

414 1817 556 1873 Dum
586 1813 664 1867 ad
689 1810 909 1866 Philum
935 1822 995 1863 se
1024 1808 1268 1863 cenitare
1296 1809 1346 1860 et
1372 1803 1619 1859 Laelium
1640 1799 1938 1872 pulchrum
1959 1802 2141 1869 putat,

414 1901 561 1956 Dum
591 1911 651 1952 se
680 1896 866 1950 amari
890 1893 959 1947 ab
992 1892 1077 1947 his
1107 1889 1284 1946 credit
1509 1878 1545 1915 *
1849 1874 1885 1912 *
2027 1907 2041 1936 .-

496 1975 530 2012 *
615 1969 809 2035 crebro
837 1980 894 2032 in
924 1975 1195 2031 Albanum
1225 1974 1452 2044 rapitur
1480 1969 1546 2026 ob
1566 1970 1763 2042 florem
1792 1969 1987 2023 aetatis
2013 1980 2164 2022 suae.
2318 1975 2369 2016 2⁰

416 2067 552 2122 Post
575 2064 800 2120 sublatis
827 2061 992 2116 rebus
1021 2060 1099 2114 ad
1121 2074 1392 2115 summam
1421 2056 1661 2126 inopiam
1692 2053 1952 2109 redactus
1984 2056 2079 2106 est.

412 2150 610 2220 Itaque
630 2162 661 2202 e
679 2149 970 2216 conspectu
992 2146 1230 2199 omnium
1261 2141 1375 2197 abit
1399 2140 1691 2196 Graeciam
1712 2139 1771 2192 in
1790 2142 2003 2192 terram
2038 2137 2304 2199 ultimam,

417 2234 696 2288 Mortuust
723 2228 1068 2302 Stymphala,
1097 2227 1376 2282 Arcadiae
1403 2226 1461 2279 in
1490 2224 1709 2294 oppido.
1769 2221 1866 2276 Nil
1889 2220 2118 2277 Publius

420 2317 603 2388 Scipio
621 2314 871 2386 profuit,
901 2314 982 2368 nil
1005 2314 1086 2367 illi
1111 2310 1362 2374 Laeana,
1391 2310 1474 2363 nil
1498 2308 1728 2376 Furius,
1982 2300 1995 2307 “

426 2401 563 2456 Tres
582 2414 696 2470 per
723 2398 782 2453 id
808 2404 1016 2468 tempus
1042 2398 1137 2468 qui
1165 2393 1446 2467 aqitabant
1472 2392 1678 2448 nobiles
1702 2390 1984 2463 facillime.
2325 2408 2377 2448 25

416 2485 626 2540 Eorum
657 2484 747 2538 ille
773 2497 948 2553 opera
973 2495 1045 2536 ne
1077 2480 1291 2548 domum
1319 2478 1535 2549 quidem
1562 2476 1752 2530 habuit
1776 2474 2186 2540 continetiam,

416 2568 619 2624 Saltem
650 2571 709 2622 ut
733 2572 875 2621 esset
899 2581 1004 2636 quo
1033 2562 1279 2634 referret
1308 2561 1503 2617 obitum
1532 2561 1739 2616 domini
1760 2559 2033 2614 servulus,

459 2648 704 2724 Scripsit
758 2644 1091 2704 comoedias
1145 2661 1254 2701 sex
1274 2687 1290 2714 ,
1351 2659 1426 2700 ex
1479 2640 1685 2718 quihus
1738 2639 1977 2716 primam
2027 2634 2309 2695 Andriam

291 2750 422 2792 cum
454 2729 737 2790 aedilibus
770 2729 965 2802 daret,
999 2728 1192 2786 iussus
1220 2734 1353 2785 ante
1379 2722 1642 2783 Caecilio
1675 2724 1959 2795 recitare,
1993 2720 2065 2780 ad
2089 2737 2309 2780 cenan-

294 2825 409 2875 tem
455 2833 582 2874 cum
626 2814 917 2887 venisset,
961 2811 1149 2871 dictus
1199 2819 1289 2869 est
1330 2809 1546 2868 initium
1579 2807 1810 2886 quidem
1839 2804 2099 2881 fabulae,
2144 2804 2380 2883 quodso

295 2908 421 2960 erat
465 2898 891 2975 contemptiore
926 2896 1175 2971 vestitu,
1225 2893 1508 2954 subsellio
1543 2894 1700 2953 iuxta
1729 2890 2005 2951 lectulum
2038 2889 2310 2949 residens

293 2983 551 3059 legisse,
597 2990 735 3065 post
790 2997 1010 3060 paucos
1055 2995 1200 3038 vero
1251 2996 1459 3037 versus
1502 2977 1773 3037 invitatus
1821 2983 1883 3033 ut
1926 2971 2311 3034 accumberet

295 3084 541 3126 cenasse
567 3085 709 3145 una,
743 3065 875 3125 dein
907 3072 1108 3124 cetera
1140 3063 1586 3141 percucurrisse
1616 3076 1732 3119 non
1764 3059 1891 3117 siue
1921 3075 2128 3136 magna
2154 3054 2308 3117 Cae-

298 3149 411 3208 cilii
454 3149 847 3209 admiratione.
915 3147 990 3207 Et
1042 3147 1190 3206 banc
1244 3154 1434 3205 autem
1486 3153 1547 3205 et
1599 3145 1851 3223 quinque
1901 3143 2160 3220 reliquas
2208 3159 2310 3201 ae-

298 3231 548 3309 qualiter
585 3234 805 3311 populo
850 3232 1154 3311 probavit,
1201 3231 1462 3310 quamvis
1502 3229 1804 3289 Vulcatius
1847 3225 2380 3286 dinumerationem

298 3315 545 3374 omnium
575 3317 651 3374 ita
688 3316 937 3376 scribat:
1028 3326 1037 3334 ·

601 3401 860 3457 Sumetur
879 3403 1110 3476 Hecyra
1139 3407 1304 3458 sexta
1333 3416 1409 3458 ex
1433 3401 1521 3457 his
1548 3399 1766 3473 fabula.

301 3473 610 3534 Eunuchus
656 3479 883 3555 quidem
924 3482 1013 3541 bis
1055 3482 1149 3541 die
1193 3490 1321 3541 acta
1368 3490 1458 3540 est
1486 3480 1813 3559 meruitque
1845 3478 2092 3558 pretium
2127 3495 2284 3555 quan
