2553 3960
968 228 1176 281 mvos
1218 231 1467 282 muns.
2188 218 2225 283 ‘1

204 383 458 444 Cimbris
488 392 668 461 atque
697 382 1006 462 Teutonis,
1037 384 1177 446 olim
1205 404 1239 446 a
1260 385 1421 447 Sulla
1441 387 1709 463 disiecta,
1741 389 2019 465 restituit,
2052 397 2227 467 atque

202 477 261 534 in
306 472 644 534 exercenda
680 470 755 531 de
798 472 1003 530 sicaris
1048 472 1392 548 quaestione
1451 489 1557 532 eos
1610 489 1846 550 quoque
1894 474 2235 535 sicariorum

203 573 447 618 numero
484 555 718 632 habuit,
764 554 865 633 qui
902 556 1334 633 proscriptione
1372 555 1449 615 ob
1492 555 1678 616 relata
1711 557 1919 616 civium
1941 558 2229 619 Romano-

205 661 329 702 rum
366 641 560 719 capita
605 640 890 719 pecunias
931 656 1007 698 ex
1040 640 1271 699 aerario
1320 649 1703 720 acceperant,
1750 658 2094 719 quamquam
2129 661 2228 703 ex-

153 748 181 788 s
208 735 421 805 ceptos
453 723 726 785 Cornelis
770 722 1022 801 legibus.
1089 723 1441 784 Subornavit
1477 726 1650 802 etiam
1681 725 1778 802 qui
1810 724 1954 785 Gaio
1986 725 2224 787 Rabirio
2252 742 2316 796 12

207 808 632 889 perduellionis
676 808 828 868 diem
870 807 1127 884 diceret,
1174 825 1290 887 quo
1335 809 1655 888 praecipuo
1704 808 1968 869 adiutore
2010 810 2232 889 aliquot
2321 875 2326 880 Α

205 904 341 955 ante
369 910 558 953 annos
578 892 719 952 Luci
749 892 1036 952 Saturnini
1060 890 1401 954 seditiosum
1424 893 1774 960 tribunatum
1800 903 2037 955 senatus
2061 913 2229 955 coer·
2291 945 2294 950 ,

207 986 447 1060 cueratA
480 996 551 1037 ac
583 985 743 1036 sorte
775 975 951 1036 iudex
979 977 1037 1035 in
1059 994 1222 1035 reum
1251 976 1459 1037 ductus
1486 985 1602 1037 tam
1635 978 1845 1056 cupide
1884 979 2230 1040 condemna·

206 1063 317 1139 vit,
352 1070 413 1121 ut
443 1060 517 1120 ad
549 1060 828 1139 populum
854 1062 1203 1139 provocanti
1243 1060 1387 1121 nihil
1429 1079 1620 1140 aeque
1653 1079 1723 1122 ac
1768 1061 1973 1123 iudicis
2003 1063 2227 1125 acerbi-

139 1161 186 1200 ιο
206 1155 300 1207 tas
331 1145 639 1224 profuerit.
684 1144 971 1222 Deposita
1001 1144 1342 1223 provinciae
1371 1163 1480 1224 spe
1505 1147 1900 1224 pontificatum
1924 1150 2229 1210 maximnm
2249 1158 2316 1212 13

204 1232 390 1310 petit,
427 1245 546 1288 non
570 1230 695 1290 sine
730 1228 1130 1307 profusissima
1163 1228 1505 1307 largitione;
1555 1230 1614 1290 in
1649 1248 1762 1309 qua
1803 1242 2084 1311 reputans
2112 1251 2228 1293 ma·

202 1312 566 1393 gnitudinem
614 1315 773 1374 aeris
803 1313 1006 1391 alieni,
1052 1332 1179 1374 cum
1218 1331 1388 1373 mane
1431 1313 1504 1374 ad
1541 1317 1770 1375 comitia
1817 1316 2227 1394 descenderet,

207 1397 579 1477 praedixisse
609 1398 776 1458 matri
807 1398 1092 1458 osculanti
1114 1397 1328 1474 fertur,
1361 1397 1607 1460 domum
1632 1415 1704 1459 sc
1727 1399 1855 1460 nisi
1878 1401 2231 1478 pontificem

201 1501 330 1543 non
359 1499 777 1542 reversurum.
830 1480 1025 1560 Atque
1060 1482 1141 1541 ita
1160 1484 1600 1559 potentissimos
1631 1483 1778 1543 duos
1808 1486 2228 1563 competitores

139 1579 186 1619 ιι
202 1566 563 1665 multumque
596 1575 656 1626 et
691 1573 882 1625 aetate
925 1575 984 1625 et
1026 1564 1308 1642 dignitate
1337 1567 1755 1628 antecedentes
1794 1570 2125 1646 superavit,
2170 1577 2229 1628 ut

208 1650 376 1728 plura
409 1651 540 1728 ipse
586 1651 642 1708 in
683 1665 884 1709 eorum
916 1648 1179 1754 tribubus
1209 1651 1489 1728 suffragia
1530 1669 1702 1729 quam
1731 1660 1978 1730 uterque
2012 1653 2068 1710 in
2107 1669 2226 1712 om·

204 1733 374 1793 nibus
403 1733 620 1793 tulerit.

329 1817 577 1878 Praetor
623 1826 885 1894 creatus,
940 1816 1171 1878 detecta
1217 1820 1619 1880 coniuratione
1663 1819 1947 1882 Catilinae
1989 1830 2313 1892 senatu-14

203 1920 319 1982 que
362 1902 639 1961 universo
682 1902 739 1960 in
781 1903 980 1964 socios
1023 1902 1302 1963 facinoris
1340 1903 1592 1964 ultimam
1626 1913 1916 1965 statuente
1950 1923 2222 1985 poenam,

133 2003 185 2044 a
205 1987 375 2048 solus
403 1987 797 2065 municipatim
835 1987 1179 2048 dividendos
1204 1988 1740 2068 custodiendosque
1772 1989 2083 2068 publicatis
2119 1990 2223 2052 bo·

202 2073 294 2132 nis
328 2072 577 2132 censuit.
639 2071 791 2145 Quin
820 2081 878 2131 et
910 2080 1126 2132 tantum
1158 2081 1372 2133 metum
1401 2074 1600 2134 iniecit
1645 2075 1947 2153 asperiora
1979 2075 2223 2136 suaden-

202 2156 393 2232 tibus,
447 2154 760 2215 identidem
798 2164 1099 2216 ostentans
1142 2167 1353 2236 quanta
1384 2174 1492 2218 eos
1534 2159 1592 2217 in
1627 2168 1926 2237 posterum
1965 2178 2001 2220 a
2045 2158 2224 2239 plebe

200 2241 470 2301 Romana
517 2249 778 2300 maneret
809 2240 1050 2317 invidia,
1084 2249 1146 2301 ut
1171 2241 1472 2301 Decimum
1501 2242 1760 2303 Silanum
1799 2244 2098 2305 consulem
2125 2243 2223 2304 de-

202 2326 498 2401 signatum
550 2340 666 2383 non
712 2325 968 2402 piguerit
1007 2327 1351 2386 sententiam
1393 2345 1588 2404 suam,
1637 2328 1771 2406 quia
1800 2337 2022 2389 mutare
2051 2337 2222 2407 turpe

127 2418 184 2462 a
204 2416 366 2484 erat,
409 2409 892 2487 interpretatione
929 2408 1152 2486 lenire,
1195 2410 1357 2471 velut
1403 2412 1645 2488 gravius
1688 2420 1864 2490 atque
1907 2414 2037 2491 ipse
2092 2430 2222 2472 sen-

203 2494 384 2553 sisset
412 2502 740 2571 exceptam.
782 2491 1140 2553 obtinuisset
1159 2493 1347 2571 adeo,
1376 2494 1726 2555 transductis
1750 2496 1860 2555 iam
1893 2497 1965 2557 ad
1999 2514 2066 2555 se
2097 2496 2223 2576 plu·

200 2576 368 2636 ribus
400 2584 464 2635 et
505 2577 564 2635 in
596 2575 687 2636 his
718 2575 1007 2638 Cicerone
1040 2578 1301 2639 consulis
1329 2578 1543 2656 fratre,
1588 2580 1700 2639 nisi
1743 2577 2033 2639 labantem
2069 2579 2222 2639 ordi-

200 2679 342 2720 nem
375 2661 779 2721 confirmasset
806 2661 883 2723 M.
916 2659 1156 2722 Catonis
1198 2663 1408 2722 oratio.
1468 2662 1560 2722 Ac
1596 2681 1673 2722 ne
1716 2662 1805 2722 sic
1851 2663 2081 2740 quidem
2124 2665 2222 2722 im-

203 2745 413 2823 pedire
448 2763 570 2804 rem
601 2745 852 2822 destitit,
887 2746 1079 2825 quoad
1108 2766 1310 2808 manus
1332 2749 1585 2825 equitum
1613 2748 2037 2824 Romanorum,
2073 2764 2224 2825 quae

127 2839 183 2881 ⁸·
207 2837 430 2890 armata
464 2829 741 2907 praesidii
788 2847 962 2890 causa
1007 2830 1444 2909 circumstabat,
1488 2831 1901 2893 inmoderatius
1944 2849 2223 2911 perseve-

200 2913 352 2973 ranti
382 2930 589 2972 necem
625 2915 966 2975 comminata
998 2925 1116 2992 est,
1160 2916 1331 2976 etiam
1374 2917 1610 2977 strictos
1651 2915 1885 2995 gladios
1924 2934 2108 2995 usque
2149 2932 2223 2975 eo

201 2998 517 3073 intentans,
533 3005 595 3056 ut
620 2996 920 3058 sedentem
940 3017 1051 3059 una
1071 3001 1321 3078 proximi
1342 3000 1725 3078 deseruerint,
1747 3002 1847 3061 vix
1872 3001 2044 3079 pauci
2070 3017 2223 3062 com·

200 3080 383 3158 plexu
410 3089 672 3160 togaque
707 3080 940 3143 obiecta
965 3086 1346 3162 protexerint.
1398 3084 1561 3146 Tunc
1584 3085 1759 3165 plane
1779 3084 2088 3146 deterritus
2108 3103 2226 3146 non

197 3163 374 3224 modo
411 3166 627 3242 cessit,
672 3165 779 3226 sed
813 3174 871 3225 et
899 3167 956 3224 in
990 3167 1275 3246 reliquum
1316 3170 1448 3228 anni
1479 3178 1710 3249 tempus
1746 3169 1904 3230 curia
1933 3169 2223 3230 abstinuit.

127 3256 180 3299 δ
329 3248 523 3310 Primo
556 3259 867 3328 praeturae
909 3249 1001 3310 die
1033 3252 1304 3327 Quintum
1327 3251 1592 3314 Catulum
1635 3253 1708 3313 de
1748 3253 2073 3315 refectione
2108 3254 2215 3315 Ca·
2243 3263 2310 3314 15

198 3330 368 3413 pituli
398 3332 468 3392 ad
491 3332 954 3411 disquisitionem
978 3336 1182 3415 populi
1200 3338 1470 3412 vocavit,
1501 3337 1811 3415 rogatione
1830 3338 2220 3418 promulgata,

198 3434 315 3497 qua
345 3418 709 3479 curationem
731 3435 858 3478 eam
888 3418 946 3477 in
977 3418 1150 3480 alium
1170 3420 1589 3491 transferebat;
1630 3440 1829 3482 verum
1860 3424 2046 3501 impar
2074 3421 2223 3498 opti·

197 3502 431 3563 matium
461 3502 924 3581 conspirationi,
958 3521 1108 3583 quos
1142 3504 1353 3565 relicto
1384 3506 1576 3565 statim
1606 3522 1888 3566 novorum
1919 3502 2220 3564 consulum
