2553 3960
941 292 1355 342 PRAEFATIO.
1818 296 2061 344 Lxxvn

230 453 495 512 intimem.
589 453 678 506 Me
725 451 940 522 quidem
991 453 1461 509 contradicentem
1504 471 1612 510 non
1646 456 1904 525 habebit,
1955 453 2049 526 qui

235 543 412 594 totum
442 552 657 608 corpus
688 534 995 591 Latinarum
1023 536 1332 591 litterarum
1371 537 1644 594 historiae
1677 539 2048 594 Suetonianae

240 626 457 693 septem
492 615 588 675 vel
620 624 750 674 octo
778 618 988 675 libellis
1020 619 1343 675 constitisse
1376 620 1484 676 sibi
1520 620 1881 693 persuaserit.

363 703 629 759 Fortasse
669 708 899 772 quaerat
935 701 1136 773 aliquis
1173 702 1373 774 ecquid
1416 711 1600 760 exstet
1637 704 1866 774 indicii,
1904 705 2051 760 unde

245 788 472 842 eluceat
521 802 632 856 quo
675 784 1022 856 potissimum
1072 790 1323 857 tempore
1368 786 1669 844 Suetonius
1715 790 1819 844 bos
1871 788 2054 845 libros.

244 869 497 925 edidisse
542 869 831 934 videatur3
890 884 1069 939 neque
1113 869 1602 939 praetermittenda
1643 877 1770 927 sunt
1798 888 1938 942 quae
1980 873 2052 927 ad

244 969 367 1008 eam
408 968 526 1007 rem
572 950 985 1007 diiudicandam
1026 950 1361 1022 pertineant.
1451 952 1613 1018 Quod
1660 954 1710 1010 si
1756 954 2049 1010 illustrium

242 1036 495 1091 virorum
534 1036 602 1090 ab
643 1034 745 1090 illo
786 1034 1118 1106 scriptorum
1161 1040 1345 1090 aetate
1386 1042 1697 1106 postremos
1745 1037 2050 1093 contuleri-

240 1134 365 1174 mus
397 1134 519 1173 cum
548 1117 620 1173 iis
651 1132 791 1187 quos
823 1132 933 1172 non
965 1116 1214 1187 scripsit,
1246 1117 1538 1188 probabile
1566 1119 1831 1176 iudicium
1859 1122 2046 1177 facere

244 1200 592 1264 videbimur3
646 1201 899 1257 vivorum
953 1200 1097 1255 enim
1145 1200 1459 1256 nominibus
1508 1209 1565 1257 et
1604 1203 1737 1259 vitis
1787 1204 2051 1261 abstinuit

241 1284 594 1341 necessario.

375 1366 836 1424 Commemoravit
871 1366 1046 1437 igitur
1102 1383 1158 1437 p.
1195 1372 1299 1426 272
1346 1366 1772 1439 Quintilianum,
1814 1371 2047 1440 Isaeum,

240 1450 442 1507 lulium
474 1452 729 1508 Tironem
756 1451 1034 1519 rhetores,
1067 1465 1206 1519 quos
1233 1455 1523 1522 antequam
1552 1452 1682 1508 libri
1715 1454 1785 1509 de
1811 1454 2051 1510 lllustri-

242 1535 350 1591 διε
380 1535 520 1591 viris
552 1535 848 1591 ederentur
881 1533 1026 1589 diem
1056 1531 1248 1589 obisse
1286 1540 1527 1605 oportet.
1613 1535 1727 1591 lam
1755 1535 2048 1601 Quintilia-

242 1634 349 1674 nus
378 1619 469 1673 vel
503 1612 821 1674 Domitiano
841 1617 932 1672 vel
960 1615 1141 1671 Nerva
1172 1616 1481 1688 imperante
1512 1617 1627 1673 fato
1657 1615 2050 1692 concessit⁸²),

242 1701 441 1758 lsaens
473 1703 577 1757 sub
609 1699 770 1756 initia
799 1699 1145 1771 principatus
1162 1699 1383 1755 Traiani
1416 1716 1611 1755 annum
1643 1700 2049 1771 sexagesimum

241 1790 574 1840 excesserat
596 1789 740 1839 teste
773 1782 950 1838 Plinio
987 1781 1149 1854 epist.
1175 1789 1230 1852 2,
1254 1790 1310 1852 3,
1342 1789 1395 1840 5.
1430 1782 1536 1837 cfr.
1569 1783 1846 1840 luvenalis
1868 1791 1922 1855 3,
1948 1790 2046 1850 743

244 1869 441 1923 lulium
480 1867 759 1936 Tironem,
799 1882 959 1937 quem
1003 1866 1251 1921 nonnulli
1297 1865 1552 1936 imperite
1591 1883 1709 1921 cum
1760 1867 2047 1926 Ciceronis

242 1951 454 2008 liberto
489 1946 622 2024 (cfr.
663 1967 719 2023 p.
751 1955 874 2020 289,
911 1943 1008 2021 14)
1043 1950 1428 2014 confuderunt,
1463 1949 1607 2007 idem
1637 1950 1846 2006 Plinius
1883 1952 2045 2024 epist.

238 2040 309 2105 6,
352 2042 421 2095 31
464 2042 734 2092 mortuum
767 2050 894 2089 esse
938 2032 1109 2087 tradit
1138 2050 1259 2089 cnm
1294 2033 1561 2090 Traianus
1593 2034 1647 2089 in
1676 2035 1847 2091 Dacia
1879 2043 2049 2106 esset,

241 2119 283 2173 i.
321 2135 374 2177 e.
414 2135 555 2174 anno
589 2125 689 2178 105
718 2118 809 2172 vel
845 2122 966 2176 106.
1009 2115 1151 2171 Hinc
1185 2116 1496 2172 certissime
1528 2118 1798 2189 sequitur,
1830 2124 1890 2173 ut
1922 2126 2051 2190 post

242 2218 443 2257 annum
474 2207 574 2261 106
609 2201 666 2255 hi
699 2199 832 2255 libri
863 2199 998 2255 editi
1029 2200 1159 2255 sint.

370 2284 525 2341 Nunc
559 2284 853 2340 videndum
884 2284 953 2340 de
988 2282 1061 2339 iis
1094 2297 1234 2354 quos
1269 2283 1621 2355 Tranquillus
1652 2300 1761 2339 non
1796 2284 2044 2357 scripsit.

240 2368 447 2424 Eorum
478 2374 596 2423 tres
620 2363 868 2436 nomino,
902 2367 1220 2422 Iuvenalem
1251 2367 1497 2422 Tacitum
1530 2367 1759 2422 Plinium
1773 2360 1866 2440 ⁸³).
1952 2368 2043 2423 lu-

240 2451 459 2508 venalis
496 2450 774 2519 vitarum,
821 2467 958 2521 quas
1011 2449 1190 2505 editas
1242 2450 1371 2505 vide
1421 2451 1565 2521 apud
1609 2449 1863 2506 Ottonem
1913 2452 2046 2507 lahn

240 2540 437 2606 p.386,
464 2535 667 2589 nullam
698 2533 952 2589 Suetonii
982 2547 1049 2588 ac
1084 2549 1152 2587 ne
1182 2532 1322 2588 satis
1344 2533 1564 2604 quidem
1591 2540 1864 2589 vetustam
1894 2551 2045 2604 esse,

238 2618 349 2674 inm
386 2617 529 2672 inter
565 2633 758 2674 omnes
786 2622 1032 2681 constat;
1062 2616 1318 2686 singulae
1350 2616 1494 2670 enim
1525 2616 1649 2686 plus
1682 2615 1932 2672 minusve
1964 2618 2048 2673 l'a-

238 2703 478 2757 bulosae
518 2707 647 2757 sunt
689 2706 745 2755 et
783 2699 932 2755 nulla
976 2698 1083 2754 lide
1116 2698 1352 2768 dignae,
1393 2713 1514 2752 cum
1566 2698 1637 2753 de
1677 2698 1799 2768 ipsa
1843 2705 2045 2770 poetae

239 2790 425 2841 aetate
463 2788 688 2840 taceant
726 2789 819 2839 aut
862 2782 1001 2838 falsa
1049 2781 1303 2851 tradant,
1355 2796 1515 2851 quem
1564 2797 1615 2836 a.
1661 2786 1760 2841 127
1805 2781 1861 2837 in
1902 2781 2047 2839 vivis

375 2977 468 3044 62)
500 2979 649 3029 Falso
683 2980 932 3030 viventem
957 2978 1186 3029 nonnulli
1216 2994 1246 3029 a
1281 2978 1440 3029 Plinio
1472 2987 1522 3029 et
1556 2981 1793 3032 Iuvenale
1826 2994 2045 3030 comme·

237 3048 427 3099 morari
458 3048 743 3099 voluerunt.
813 3047 1042 3097 Pliniana
1071 3047 1283 3112 epistola
1314 3047 1375 3107 6,
1417 3047 1486 3099 32
1519 3049 1565 3099 si
1601 3065 1719 3101 vere
1751 3049 1816 3098 ad
1849 3048 2045 3107 Quinti·

239 3117 428 3170 lianum
468 3116 586 3166 data
632 3123 735 3176 est,
788 3114 915 3165 nihil
965 3129 1149 3164 causae
1186 3124 1397 3181 apparet
1438 3133 1528 3167 cur
1567 3119 1631 3169 de
1679 3117 1832 3168 Fabio
1876 3118 2044 3182 magis

239 3200 390 3249 qnam
420 3186 487 3236 de
519 3184 682 3235 Nonio
712 3185 969 3250 capiatur3
1017 3182 1267 3233 rhetorem
1302 3185 1472 3235 omnia
1501 3187 1807 3249 excludunt,
1863 3184 1956 3235 cfr.
1989 3186 2040 3247 2,

242 3254 321 3314 14,
360 3253 412 3305 9.
458 3253 510 3314 6,
543 3253 604 3313 6,
632 3252 682 3304 3.
755 3251 1008 3302 Iuvenalis
1046 3251 1188 3303 locus
1223 3254 1272 3311 7,
1309 3252 1408 3304 189
1440 3254 1504 3303 de
1541 3262 1737 3305 mortuo
1767 3254 1893 3321 agit,
1929 3268 2043 3304 cnm

235 3321 321 3373 llle
356 3336 460 3373 non
494 3321 654 3372 soleat
695 3321 793 3372 nisi
827 3327 1054 3371 mortuos
1085 3335 1313 3387 carpere.

373 3406 470 3470 63)
513 3406 643 3456 Nam
670 3407 733 3457 de
765 3404 936 3456 Salvio
967 3405 1163 3456 Iuliano
1200 3413 1248 3455 et
1287 3406 1538 3456 Frontone
1571 3414 1619 3456 et
1650 3406 1881 3472 Ulpiano,
1913 3419 2041 3469 quos

236 3473 520 3539 Benmnn,
564 3474 717 3526 oeedo
748 3483 802 3525 nt
834 3474 1177 3525 centenarium
1214 3488 1479 3524 numerum
1514 3475 1801 3539 compleret,
1838 3480 2036 3537 postre-

236 3556 346 3594 mos
384 3543 532 3606 lecit,
574 3543 905 3606 Hieronymus
934 3542 1231 3609 Eutropium
1271 3542 1358 3593 lib.
1401 3541 1528 3591 v111.
1557 3550 1810 3592 auctorem
1842 3536 2030 3587 habuit.
