<?xml version="1.0" encoding="UTF-8"?>
<!DOCTYPE html PUBLIC "-//W3C//DTD XHTML 1.0 Transitional//EN"
    "http://www.w3.org/TR/xhtml1/DTD/xhtml1-transitional.dtd">
<html xmlns="http://www.w3.org/1999/xhtml" xml:lang="en" lang="en">
 <head>
  <title>
</title>
<meta http-equiv="Content-Type" content="text/html;charset=utf-8" />
  <meta name='ocr-system' content='tesseract 3.04.00' />
  <meta name='ocr-capabilities' content='ocr_page ocr_carea ocr_par ocr_line ocrx_word'/>
</head>
<body>
  <div class='ocr_page' id='page_1' title='image "./csuetonitranqui06rothgoog_0377.png"; bbox 0 0 2553 3960; ppageno 0'>
   <div class='ocr_carea' id='block_1_1' title="bbox 896 180 2284 243">
    <p class='ocr_par' dir='ltr' id='par_1_1' title="bbox 896 180 2284 243">
     <span class='ocr_line' id='line_1_1' title="bbox 896 180 2284 243; baseline 0.002 -3"><span class='ocrx_word' id='word_1_1' title='bbox 896 193 988 240; x_wconf 70' lang='lat' dir='ltr'>ms</span> <span class='ocrx_word' id='word_1_2' title='bbox 1026 191 1523 241; x_wconf 73' lang='lat' dir='ltr'>GRAMMAnms.</span> <span class='ocrx_word' id='word_1_3' title='bbox 2094 180 2215 242; x_wconf 83' lang='lat'>265</span> <span class='ocrx_word' id='word_1_4' title='bbox 2280 239 2284 243; x_wconf 85' lang='lat'>.</span> 
     </span>
    </p>
   </div>
   <div class='ocr_carea' id='block_1_2' title="bbox 138 348 2313 3535">
    <p class='ocr_par' dir='ltr' id='par_1_2' title="bbox 138 348 2313 3535">
     <span class='ocr_line' id='line_1_2' title="bbox 207 348 2217 425; baseline 0.001 -17"><span class='ocrx_word' id='word_1_5' title='bbox 207 348 358 409; x_wconf 85' lang='lat' dir='ltr'>mine</span> <span class='ocrx_word' id='word_1_6' title='bbox 403 349 697 425; x_wconf 89' lang='lat' dir='ltr'>Pasicles,</span> <span class='ocrx_word' id='word_1_7' title='bbox 746 365 883 409; x_wconf 85' lang='lat' dir='ltr'>mox</span> <span class='ocrx_word' id='word_1_8' title='bbox 925 348 1169 408; x_wconf 78' lang='lat' dir='ltr'>Pansam</span> <span class='ocrx_word' id='word_1_9' title='bbox 1214 365 1280 407; x_wconf 91' lang='lat' dir='ltr'>se</span> <span class='ocrx_word' id='word_1_10' title='bbox 1328 349 1814 409; x_wconf 85' lang='lat' dir='ltr'>transnominavit.</span> <span class='ocrx_word' id='word_1_11' title='bbox 1898 348 2006 410; x_wconf 88' lang='lat' dir='ltr'>Hic</span> <span class='ocrx_word' id='word_1_12' title='bbox 2055 352 2217 410; x_wconf 91' lang='lat' dir='ltr'>initio</span> 
     </span>
     <span class='ocr_line' id='line_1_3' title="bbox 211 431 2220 510; baseline -0 -15"><span class='ocrx_word' id='word_1_13' title='bbox 211 435 365 495; x_wconf 87' lang='lat' dir='ltr'>circa</span> <span class='ocrx_word' id='word_1_14' title='bbox 390 450 624 492; x_wconf 82' lang='lat' dir='ltr'><strong>scenam</strong></span> <span class='ocrx_word' id='word_1_15' title='bbox 651 442 915 493; x_wconf 87' lang='lat' dir='ltr'>versatus</span> <span class='ocrx_word' id='word_1_16' title='bbox 940 439 1061 509; x_wconf 89' lang='lat' dir='ltr'>est,</span> <span class='ocrx_word' id='word_1_17' title='bbox 1093 431 1223 492; x_wconf 90' lang='lat' dir='ltr'>dum</span> <span class='ocrx_word' id='word_1_18' title='bbox 1255 431 1690 510; x_wconf 78' lang='lat' dir='ltr'>mimographos</span> <span class='ocrx_word' id='word_1_19' title='bbox 1724 431 1977 503; x_wconf 80' lang='lat' dir='ltr'>adiuvat3</span> <span class='ocrx_word' id='word_1_20' title='bbox 2013 433 2220 494; x_wconf 90' lang='lat' dir='ltr'>deinde</span> 
     </span>
     <span class='ocr_line' id='line_1_4' title="bbox 210 515 2221 595; baseline 0.001 -20"><span class='ocrx_word' id='word_1_21' title='bbox 210 519 265 576; x_wconf 91' lang='lat' dir='ltr'>in</span> <span class='ocrx_word' id='word_1_22' title='bbox 294 516 538 595; x_wconf 82' lang='lat' dir='ltr'>pergula</span> <span class='ocrx_word' id='word_1_23' title='bbox 587 515 810 594; x_wconf 88' lang='lat' dir='ltr'>docuit,</span> <span class='ocrx_word' id='word_1_24' title='bbox 869 516 1059 578; x_wconf 88' lang='lat' dir='ltr'>donec</span> <span class='ocrx_word' id='word_1_25' title='bbox 1102 517 1512 576; x_wconf 90' lang='lat' dir='ltr'>commentario</span> <span class='ocrx_word' id='word_1_26' title='bbox 1551 516 1832 592; x_wconf 76' lang='lat' dir='ltr'><strong>Zmyrnae</strong></span> <span class='ocrx_word' id='word_1_27' title='bbox 1877 516 2033 578; x_wconf 91' lang='lat' dir='ltr'>edito</span> <span class='ocrx_word' id='word_1_28' title='bbox 2074 517 2221 578; x_wconf 88' lang='lat' dir='ltr'>adeo</span> 
     </span>
     <span class='ocr_line' id='line_1_5' title="bbox 210 598 1446 677; baseline 0 -17"><span class='ocrx_word' id='word_1_29' title='bbox 210 601 508 677; x_wconf 89' lang='lat' dir='ltr'>inclaruit,</span> <span class='ocrx_word' id='word_1_30' title='bbox 543 608 601 660; x_wconf 97' lang='lat' dir='ltr'>ut</span> <span class='ocrx_word' id='word_1_31' title='bbox 634 599 780 661; x_wconf 90' lang='lat' dir='ltr'>haec</span> <span class='ocrx_word' id='word_1_32' title='bbox 811 600 883 662; x_wconf 88' lang='lat' dir='ltr'>de</span> <span class='ocrx_word' id='word_1_33' title='bbox 918 616 991 659; x_wconf 89' lang='lat' dir='ltr'>eo</span> <span class='ocrx_word' id='word_1_34' title='bbox 1022 598 1446 661; x_wconf 80' lang='lat' dir='ltr'>scriberentur:</span> 
     </span>
     <span class='ocr_line' id='line_1_6' title="bbox 165 687 1847 760; baseline 0.002 -20"><span class='ocrx_word' id='word_1_35' title='bbox 165 701 189 740; x_wconf 84' lang='lat'><strong>5</strong></span> <span class='ocrx_word' id='word_1_36' title='bbox 528 690 633 744; x_wconf 85' lang='lat' dir='ltr'>Uni</span> <span class='ocrx_word' id='word_1_37' title='bbox 659 689 930 746; x_wconf 81' lang='lat' dir='ltr'>Crassicio</span> <span class='ocrx_word' id='word_1_38' title='bbox 957 701 1018 743; x_wconf 81' lang='lat' dir='ltr'>se</span> <span class='ocrx_word' id='word_1_39' title='bbox 1041 689 1271 745; x_wconf 81' lang='lat' dir='ltr'>credere</span> <span class='ocrx_word' id='word_1_40' title='bbox 1299 687 1547 760; x_wconf 78' lang='lat' dir='ltr'><strong><em>Zmyrna</em></strong></span> <span class='ocrx_word' id='word_1_41' title='bbox 1563 688 1847 760; x_wconf 79' lang='lat' dir='ltr'>probavit.-</span> 
     </span>
     <span class='ocr_line' id='line_1_7' title="bbox 642 771 1812 844; baseline -0.002 -16"><span class='ocrx_word' id='word_1_42' title='bbox 642 773 883 829; x_wconf 79' lang='lat' dir='ltr'>Desinite</span> <span class='ocrx_word' id='word_1_43' title='bbox 911 771 1115 828; x_wconf 79' lang='lat' dir='ltr'>indocti</span> <span class='ocrx_word' id='word_1_44' title='bbox 1153 773 1399 844; x_wconf 74' lang='lat' dir='ltr'>coniuyz&#39;o</span> <span class='ocrx_word' id='word_1_45' title='bbox 1425 771 1573 829; x_wconf 76' lang='lat' dir='ltr'>hanc</span> <span class='ocrx_word' id='word_1_46' title='bbox 1591 780 1812 844; x_wconf 76' lang='lat' dir='ltr'>petere!</span> 
     </span>
     <span class='ocr_line' id='line_1_8' title="bbox 520 855 1605 928; baseline 0.001 -17"><span class='ocrx_word' id='word_1_47' title='bbox 520 855 637 912; x_wconf 86' lang='lat' dir='ltr'>Soli</span> <span class='ocrx_word' id='word_1_48' title='bbox 657 857 930 915; x_wconf 77' lang='lat' dir='ltr'><strong><em>Crassicio</em></strong></span> <span class='ocrx_word' id='word_1_49' title='bbox 960 870 1021 911; x_wconf 86' lang='lat' dir='ltr'>se</span> <span class='ocrx_word' id='word_1_50' title='bbox 1047 856 1191 912; x_wconf 76' lang='lat' dir='ltr'>dixit</span> <span class='ocrx_word' id='word_1_51' title='bbox 1214 855 1422 911; x_wconf 81' lang='lat' dir='ltr'>nubere</span> <span class='ocrx_word' id='word_1_52' title='bbox 1450 858 1605 928; x_wconf 81' lang='lat' dir='ltr'>velle,</span> 
     </span>
     <span class='ocr_line' id='line_1_9' title="bbox 633 940 1703 997; baseline -0.001 0"><span class='ocrx_word' id='word_1_53' title='bbox 633 940 838 997; x_wconf 83' lang='lat' dir='ltr'>Intima</span> <span class='ocrx_word' id='word_1_54' title='bbox 872 941 967 994; x_wconf 82' lang='lat' dir='ltr'>cui</span> <span class='ocrx_word' id='word_1_55' title='bbox 985 941 1092 996; x_wconf 82' lang='lat' dir='ltr'>soli</span> <span class='ocrx_word' id='word_1_56' title='bbox 1114 944 1244 995; x_wconf 77' lang='lat' dir='ltr'>nota</span> <span class='ocrx_word' id='word_1_57' title='bbox 1272 954 1380 995; x_wconf 82' lang='lat' dir='ltr'>sua</span> <span class='ocrx_word' id='word_1_58' title='bbox 1408 943 1703 996; x_wconf 72' lang='lat' dir='ltr'>extiterint.</span> 
     </span>
     <span class='ocr_line' id='line_1_10' title="bbox 213 1017 2223 1097; baseline -0 -19"><span class='ocrx_word' id='word_1_59' title='bbox 213 1017 329 1079; x_wconf 91' lang='lat' dir='ltr'>Sed</span> <span class='ocrx_word' id='word_1_60' title='bbox 362 1035 489 1079; x_wconf 90' lang='lat' dir='ltr'>cum</span> <span class='ocrx_word' id='word_1_61' title='bbox 519 1017 802 1080; x_wconf 83' lang='lat' dir='ltr'>edoceret</span> <span class='ocrx_word' id='word_1_62' title='bbox 830 1021 940 1083; x_wconf 85' lang='lat' dir='ltr'>iam</span> <span class='ocrx_word' id='word_1_63' title='bbox 982 1019 1193 1079; x_wconf 85' lang='lat' dir='ltr'>multos</span> <span class='ocrx_word' id='word_1_64' title='bbox 1222 1035 1294 1079; x_wconf 92' lang='lat' dir='ltr'>ac</span> <span class='ocrx_word' id='word_1_65' title='bbox 1323 1019 1574 1097; x_wconf 90' lang='lat' dir='ltr'>nobiles,</span> <span class='ocrx_word' id='word_1_66' title='bbox 1614 1023 1671 1080; x_wconf 89' lang='lat' dir='ltr'>in</span> <span class='ocrx_word' id='word_1_67' title='bbox 1699 1020 1771 1079; x_wconf 90' lang='lat' dir='ltr'>iis</span> <span class='ocrx_word' id='word_1_68' title='bbox 1807 1017 2010 1079; x_wconf 85' lang='lat' dir='ltr'>lulium</span> <span class='ocrx_word' id='word_1_69' title='bbox 2044 1019 2223 1079; x_wconf 88' lang='lat' dir='ltr'>Auto-</span> 
     </span>
     <span class='ocr_line' id='line_1_11' title="bbox 142 1101 2222 1182; baseline -0 -19"><span class='ocrx_word' id='word_1_70' title='bbox 142 1103 391 1179; x_wconf 76' lang='lat' dir='ltr'>mnium,</span> <span class='ocrx_word' id='word_1_71' title='bbox 425 1104 702 1164; x_wconf 86' lang='lat' dir='ltr'>triumviri</span> <span class='ocrx_word' id='word_1_72' title='bbox 738 1103 943 1179; x_wconf 83' lang='lat' dir='ltr'>lilium,</span> <span class='ocrx_word' id='word_1_73' title='bbox 986 1110 1048 1163; x_wconf 87' lang='lat' dir='ltr'>ut</span> <span class='ocrx_word' id='word_1_74' title='bbox 1077 1101 1289 1162; x_wconf 88' lang='lat' dir='ltr'>Verrio</span> <span class='ocrx_word' id='word_1_75' title='bbox 1323 1120 1557 1182; x_wconf 90' lang='lat' dir='ltr'>quoque</span> <span class='ocrx_word' id='word_1_76' title='bbox 1585 1103 1806 1165; x_wconf 90' lang='lat' dir='ltr'>Flacco</span> <span class='ocrx_word' id='word_1_77' title='bbox 1852 1120 2222 1182; x_wconf 83' lang='lat' dir='ltr'>comparare-</span> 
     </span>
     <span class='ocr_line' id='line_1_12' title="bbox 210 1185 2225 1269; baseline -0 -22"><span class='ocrx_word' id='word_1_78' title='bbox 210 1195 330 1264; x_wconf 85' lang='lat' dir='ltr'>tur,</span> <span class='ocrx_word' id='word_1_79' title='bbox 361 1186 594 1248; x_wconf 86' lang='lat' dir='ltr'>dimissa</span> <span class='ocrx_word' id='word_1_80' title='bbox 623 1198 870 1267; x_wconf 87' lang='lat' dir='ltr'>repente</span> <span class='ocrx_word' id='word_1_81' title='bbox 916 1185 1148 1264; x_wconf 90' lang='lat' dir='ltr'>schola,</span> <span class='ocrx_word' id='word_1_82' title='bbox 1196 1189 1421 1248; x_wconf 89' lang='lat' dir='ltr'>transiit</span> <span class='ocrx_word' id='word_1_83' title='bbox 1463 1188 1545 1269; x_wconf 25' lang='lat' dir='ltr'>ad·</span> <span class='ocrx_word' id='word_1_84' title='bbox 1570 1188 1641 1263; x_wconf 87' lang='lat' dir='ltr'>Q.</span> <span class='ocrx_word' id='word_1_85' title='bbox 1685 1187 1848 1248; x_wconf 84' lang='lat' dir='ltr'>Sexti</span> <span class='ocrx_word' id='word_1_86' title='bbox 1892 1185 2225 1266; x_wconf 83' lang='lat' dir='ltr'>philosophi</span> 
     </span>
     <span class='ocr_line' id='line_1_13' title="bbox 210 1280 446 1331; baseline -0.004 -2"><span class='ocrx_word' id='word_1_87' title='bbox 210 1280 446 1331; x_wconf 89' lang='lat' dir='ltr'>sectam.</span> 
     </span>
     <span class='ocr_line' id='line_1_14' title="bbox 338 1353 2313 1434; baseline 0.003 -21"><span class='ocrx_word' id='word_1_88' title='bbox 338 1353 675 1415; x_wconf 78' lang='lat' dir='ltr'>Scribonius</span> <span class='ocrx_word' id='word_1_89' title='bbox 711 1354 1129 1434; x_wconf 88' lang='lat' dir='ltr'>Aphrodisius,</span> <span class='ocrx_word' id='word_1_90' title='bbox 1178 1353 1380 1416; x_wconf 90' lang='lat' dir='ltr'>Orbilii</span> <span class='ocrx_word' id='word_1_91' title='bbox 1423 1374 1629 1416; x_wconf 88' lang='lat' dir='ltr'>servus</span> <span class='ocrx_word' id='word_1_92' title='bbox 1673 1364 1843 1434; x_wconf 88' lang='lat' dir='ltr'>atque</span> <span class='ocrx_word' id='word_1_93' title='bbox 1886 1354 2225 1433; x_wconf 77' lang='lat' dir='ltr'>discipulus,</span> <span class='ocrx_word' id='word_1_94' title='bbox 2247 1364 2313 1418; x_wconf 83' lang='lat'>19</span> 
     </span>
     <span class='ocr_line' id='line_1_15' title="bbox 212 1435 2228 1517; baseline -0 -18"><span class='ocrx_word' id='word_1_95' title='bbox 212 1455 350 1500; x_wconf 83' lang='lat' dir='ltr'>mex</span> <span class='ocrx_word' id='word_1_96' title='bbox 379 1456 413 1500; x_wconf 90' lang='lat' dir='ltr'>a</span> <span class='ocrx_word' id='word_1_97' title='bbox 438 1435 746 1498; x_wconf 88' lang='lat' dir='ltr'>Scribonia</span> <span class='ocrx_word' id='word_1_98' title='bbox 771 1438 1006 1499; x_wconf 85' lang='lat' dir='ltr'>Libonis</span> <span class='ocrx_word' id='word_1_99' title='bbox 1033 1438 1175 1515; x_wconf 86' lang='lat' dir='ltr'>filia,</span> <span class='ocrx_word' id='word_1_100' title='bbox 1209 1455 1359 1515; x_wconf 86' lang='lat' dir='ltr'>quae</span> <span class='ocrx_word' id='word_1_101' title='bbox 1391 1442 1549 1517; x_wconf 90' lang='lat' dir='ltr'>prior</span> <span class='ocrx_word' id='word_1_102' title='bbox 1578 1439 1824 1516; x_wconf 82' lang='lat' dir='ltr'>Augusti</span> <span class='ocrx_word' id='word_1_103' title='bbox 1849 1442 1996 1499; x_wconf 70' lang='lat' dir='ltr'>uxor</span> <span class='ocrx_word' id='word_1_104' title='bbox 2023 1438 2228 1516; x_wconf 82' lang='lat' dir='ltr'>fuerat,</span> 
     </span>
     <span class='ocr_line' id='line_1_16' title="bbox 141 1521 2227 1601; baseline 0 -20"><span class='ocrx_word' id='word_1_105' title='bbox 141 1539 193 1581; x_wconf 81' lang='lat'>15</span> <span class='ocrx_word' id='word_1_106' title='bbox 213 1522 550 1600; x_wconf 87' lang='lat' dir='ltr'>redemptus</span> <span class='ocrx_word' id='word_1_107' title='bbox 574 1529 633 1581; x_wconf 91' lang='lat' dir='ltr'>et</span> <span class='ocrx_word' id='word_1_108' title='bbox 660 1525 1038 1601; x_wconf 68' lang='lat' dir='ltr'><strong>manumissus</strong></span> <span class='ocrx_word' id='word_1_109' title='bbox 1056 1565 1075 1598; x_wconf 95' lang='lat'>,</span> <span class='ocrx_word' id='word_1_110' title='bbox 1113 1521 1309 1582; x_wconf 91' lang='lat' dir='ltr'>docuit</span> <span class='ocrx_word' id='word_1_111' title='bbox 1339 1539 1452 1601; x_wconf 92' lang='lat' dir='ltr'>quo</span> <span class='ocrx_word' id='word_1_112' title='bbox 1476 1522 1716 1583; x_wconf 86' lang='lat' dir='ltr'>Verrius</span> <span class='ocrx_word' id='word_1_113' title='bbox 1740 1530 2036 1600; x_wconf 89' lang='lat' dir='ltr'>tempore,</span> <span class='ocrx_word' id='word_1_114' title='bbox 2069 1524 2227 1582; x_wconf 89' lang='lat' dir='ltr'>cuius</span> 
     </span>
     <span class='ocr_line' id='line_1_17' title="bbox 213 1603 2226 1685; baseline -0.001 -18"><span class='ocrx_word' id='word_1_115' title='bbox 213 1609 383 1667; x_wconf 91' lang='lat' dir='ltr'>etiam</span> <span class='ocrx_word' id='word_1_116' title='bbox 408 1604 570 1665; x_wconf 90' lang='lat' dir='ltr'>libris</span> <span class='ocrx_word' id='word_1_117' title='bbox 601 1603 681 1664; x_wconf 94' lang='lat' dir='ltr'>de</span> <span class='ocrx_word' id='word_1_118' title='bbox 714 1605 886 1665; x_wconf 89' lang='lat' dir='ltr'>orth</span> <span class='ocrx_word' id='word_1_119' title='bbox 907 1623 1090 1682; x_wconf 82' lang='lat' dir='ltr'>ogra</span> <span class='ocrx_word' id='word_1_120' title='bbox 1107 1604 1275 1682; x_wconf 90' lang='lat' dir='ltr'>phia</span> <span class='ocrx_word' id='word_1_121' title='bbox 1306 1606 1642 1685; x_wconf 78' lang='lat' dir='ltr'>rescripsit,</span> <span class='ocrx_word' id='word_1_122' title='bbox 1679 1623 1794 1665; x_wconf 91' lang='lat' dir='ltr'>non</span> <span class='ocrx_word' id='word_1_123' title='bbox 1822 1606 1947 1664; x_wconf 89' lang='lat' dir='ltr'>sine</span> <span class='ocrx_word' id='word_1_124' title='bbox 1980 1606 2226 1665; x_wconf 88' lang='lat' dir='ltr'>insecta-</span> 
     </span>
     <span class='ocr_line' id='line_1_18' title="bbox 213 1687 1261 1768; baseline -0.003 -19"><span class='ocrx_word' id='word_1_125' title='bbox 213 1692 369 1750; x_wconf 89' lang='lat' dir='ltr'>tione</span> <span class='ocrx_word' id='word_1_126' title='bbox 404 1687 720 1749; x_wconf 85' lang='lat' dir='ltr'>studiorum</span> <span class='ocrx_word' id='word_1_127' title='bbox 748 1706 1086 1768; x_wconf 89' lang='lat' dir='ltr'>morumque</span> <span class='ocrx_word' id='word_1_128' title='bbox 1117 1690 1261 1748; x_wconf 87' lang='lat' dir='ltr'>eius.</span> 
     </span>
     <span class='ocr_line' id='line_1_19' title="bbox 344 1771 2312 1851; baseline 0.001 -18"><span class='ocrx_word' id='word_1_129' title='bbox 344 1771 410 1833; x_wconf 87' lang='lat' dir='ltr'>C.</span> <span class='ocrx_word' id='word_1_130' title='bbox 458 1771 636 1835; x_wconf 88' lang='lat' dir='ltr'>Iulius</span> <span class='ocrx_word' id='word_1_131' title='bbox 675 1772 970 1851; x_wconf 74' lang='lat' dir='ltr'>Hyginus,</span> <span class='ocrx_word' id='word_1_132' title='bbox 1028 1773 1281 1848; x_wconf 78' lang='lat' dir='ltr'>Augusti</span> <span class='ocrx_word' id='word_1_133' title='bbox 1322 1772 1596 1849; x_wconf 90' lang='lat' dir='ltr'>libertus,</span> <span class='ocrx_word' id='word_1_134' title='bbox 1648 1773 1882 1832; x_wconf 89' lang='lat' dir='ltr'>natione</span> <span class='ocrx_word' id='word_1_135' title='bbox 1916 1772 2228 1851; x_wconf 86' lang='lat' dir='ltr'>Hispanus,</span> <span class='ocrx_word' id='word_1_136' title='bbox 2243 1782 2312 1835; x_wconf 85' lang='lat'>20</span> 
     </span>
     <span class='ocr_line' id='line_1_20' title="bbox 216 1854 2230 1938; baseline -0 -22"><span class='ocrx_word' id='word_1_137' title='bbox 216 1856 511 1938; x_wconf 83' lang='lat' dir='ltr'>(nonnulli</span> <span class='ocrx_word' id='word_1_138' title='bbox 540 1856 992 1919; x_wconf 83' lang='lat' dir='ltr'>Alexandrinum</span> <span class='ocrx_word' id='word_1_139' title='bbox 1028 1864 1227 1936; x_wconf 87' lang='lat' dir='ltr'>putant</span> <span class='ocrx_word' id='word_1_140' title='bbox 1270 1865 1328 1916; x_wconf 91' lang='lat' dir='ltr'>et</span> <span class='ocrx_word' id='word_1_141' title='bbox 1359 1875 1392 1916; x_wconf 88' lang='lat' dir='ltr'>a</span> <span class='ocrx_word' id='word_1_142' title='bbox 1425 1854 1676 1917; x_wconf 79' lang='lat' dir='ltr'>Caesare</span> <span class='ocrx_word' id='word_1_143' title='bbox 1718 1873 1959 1936; x_wconf 89' lang='lat' dir='ltr'>puerum</span> <span class='ocrx_word' id='word_1_144' title='bbox 1987 1857 2230 1917; x_wconf 88' lang='lat' dir='ltr'>Romam</span> 
     </span>
     <span class='ocr_line' id='line_1_21' title="bbox 138 1940 2232 2021; baseline -0 -21"><span class='ocrx_word' id='word_1_145' title='bbox 138 1959 193 2001; x_wconf 64' lang='grc' dir='ltr'>πο</span> <span class='ocrx_word' id='word_1_146' title='bbox 216 1940 521 2004; x_wconf 87' lang='lat' dir='ltr'>adductum</span> <span class='ocrx_word' id='word_1_147' title='bbox 551 1941 907 2006; x_wconf 83' lang='lat' dir='ltr'>Alexandria</span> <span class='ocrx_word' id='word_1_148' title='bbox 939 1940 1139 2021; x_wconf 89' lang='lat' dir='ltr'>capta)</span> <span class='ocrx_word' id='word_1_149' title='bbox 1173 1941 1433 2003; x_wconf 79' lang='lat' dir='ltr'>studiose</span> <span class='ocrx_word' id='word_1_150' title='bbox 1479 1949 1536 2002; x_wconf 89' lang='lat' dir='ltr'>et</span> <span class='ocrx_word' id='word_1_151' title='bbox 1571 1940 1746 2003; x_wconf 78' lang='lat' dir='ltr'>audiit</span> <span class='ocrx_word' id='word_1_152' title='bbox 1772 1948 1832 2001; x_wconf 90' lang='lat' dir='ltr'>et</span> <span class='ocrx_word' id='word_1_153' title='bbox 1859 1942 2107 2002; x_wconf 86' lang='lat' dir='ltr'>imitatus</span> <span class='ocrx_word' id='word_1_154' title='bbox 2142 1947 2232 2000; x_wconf 88' lang='lat' dir='ltr'>est</span> 
     </span>
     <span class='ocr_line' id='line_1_22' title="bbox 215 2025 2231 2104; baseline -0.001 -17"><span class='ocrx_word' id='word_1_155' title='bbox 215 2025 547 2087; x_wconf 87' lang='lat' dir='ltr'>Cornelium</span> <span class='ocrx_word' id='word_1_156' title='bbox 573 2026 968 2088; x_wconf 84' lang='lat' dir='ltr'>Alexandrum</span> <span class='ocrx_word' id='word_1_157' title='bbox 991 2028 1425 2104; x_wconf 80' lang='lat' dir='ltr'>grammaticum</span> <span class='ocrx_word' id='word_1_158' title='bbox 1450 2026 1761 2104; x_wconf 86' lang='lat' dir='ltr'>Graecum,</span> <span class='ocrx_word' id='word_1_159' title='bbox 1793 2043 1963 2104; x_wconf 91' lang='lat' dir='ltr'>quem</span> <span class='ocrx_word' id='word_1_160' title='bbox 1986 2033 2231 2104; x_wconf 90' lang='lat' dir='ltr'>propter</span> 
     </span>
     <span class='ocr_line' id='line_1_23' title="bbox 208 2109 2228 2189; baseline -0.001 -17"><span class='ocrx_word' id='word_1_161' title='bbox 208 2111 563 2188; x_wconf 78' lang='lat' dir='ltr'>antiquitatis</span> <span class='ocrx_word' id='word_1_162' title='bbox 588 2112 843 2173; x_wconf 83' lang='lat' dir='ltr'>notitiam</span> <span class='ocrx_word' id='word_1_163' title='bbox 868 2110 1297 2186; x_wconf 74' lang='lat' dir='ltr'>Polyhistorem</span> <span class='ocrx_word' id='word_1_164' title='bbox 1320 2110 1510 2186; x_wconf 86' lang='lat' dir='ltr'>multi,</span> <span class='ocrx_word' id='word_1_165' title='bbox 1538 2110 1764 2189; x_wconf 86' lang='lat' dir='ltr'>quidam</span> <span class='ocrx_word' id='word_1_166' title='bbox 1786 2109 2097 2172; x_wconf 86' lang='lat' dir='ltr'>Historiam</span> <span class='ocrx_word' id='word_1_167' title='bbox 2128 2127 2228 2170; x_wconf 88' lang='lat' dir='ltr'>vo-</span> 
     </span>
     <span class='ocr_line' id='line_1_24' title="bbox 212 2192 2228 2272; baseline -0.001 -16"><span class='ocrx_word' id='word_1_168' title='bbox 212 2194 438 2256; x_wconf 88' lang='lat' dir='ltr'>cabant.</span> <span class='ocrx_word' id='word_1_169' title='bbox 519 2193 773 2255; x_wconf 81' lang='lat' dir='ltr'>Praefuit</span> <span class='ocrx_word' id='word_1_170' title='bbox 803 2194 1098 2255; x_wconf 85' lang='lat' dir='ltr'>Palatinae</span> <span class='ocrx_word' id='word_1_171' title='bbox 1136 2192 1561 2270; x_wconf 82' lang='lat' dir='ltr'>bibliothecae,</span> <span class='ocrx_word' id='word_1_172' title='bbox 1600 2212 1712 2254; x_wconf 90' lang='lat' dir='ltr'>nec</span> <span class='ocrx_word' id='word_1_173' title='bbox 1756 2210 1829 2255; x_wconf 91' lang='lat' dir='ltr'>eo</span> <span class='ocrx_word' id='word_1_174' title='bbox 1869 2196 2063 2255; x_wconf 87' lang='lat' dir='ltr'>secius</span> <span class='ocrx_word' id='word_1_175' title='bbox 2106 2194 2228 2272; x_wconf 88' lang='lat' dir='ltr'>plu·</span> 
     </span>
     <span class='ocr_line' id='line_1_25' title="bbox 210 2276 2229 2358; baseline -0.001 -19"><span class='ocrx_word' id='word_1_176' title='bbox 210 2279 388 2339; x_wconf 89' lang='lat' dir='ltr'>rimos</span> <span class='ocrx_word' id='word_1_177' title='bbox 421 2276 641 2347; x_wconf 86' lang='lat' dir='ltr'>docuit;</span> <span class='ocrx_word' id='word_1_178' title='bbox 674 2279 894 2358; x_wconf 81' lang='lat' dir='ltr'>fuitque</span> <span class='ocrx_word' id='word_1_179' title='bbox 926 2279 1401 2340; x_wconf 75' lang='lat' dir='ltr'>familiarissimus</span> <span class='ocrx_word' id='word_1_180' title='bbox 1434 2277 1639 2339; x_wconf 80' lang='lat' dir='ltr'>Ovidio</span> <span class='ocrx_word' id='word_1_181' title='bbox 1674 2287 1889 2357; x_wconf 86' lang='lat' dir='ltr'>poetae</span> <span class='ocrx_word' id='word_1_182' title='bbox 1933 2286 1991 2339; x_wconf 94' lang='lat' dir='ltr'>et</span> <span class='ocrx_word' id='word_1_183' title='bbox 2022 2276 2229 2338; x_wconf 86' lang='lat' dir='ltr'>Clodio</span> 
     </span>
     <span class='ocr_line' id='line_1_26' title="bbox 139 2361 2228 2442; baseline 0.001 -24"><span class='ocrx_word' id='word_1_184' title='bbox 139 2362 415 2422; x_wconf 72' lang='lat' dir='ltr'>zsLicino</span> <span class='ocrx_word' id='word_1_185' title='bbox 448 2362 771 2438; x_wconf 82' lang='lat' dir='ltr'>consulari,</span> <span class='ocrx_word' id='word_1_186' title='bbox 819 2362 1127 2439; x_wconf 86' lang='lat' dir='ltr'>historico,</span> <span class='ocrx_word' id='word_1_187' title='bbox 1162 2364 1413 2440; x_wconf 90' lang='lat' dir='ltr'>qui-eum</span> <span class='ocrx_word' id='word_1_188' title='bbox 1449 2361 1747 2422; x_wconf 83' lang='lat' dir='ltr'>admodum</span> <span class='ocrx_word' id='word_1_189' title='bbox 1780 2380 2097 2442; x_wconf 83' lang='lat' dir='ltr'>pauperem</span> <span class='ocrx_word' id='word_1_190' title='bbox 2132 2361 2228 2422; x_wconf 91' lang='lat' dir='ltr'>de-</span> 
     </span>
     <span class='ocr_line' id='line_1_27' title="bbox 220 2444 2227 2525; baseline -0.002 -18"><span class='ocrx_word' id='word_1_191' title='bbox 220 2445 480 2507; x_wconf 87' lang='lat' dir='ltr'>cessisse</span> <span class='ocrx_word' id='word_1_192' title='bbox 510 2444 680 2505; x_wconf 84' lang='lat' dir='ltr'>tradit</span> <span class='ocrx_word' id='word_1_193' title='bbox 710 2455 769 2508; x_wconf 87' lang='lat' dir='ltr'>et</span> <span class='ocrx_word' id='word_1_194' title='bbox 799 2445 1148 2508; x_wconf 82' lang='lat' dir='ltr'>liberalitate</span> <span class='ocrx_word' id='word_1_195' title='bbox 1174 2464 1312 2523; x_wconf 90' lang='lat' dir='ltr'>sua,</span> <span class='ocrx_word' id='word_1_196' title='bbox 1350 2445 1538 2525; x_wconf 88' lang='lat' dir='ltr'>quoad</span> <span class='ocrx_word' id='word_1_197' title='bbox 1563 2448 1801 2525; x_wconf 86' lang='lat' dir='ltr'>vixerit,</span> <span class='ocrx_word' id='word_1_198' title='bbox 1834 2455 2227 2507; x_wconf 86' lang='lat' dir='ltr'>sustentatum.</span> 
     </span>
     <span class='ocr_line' id='line_1_28' title="bbox 213 2528 2230 2610; baseline -0.002 -18"><span class='ocrx_word' id='word_1_199' title='bbox 213 2529 398 2592; x_wconf 89' lang='lat' dir='ltr'>Huius</span> <span class='ocrx_word' id='word_1_200' title='bbox 431 2529 672 2590; x_wconf 87' lang='lat' dir='ltr'>libertus</span> <span class='ocrx_word' id='word_1_201' title='bbox 701 2528 808 2590; x_wconf 77' lang='lat' dir='ltr'>fuit</span> <span class='ocrx_word' id='word_1_202' title='bbox 847 2528 1026 2589; x_wconf 89' lang='lat' dir='ltr'>Iulius</span> <span class='ocrx_word' id='word_1_203' title='bbox 1054 2528 1386 2607; x_wconf 84' lang='lat' dir='ltr'>Modestus,</span> <span class='ocrx_word' id='word_1_204' title='bbox 1429 2532 1485 2590; x_wconf 91' lang='lat' dir='ltr'>in</span> <span class='ocrx_word' id='word_1_205' title='bbox 1525 2531 1724 2591; x_wconf 88' lang='lat' dir='ltr'>studiis</span> <span class='ocrx_word' id='word_1_206' title='bbox 1765 2540 1936 2610; x_wconf 88' lang='lat' dir='ltr'>atque</span> <span class='ocrx_word' id='word_1_207' title='bbox 1968 2530 2230 2591; x_wconf 88' lang='lat' dir='ltr'>doctrina</span> 
     </span>
     <span class='ocr_line' id='line_1_29' title="bbox 213 2615 1016 2692; baseline -0.004 -17"><span class='ocrx_word' id='word_1_208' title='bbox 213 2615 468 2692; x_wconf 80' lang='lat' dir='ltr'>vestigia</span> <span class='ocrx_word' id='word_1_209' title='bbox 501 2616 731 2692; x_wconf 86' lang='lat' dir='ltr'>patroni</span> <span class='ocrx_word' id='word_1_210' title='bbox 761 2622 1016 2675; x_wconf 87' lang='lat' dir='ltr'>secutus.</span> 
     </span>
     <span class='ocr_line' id='line_1_30' title="bbox 349 2696 2310 2776; baseline -0.001 -18"><span class='ocrx_word' id='word_1_211' title='bbox 349 2696 415 2758; x_wconf 86' lang='lat' dir='ltr'>G.</span> <span class='ocrx_word' id='word_1_212' title='bbox 444 2697 743 2775; x_wconf 84' lang='lat' dir='ltr'>Melissus,</span> <span class='ocrx_word' id='word_1_213' title='bbox 781 2697 1008 2776; x_wconf 87' lang='lat' dir='ltr'>Spoleti</span> <span class='ocrx_word' id='word_1_214' title='bbox 1049 2707 1213 2758; x_wconf 86' lang='lat' dir='ltr'>natus</span> <span class='ocrx_word' id='word_1_215' title='bbox 1255 2700 1577 2776; x_wconf 80' lang='lat' dir='ltr'>ingenuus,</span> <span class='ocrx_word' id='word_1_216' title='bbox 1622 2698 1725 2759; x_wconf 88' lang='lat' dir='ltr'>sed</span> <span class='ocrx_word' id='word_1_217' title='bbox 1769 2698 1844 2759; x_wconf 90' lang='lat' dir='ltr'>ob</span> <span class='ocrx_word' id='word_1_218' title='bbox 1882 2698 2227 2759; x_wconf 90' lang='lat' dir='ltr'>discordiam</span> <span class='ocrx_word' id='word_1_219' title='bbox 2245 2701 2310 2757; x_wconf 82' lang='lat'>21</span> 
     </span>
     <span class='ocr_line' id='line_1_31' title="bbox 138 2781 2229 2863; baseline -0.001 -21"><span class='ocrx_word' id='word_1_220' title='bbox 138 2805 194 2849; x_wconf 70' lang='lat' dir='ltr'>sc&gt;</span> <span class='ocrx_word' id='word_1_221' title='bbox 217 2788 522 2863; x_wconf 86' lang='lat' dir='ltr'>parentum</span> <span class='ocrx_word' id='word_1_222' title='bbox 558 2784 894 2860; x_wconf 81' lang='lat' dir='ltr'>expositus,</span> <span class='ocrx_word' id='word_1_223' title='bbox 945 2800 1081 2842; x_wconf 89' lang='lat' dir='ltr'>cura</span> <span class='ocrx_word' id='word_1_224' title='bbox 1125 2791 1184 2841; x_wconf 89' lang='lat' dir='ltr'>et</span> <span class='ocrx_word' id='word_1_225' title='bbox 1215 2781 1493 2843; x_wconf 85' lang='lat' dir='ltr'>industria</span> <span class='ocrx_word' id='word_1_226' title='bbox 1535 2781 1862 2844; x_wconf 85' lang='lat' dir='ltr'>educatoris</span> <span class='ocrx_word' id='word_1_227' title='bbox 1905 2783 1992 2842; x_wconf 85' lang='lat' dir='ltr'>sui</span> <span class='ocrx_word' id='word_1_228' title='bbox 2024 2783 2229 2843; x_wconf 89' lang='lat' dir='ltr'>altiora</span> 
     </span>
     <span class='ocr_line' id='line_1_32' title="bbox 214 2864 2228 2945; baseline -0.001 -18"><span class='ocrx_word' id='word_1_229' title='bbox 214 2864 400 2927; x_wconf 86' lang='lat' dir='ltr'>studia</span> <span class='ocrx_word' id='word_1_230' title='bbox 436 2867 731 2944; x_wconf 86' lang='lat' dir='ltr'>percepit,</span> <span class='ocrx_word' id='word_1_231' title='bbox 782 2884 851 2926; x_wconf 87' lang='lat' dir='ltr'>ac</span> <span class='ocrx_word' id='word_1_232' title='bbox 887 2865 1220 2927; x_wconf 76' lang='lat' dir='ltr'>Maecenati</span> <span class='ocrx_word' id='word_1_233' title='bbox 1248 2883 1355 2945; x_wconf 89' lang='lat' dir='ltr'>pro</span> <span class='ocrx_word' id='word_1_234' title='bbox 1385 2869 1763 2943; x_wconf 78' lang='lat' dir='ltr'>grammatico</span> <span class='ocrx_word' id='word_1_235' title='bbox 1800 2868 2020 2927; x_wconf 91' lang='lat' dir='ltr'>muneri</span> <span class='ocrx_word' id='word_1_236' title='bbox 2063 2865 2228 2926; x_wconf 88' lang='lat' dir='ltr'>datus</span> 
     </span>
     <span class='ocr_line' id='line_1_33' title="bbox 213 2946 2227 3028; baseline -0.002 -16"><span class='ocrx_word' id='word_1_237' title='bbox 213 2957 326 3012; x_wconf 89' lang='lat' dir='ltr'>est.</span> <span class='ocrx_word' id='word_1_238' title='bbox 388 2946 493 3010; x_wconf 83' lang='lat' dir='ltr'>Cui</span> <span class='ocrx_word' id='word_1_239' title='bbox 527 2967 653 3009; x_wconf 77' lang='lat' dir='ltr'>cum</span> <span class='ocrx_word' id='word_1_240' title='bbox 685 2968 752 3011; x_wconf 81' lang='lat' dir='ltr'>se</span> <span class='ocrx_word' id='word_1_241' title='bbox 779 2958 1005 3028; x_wconf 75' lang='lat' dir='ltr'>gratum</span> <span class='ocrx_word' id='word_1_242' title='bbox 1036 2959 1094 3011; x_wconf 90' lang='lat' dir='ltr'>et</span> <span class='ocrx_word' id='word_1_243' title='bbox 1124 2958 1427 3028; x_wconf 90' lang='lat' dir='ltr'>acceptum</span> <span class='ocrx_word' id='word_1_244' title='bbox 1459 2952 1515 3009; x_wconf 90' lang='lat' dir='ltr'>in</span> <span class='ocrx_word' id='word_1_245' title='bbox 1538 2951 1766 3012; x_wconf 87' lang='lat' dir='ltr'>modum</span> <span class='ocrx_word' id='word_1_246' title='bbox 1789 2951 1954 3012; x_wconf 89' lang='lat' dir='ltr'>amici</span> <span class='ocrx_word' id='word_1_247' title='bbox 1985 2950 2227 3027; x_wconf 82' lang='lat' dir='ltr'>videret,</span> 
     </span>
     <span class='ocr_line' id='line_1_34' title="bbox 216 3033 2225 3113; baseline -0.001 -19"><span class='ocrx_word' id='word_1_248' title='bbox 216 3051 541 3113; x_wconf 82' lang='lat' dir='ltr'>quanquam</span> <span class='ocrx_word' id='word_1_249' title='bbox 583 3042 888 3096; x_wconf 84' lang='lat' dir='ltr'>asserente</span> <span class='ocrx_word' id='word_1_250' title='bbox 934 3042 1148 3111; x_wconf 88' lang='lat' dir='ltr'>matre,</span> <span class='ocrx_word' id='word_1_251' title='bbox 1197 3036 1511 3113; x_wconf 86' lang='lat' dir='ltr'>permansit</span> <span class='ocrx_word' id='word_1_252' title='bbox 1539 3044 1726 3095; x_wconf 88' lang='lat' dir='ltr'>tamen</span> <span class='ocrx_word' id='word_1_253' title='bbox 1761 3035 1818 3094; x_wconf 88' lang='lat' dir='ltr'>in</span> <span class='ocrx_word' id='word_1_254' title='bbox 1856 3042 2006 3094; x_wconf 85' lang='lat' dir='ltr'>statu</span> <span class='ocrx_word' id='word_1_255' title='bbox 2046 3033 2225 3095; x_wconf 86' lang='lat' dir='ltr'>servi-</span> 
     </span>
     <span class='ocr_line' id='line_1_35' title="bbox 214 3117 2222 3199; baseline -0 -20"><span class='ocrx_word' id='word_1_256' title='bbox 214 3121 350 3180; x_wconf 89' lang='lat' dir='ltr'>tutis</span> <span class='ocrx_word' id='word_1_257' title='bbox 404 3128 890 3198; x_wconf 84' lang='lat' dir='ltr'>praesentemque</span> <span class='ocrx_word' id='word_1_258' title='bbox 936 3117 1340 3178; x_wconf 82' lang='lat' dir='ltr'>condicionem</span> <span class='ocrx_word' id='word_1_259' title='bbox 1374 3136 1552 3179; x_wconf 80' lang='lat' dir='ltr'>verae</span> <span class='ocrx_word' id='word_1_260' title='bbox 1605 3119 1812 3198; x_wconf 80' lang='lat' dir='ltr'>origini</span> <span class='ocrx_word' id='word_1_261' title='bbox 1864 3120 2222 3199; x_wconf 77' lang='lat' dir='ltr'>anteposuit3</span> 
     </span>
     <span class='ocr_line' id='line_1_36' title="bbox 144 3202 2225 3281; baseline 0.001 -21"><span class='ocrx_word' id='word_1_262' title='bbox 144 3219 197 3260; x_wconf 69' lang='lat' dir='ltr'>aa</span> <span class='ocrx_word' id='word_1_263' title='bbox 218 3220 395 3281; x_wconf 87' lang='lat' dir='ltr'>quare</span> <span class='ocrx_word' id='word_1_264' title='bbox 430 3203 545 3264; x_wconf 86' lang='lat' dir='ltr'>cito</span> <span class='ocrx_word' id='word_1_265' title='bbox 584 3204 992 3279; x_wconf 85' lang='lat' dir='ltr'>manumissus,</span> <span class='ocrx_word' id='word_1_266' title='bbox 1036 3202 1304 3280; x_wconf 78' lang='lat' dir='ltr'>Angusto</span> <span class='ocrx_word' id='word_1_267' title='bbox 1347 3204 1516 3263; x_wconf 88' lang='lat' dir='ltr'>etiam</span> <span class='ocrx_word' id='word_1_268' title='bbox 1556 3202 1869 3264; x_wconf 85' lang='lat' dir='ltr'>insinuatus</span> <span class='ocrx_word' id='word_1_269' title='bbox 1912 3211 2019 3263; x_wconf 90' lang='lat' dir='ltr'>est.</span> <span class='ocrx_word' id='word_1_270' title='bbox 2096 3204 2225 3277; x_wconf 85' lang='lat' dir='ltr'>Quo</span> 
     </span>
     <span class='ocr_line' id='line_1_37' title="bbox 217 3285 2227 3364; baseline -0.001 -18"><span class='ocrx_word' id='word_1_271' title='bbox 217 3285 557 3364; x_wconf 81' lang='lat' dir='ltr'>delegante,</span> <span class='ocrx_word' id='word_1_272' title='bbox 612 3306 804 3349; x_wconf 86' lang='lat' dir='ltr'>curam</span> <span class='ocrx_word' id='word_1_273' title='bbox 847 3286 1283 3348; x_wconf 75' lang='lat' dir='ltr'>ordInandarum</span> <span class='ocrx_word' id='word_1_274' title='bbox 1329 3286 1811 3348; x_wconf 84' lang='lat' dir='ltr'>bibliothecarum</span> <span class='ocrx_word' id='word_1_275' title='bbox 1845 3288 1904 3347; x_wconf 88' lang='lat' dir='ltr'>in</span> <span class='ocrx_word' id='word_1_276' title='bbox 1947 3286 2227 3347; x_wconf 88' lang='lat' dir='ltr'>Octaviae</span> 
     </span>
     <span class='ocr_line' id='line_1_38' title="bbox 220 3370 2228 3451; baseline -0.001 -22"><span class='ocrx_word' id='word_1_277' title='bbox 220 3371 449 3447; x_wconf 72' lang='lat' dir='ltr'>porticu</span> <span class='ocrx_word' id='word_1_278' title='bbox 482 3374 758 3451; x_wconf 85' lang='lat' dir='ltr'>suscepit.</span> <span class='ocrx_word' id='word_1_279' title='bbox 814 3372 1041 3450; x_wconf 84' lang='lat' dir='ltr'>Atque,</span> <span class='ocrx_word' id='word_1_280' title='bbox 1075 3379 1136 3432; x_wconf 91' lang='lat' dir='ltr'>ut</span> <span class='ocrx_word' id='word_1_281' title='bbox 1157 3372 1286 3451; x_wconf 87' lang='lat' dir='ltr'>ipse</span> <span class='ocrx_word' id='word_1_282' title='bbox 1317 3370 1517 3449; x_wconf 89' lang='lat' dir='ltr'>tradit,</span> <span class='ocrx_word' id='word_1_283' title='bbox 1559 3372 1984 3450; x_wconf 78' lang='lat' dir='ltr'>sexagesimum</span> <span class='ocrx_word' id='word_1_284' title='bbox 2021 3370 2228 3430; x_wconf 87' lang='lat' dir='ltr'>aetatis</span> 
     </span>
     <span class='ocr_line' id='line_1_39' title="bbox 222 3454 2225 3535; baseline -0.002 -22"><span class='ocrx_word' id='word_1_285' title='bbox 222 3469 428 3513; x_wconf 86' lang='lat' dir='ltr'>annum</span> <span class='ocrx_word' id='word_1_286' title='bbox 474 3472 684 3532; x_wconf 79' lang='lat' dir='ltr'>agens,</span> <span class='ocrx_word' id='word_1_287' title='bbox 729 3455 968 3517; x_wconf 88' lang='lat' dir='ltr'>libellos</span> <span class='ocrx_word' id='word_1_288' title='bbox 1013 3454 1503 3535; x_wconf 84' lang='lat' dir='ltr'>Ineptiarum,</span> <span class='ocrx_word' id='word_1_289' title='bbox 1548 3457 1643 3535; x_wconf 84' lang='lat' dir='ltr'>qui</span> <span class='ocrx_word' id='word_1_290' title='bbox 1699 3474 1850 3516; x_wconf 88' lang='lat' dir='ltr'>nunc</span> <span class='ocrx_word' id='word_1_291' title='bbox 1892 3454 2225 3514; x_wconf 87' lang='lat' dir='ltr'>Iocorum</span> 
     </span>
    </p>
   </div>
  </div>
 </body>
</html>
