<?xml version="1.0" encoding="UTF-8"?>
<!DOCTYPE html PUBLIC "-//W3C//DTD XHTML 1.0 Transitional//EN"
    "http://www.w3.org/TR/xhtml1/DTD/xhtml1-transitional.dtd">
<html xmlns="http://www.w3.org/1999/xhtml" xml:lang="en" lang="en">
 <head>
  <title>
</title>
<meta http-equiv="Content-Type" content="text/html;charset=utf-8" />
  <meta name='ocr-system' content='tesseract 3.04.00' />
  <meta name='ocr-capabilities' content='ocr_page ocr_carea ocr_par ocr_line ocrx_word'/>
</head>
<body>
  <div class='ocr_page' id='page_1' title='image "./csuetonitranqui06rothgoog_0262.png"; bbox 0 0 2553 3960; ppageno 0'>
   <div class='ocr_carea' id='block_1_1' title="bbox 276 234 2169 304">
    <p class='ocr_par' dir='ltr' id='par_1_1' title="bbox 276 234 2169 304">
     <span class='ocr_line' id='line_1_1' title="bbox 276 234 2169 304; baseline -0.002 -9"><span class='ocrx_word' id='word_1_1' title='bbox 276 234 398 296; x_wconf 88' lang='lat'><em>150</em></span> <span class='ocrx_word' id='word_1_2' title='bbox 488 245 547 293; x_wconf 87' lang='lat' dir='ltr'><em>c.</em></span> <span class='ocrx_word' id='word_1_3' title='bbox 575 245 876 294; x_wconf 75' lang='lat' dir='ltr'><em>somom</em></span> <span class='ocrx_word' id='word_1_4' title='bbox 907 244 1163 304; x_wconf 66' lang='lat' dir='ltr'><em>mmo.</em></span> <span class='ocrx_word' id='word_1_5' title='bbox 1200 243 1297 291; x_wconf 82' lang='lat' dir='ltr'><em>DE</em></span> <span class='ocrx_word' id='word_1_6' title='bbox 1329 244 1493 291; x_wconf 75' lang='lat' dir='ltr'><em>vm</em></span> <span class='ocrx_word' id='word_1_7' title='bbox 1533 243 1904 292; x_wconf 72' lang='lat' dir='ltr'>CAESARUM</span> <span class='ocrx_word' id='word_1_8' title='bbox 1935 243 2077 291; x_wconf 75' lang='lat' dir='ltr'><em>Lm.</em></span> <span class='ocrx_word' id='word_1_9' title='bbox 2101 243 2169 291; x_wconf 85' lang='lat' dir='ltr'><em>V.</em></span> 
     </span>
    </p>
   </div>
   <div class='ocr_carea' id='block_1_2' title="bbox 191 398 2393 3599">
    <p class='ocr_par' dir='ltr' id='par_1_2' title="bbox 270 398 2290 547">
     <span class='ocr_line' id='line_1_2' title="bbox 274 398 2290 480; baseline -0 -18"><span class='ocrx_word' id='word_1_10' title='bbox 274 403 386 463; x_wconf 91' lang='lat' dir='ltr'><em>des</em></span> <span class='ocrx_word' id='word_1_11' title='bbox 423 400 587 461; x_wconf 80' lang='lat' dir='ltr'><em>hanc</em></span> <span class='ocrx_word' id='word_1_12' title='bbox 625 407 869 479; x_wconf 87' lang='lat' dir='ltr'><em>partem</em></span> <span class='ocrx_word' id='word_1_13' title='bbox 910 399 1215 480; x_wconf 76' lang='lat' dir='ltr'><em>epistulae</em></span> <span class='ocrx_word' id='word_1_14' title='bbox 1252 398 1435 459; x_wconf 81' lang='lat' dir='ltr'><em>huius</em></span> <span class='ocrx_word' id='word_1_15' title='bbox 1478 398 1816 478; x_wconf 74' lang='lat' dir='ltr'><em>leyendam.</em></span> <span class='ocrx_word' id='word_1_16' title='bbox 1877 400 2102 460; x_wconf 83' lang='lat' dir='ltr'>Rursus</span> <span class='ocrx_word' id='word_1_17' title='bbox 2143 398 2290 461; x_wconf 85' lang='lat' dir='ltr'><em>alte·</em></span> 
     </span>
     <span class='ocr_line' id='line_1_3' title="bbox 270 486 2218 547; baseline 0 -1"><span class='ocrx_word' id='word_1_18' title='bbox 270 488 354 547; x_wconf 90' lang='lat' dir='ltr'><em>ris</em></span> <span class='ocrx_word' id='word_1_19' title='bbox 389 486 623 545; x_wconf 87' lang='lat' dir='ltr'><em>litteris:</em></span> <span class='ocrx_word' id='word_1_20' title='bbox 2213 529 2218 534; x_wconf 75' lang='lat'><em>-</em></span> 
     </span>
    </p>

    <p class='ocr_par' dir='ltr' id='par_1_3' title="bbox 261 566 2374 1154">
     <span class='ocr_line' id='line_1_4' title="bbox 403 566 2285 647; baseline 0.001 -17"><span class='ocrx_word' id='word_1_21' title='bbox 403 568 713 630; x_wconf 78' lang='lat' dir='ltr'><strong><em>Tiberium</em></strong></span> <span class='ocrx_word' id='word_1_22' title='bbox 748 567 1197 630; x_wconf 77' lang='lat' dir='ltr'><em>adulescentem</em></span> <span class='ocrx_word' id='word_1_23' title='bbox 1231 585 1344 647; x_wconf 72' lang='lat' dir='ltr'><em>eqo</em></span> <span class='ocrx_word' id='word_1_24' title='bbox 1385 584 1567 644; x_wconf 85' lang='lat' dir='ltr'><em>vero,</em></span> <span class='ocrx_word' id='word_1_25' title='bbox 1623 566 1766 628; x_wconf 91' lang='lat' dir='ltr'><em>dum</em></span> <span class='ocrx_word' id='word_1_26' title='bbox 1797 574 1864 629; x_wconf 93' lang='lat' dir='ltr'><em>tu</em></span> <span class='ocrx_word' id='word_1_27' title='bbox 1899 567 2134 646; x_wconf 83' lang='lat' dir='ltr'><em>aberis,</em></span> <span class='ocrx_word' id='word_1_28' title='bbox 2183 587 2285 631; x_wconf 91' lang='lat' dir='ltr'><em>co-</em></span> 
     </span>
     <span class='ocr_line' id='line_1_5' title="bbox 271 650 2284 729; baseline 0 -14"><span class='ocrx_word' id='word_1_29' title='bbox 271 654 421 716; x_wconf 83' lang='lat' dir='ltr'><em>tidie</em></span> <span class='ocrx_word' id='word_1_30' title='bbox 447 650 727 714; x_wconf 83' lang='lat' dir='ltr'><em>invitabo</em></span> <span class='ocrx_word' id='word_1_31' title='bbox 761 653 850 713; x_wconf 93' lang='lat' dir='ltr'><em>ad</em></span> <span class='ocrx_word' id='word_1_32' title='bbox 891 671 1183 729; x_wconf 90' lang='lat' dir='ltr'><em>caenam,</em></span> <span class='ocrx_word' id='word_1_33' title='bbox 1240 670 1319 713; x_wconf 85' lang='lat' dir='ltr'><em>ne</em></span> <span class='ocrx_word' id='word_1_34' title='bbox 1358 651 1533 712; x_wconf 87' lang='lat' dir='ltr'><em>solus</em></span> <span class='ocrx_word' id='word_1_35' title='bbox 1575 660 1791 713; x_wconf 88' lang='lat' dir='ltr'><em>caenet</em></span> <span class='ocrx_word' id='word_1_36' title='bbox 1819 672 1955 714; x_wconf 92' lang='lat' dir='ltr'><em>cum</em></span> <span class='ocrx_word' id='word_1_37' title='bbox 1990 671 2104 715; x_wconf 88' lang='lat' dir='ltr'><em>suo</em></span> <span class='ocrx_word' id='word_1_38' title='bbox 2144 651 2284 715; x_wconf 84' lang='lat' dir='ltr'><em>Sul·</em></span> 
     </span>
     <span class='ocr_line' id='line_1_6' title="bbox 261 733 2332 834; baseline -0 -35"><span class='ocrx_word' id='word_1_39' title='bbox 261 740 477 834; x_wconf 86' lang='lat' dir='ltr'><em>picio</em></span> <span class='ocrx_word' id='word_1_40' title='bbox 487 744 546 798; x_wconf 90' lang='lat' dir='ltr'><em>et</em></span> <span class='ocrx_word' id='word_1_41' title='bbox 593 733 1014 799; x_wconf 80' lang='lat' dir='ltr'><em>Athenodoro.</em></span> <span class='ocrx_word' id='word_1_42' title='bbox 1107 735 1229 811; x_wconf 82' lang='lat' dir='ltr'><em>Qui</em></span> <span class='ocrx_word' id='word_1_43' title='bbox 1285 735 1498 797; x_wconf 83' lang='lat' dir='ltr'><em>vellem</em></span> <span class='ocrx_word' id='word_1_44' title='bbox 1560 736 1913 816; x_wconf 75' lang='lat' dir='ltr'><em>diliyentius</em></span> <span class='ocrx_word' id='word_1_45' title='bbox 1973 744 2031 798; x_wconf 94' lang='lat' dir='ltr'><em>et</em></span> <span class='ocrx_word' id='word_1_46' title='bbox 2085 738 2290 798; x_wconf 81' lang='lat' dir='ltr'><em>minus</em></span> <span class='ocrx_word' id='word_1_47' title='bbox 2308 757 2332 798; x_wconf 80' lang='lat'>⁵</span> 
     </span>
     <span class='ocr_line' id='line_1_7' title="bbox 268 814 2374 902; baseline 0 -19"><span class='ocrx_word' id='word_1_48' title='bbox 268 814 615 902; x_wconf 78' lang='grc' dir='ltr'><em>μετεώρως</em></span> <span class='ocrx_word' id='word_1_49' title='bbox 658 819 953 901; x_wconf 74' lang='lat' dir='ltr'><em>deliqeret</em></span> <span class='ocrx_word' id='word_1_50' title='bbox 998 821 1122 882; x_wconf 81' lang='lat' dir='ltr'><em>sibi</em></span> <span class='ocrx_word' id='word_1_51' title='bbox 1175 822 1471 901; x_wconf 80' lang='lat' dir='ltr'><em>aliquem,</em></span> <span class='ocrx_word' id='word_1_52' title='bbox 1548 822 1723 881; x_wconf 82' lang='lat' dir='ltr'><em>cuius</em></span> <span class='ocrx_word' id='word_1_53' title='bbox 1762 828 1988 883; x_wconf 90' lang='lat' dir='ltr'><em>motum</em></span> <span class='ocrx_word' id='word_1_54' title='bbox 2025 827 2084 881; x_wconf 87' lang='lat' dir='ltr'><em>et</em></span> <span class='ocrx_word' id='word_1_55' title='bbox 2108 821 2286 883; x_wconf 80' lang='lat' dir='ltr'><em>habi·</em></span> <span class='ocrx_word' id='word_1_56' title='bbox 2369 831 2374 835; x_wconf 85' lang='grc'><em>’</em></span> 
     </span>
     <span class='ocr_line' id='line_1_8' title="bbox 269 894 2291 984; baseline 0 -17"><span class='ocrx_word' id='word_1_57' title='bbox 269 914 395 968; x_wconf 91' lang='lat' dir='ltr'><em>tum</em></span> <span class='ocrx_word' id='word_1_58' title='bbox 449 915 506 967; x_wconf 89' lang='lat' dir='ltr'><em>et</em></span> <span class='ocrx_word' id='word_1_59' title='bbox 560 905 867 966; x_wconf 89' lang='lat' dir='ltr'><em>incessum</em></span> <span class='ocrx_word' id='word_1_60' title='bbox 899 906 1266 968; x_wconf 75' lang='lat' dir='ltr'><em>imitaretur</em></span> <span class='ocrx_word' id='word_1_61' title='bbox 1358 904 1643 966; x_wconf 71' lang='lat' dir='ltr'><em>Mis-ellus</em></span> <span class='ocrx_word' id='word_1_62' title='bbox 1695 894 1954 984; x_wconf 71' lang='grc' dir='ltr'><em>ἀτυχεῖ·</em></span> <span class='ocrx_word' id='word_1_63' title='bbox 2019 924 2165 967; x_wconf 92' lang='lat' dir='ltr'><em>nam</em></span> <span class='ocrx_word' id='word_1_64' title='bbox 2216 902 2291 967; x_wconf 83' lang='grc' dir='ltr'><em>ἐν</em></span> 
     </span>
     <span class='ocr_line' id='line_1_9' title="bbox 267 986 2289 1085; baseline 0 -35"><span class='ocrx_word' id='word_1_65' title='bbox 267 999 406 1063; x_wconf 79' lang='grc' dir='ltr'><em>τοῖς</em></span> <span class='ocrx_word' id='word_1_66' title='bbox 442 986 871 1085; x_wconf 79' lang='grc' dir='ltr'><strong><em>σπουδαίοις,</em></strong></span> <span class='ocrx_word' id='word_1_67' title='bbox 924 990 1034 1051; x_wconf 86' lang='lat' dir='ltr'><em>ubi</em></span> <span class='ocrx_word' id='word_1_68' title='bbox 1079 1009 1204 1052; x_wconf 91' lang='lat' dir='ltr'><em>non</em></span> <span class='ocrx_word' id='word_1_69' title='bbox 1248 989 1576 1051; x_wconf 82' lang='lat' dir='ltr'><em>aberravit</em></span> <span class='ocrx_word' id='word_1_70' title='bbox 1613 990 1746 1050; x_wconf 83' lang='lat' dir='ltr'><em>eius</em></span> <span class='ocrx_word' id='word_1_71' title='bbox 1790 990 2066 1067; x_wconf 86' lang='lat' dir='ltr'><em>animus,</em></span> <span class='ocrx_word' id='word_1_72' title='bbox 2128 991 2289 1051; x_wconf 83' lang='lat' dir='ltr'><em>satis</em></span> 
     </span>
     <span class='ocr_line' id='line_1_10' title="bbox 270 1061 2284 1154; baseline -0.001 -19"><span class='ocrx_word' id='word_1_73' title='bbox 270 1081 543 1153; x_wconf 90' lang='lat' dir='ltr'><em>apparet</em></span> <span class='ocrx_word' id='word_1_74' title='bbox 568 1061 608 1152; x_wconf 84' lang='grc' dir='ltr'><strong><em>ἡ</em></strong></span> <span class='ocrx_word' id='word_1_75' title='bbox 641 1070 758 1153; x_wconf 81' lang='grc' dir='ltr'><em>τῆς</em></span> <span class='ocrx_word' id='word_1_76' title='bbox 792 1072 1005 1154; x_wconf 80' lang='grc' dir='ltr'><strong><em>ψυχῆς</em></strong></span> <span class='ocrx_word' id='word_1_77' title='bbox 1029 1064 1241 1136; x_wconf 75' lang='grc' dir='ltr'><em>αὐτοῦ</em></span> <span class='ocrx_word' id='word_1_78' title='bbox 1273 1063 1597 1153; x_wconf 79' lang='grc' dir='ltr'><em>εὐγένεια.</em></span> <span class='ocrx_word' id='word_1_79' title='bbox 1654 1074 1800 1135; x_wconf 90' lang='lat' dir='ltr'><em>Item</em></span> <span class='ocrx_word' id='word_1_80' title='bbox 1829 1077 2016 1135; x_wconf 88' lang='lat' dir='ltr'><em>tertiis</em></span> <span class='ocrx_word' id='word_1_81' title='bbox 2047 1076 2284 1135; x_wconf 88' lang='lat' dir='ltr'><em>litteris:</em></span> 
     </span>
    </p>

    <p class='ocr_par' dir='ltr' id='par_1_4' title="bbox 259 1157 2357 1491">
     <span class='ocr_line' id='line_1_11' title="bbox 400 1157 2357 1237; baseline 0.002 -17"><span class='ocrx_word' id='word_1_82' title='bbox 400 1157 708 1220; x_wconf 75' lang='lat' dir='ltr'><em>Tiberium</em></span> <span class='ocrx_word' id='word_1_83' title='bbox 768 1166 1047 1236; x_wconf 81' lang='lat' dir='ltr'><em>nepotem</em></span> <span class='ocrx_word' id='word_1_84' title='bbox 1102 1164 1270 1219; x_wconf 92' lang='lat' dir='ltr'><em>tuum</em></span> <span class='ocrx_word' id='word_1_85' title='bbox 1321 1158 1582 1237; x_wconf 88' lang='lat' dir='ltr'><em>placere</em></span> <span class='ocrx_word' id='word_1_86' title='bbox 1639 1159 1790 1219; x_wconf 80' lang='lat' dir='ltr'><em>mihi</em></span> <span class='ocrx_word' id='word_1_87' title='bbox 1843 1159 2287 1221; x_wconf 77' lang='lat' dir='ltr'><em>declamantem</em></span> <span class='ocrx_word' id='word_1_88' title='bbox 2308 1181 2357 1223; x_wconf 71' lang='grc' dir='ltr'><em>ιο</em></span> 
     </span>
     <span class='ocr_line' id='line_1_12' title="bbox 259 1242 2289 1337; baseline -0 -33"><span class='ocrx_word' id='word_1_89' title='bbox 259 1244 576 1322; x_wconf 85' lang='lat' dir='ltr'><em>potuisse,</em></span> <span class='ocrx_word' id='word_1_90' title='bbox 636 1258 895 1318; x_wconf 79' lang='lat' dir='ltr'><em>peream</em></span> <span class='ocrx_word' id='word_1_91' title='bbox 931 1244 1085 1319; x_wconf 86' lang='lat' dir='ltr'><em>nisi,</em></span> <span class='ocrx_word' id='word_1_92' title='bbox 1148 1261 1288 1303; x_wconf 92' lang='lat' dir='ltr'><em>mea</em></span> <span class='ocrx_word' id='word_1_93' title='bbox 1317 1242 1532 1320; x_wconf 79' lang='lat' dir='ltr'><em>Livia,</em></span> <span class='ocrx_word' id='word_1_94' title='bbox 1592 1243 1896 1305; x_wconf 85' lang='lat' dir='ltr'><em>admiror.</em></span> <span class='ocrx_word' id='word_1_95' title='bbox 1988 1242 2150 1305; x_wconf 86' lang='lat' dir='ltr'><em>Nam</em></span> <span class='ocrx_word' id='word_1_96' title='bbox 2183 1245 2289 1337; x_wconf 83' lang='lat' dir='ltr'><em>qui</em></span> 
     </span>
     <span class='ocr_line' id='line_1_13' title="bbox 266 1323 2287 1408; baseline 0 -20"><span class='ocrx_word' id='word_1_97' title='bbox 266 1334 392 1388; x_wconf 89' lang='lat' dir='ltr'><em>tam</em></span> <span class='ocrx_word' id='word_1_98' title='bbox 421 1323 694 1404; x_wconf 77' lang='grc' dir='ltr'><em>ἀσαφῶς</em></span> <span class='ocrx_word' id='word_1_99' title='bbox 734 1326 1060 1406; x_wconf 85' lang='lat' dir='ltr'><em>loquatur,</em></span> <span class='ocrx_word' id='word_1_100' title='bbox 1126 1328 1233 1407; x_wconf 84' lang='lat' dir='ltr'><em>qui</em></span> <span class='ocrx_word' id='word_1_101' title='bbox 1273 1327 1487 1406; x_wconf 85' lang='lat' dir='ltr'><em>possit</em></span> <span class='ocrx_word' id='word_1_102' title='bbox 1524 1346 1661 1388; x_wconf 89' lang='lat' dir='ltr'><em>cum</em></span> <span class='ocrx_word' id='word_1_103' title='bbox 1705 1328 2019 1389; x_wconf 84' lang='lat' dir='ltr'><em>declamat</em></span> <span class='ocrx_word' id='word_1_104' title='bbox 2057 1324 2287 1408; x_wconf 76' lang='grc' dir='ltr'><strong><em>σαφῶς</em></strong></span> 
     </span>
     <span class='ocr_line' id='line_1_14' title="bbox 266 1410 1569 1491; baseline 0.002 -20"><span class='ocrx_word' id='word_1_105' title='bbox 266 1410 476 1473; x_wconf 78' lang='lat' dir='ltr'><em>dicere</em></span> <span class='ocrx_word' id='word_1_106' title='bbox 504 1427 666 1491; x_wconf 85' lang='lat' dir='ltr'><em>quae</em></span> <span class='ocrx_word' id='word_1_107' title='bbox 694 1410 961 1472; x_wconf 86' lang='lat' dir='ltr'><em>dicenda</em></span> <span class='ocrx_word' id='word_1_108' title='bbox 994 1417 1167 1489; x_wconf 86' lang='lat' dir='ltr'><em>sunt,</em></span> <span class='ocrx_word' id='word_1_109' title='bbox 1214 1430 1340 1473; x_wconf 92' lang='lat' dir='ltr'><em>non</em></span> <span class='ocrx_word' id='word_1_110' title='bbox 1366 1411 1569 1473; x_wconf 84' lang='lat' dir='ltr'><em>video.</em></span> 
     </span>
    </p>

    <p class='ocr_par' dir='ltr' id='par_1_5' title="bbox 260 1495 2393 1915">
     <span class='ocr_line' id='line_1_15' title="bbox 385 1495 2287 1577; baseline 0 -20"><span class='ocrx_word' id='word_1_111' title='bbox 385 1497 514 1557; x_wconf 89' lang='lat' dir='ltr'><em>Nec</em></span> <span class='ocrx_word' id='word_1_112' title='bbox 548 1495 778 1556; x_wconf 86' lang='lat' dir='ltr'><em>dubium</em></span> <span class='ocrx_word' id='word_1_113' title='bbox 811 1506 932 1575; x_wconf 91' lang='lat' dir='ltr'><em>est,</em></span> <span class='ocrx_word' id='word_1_114' title='bbox 981 1496 1116 1577; x_wconf 91' lang='lat' dir='ltr'><em>quid</em></span> <span class='ocrx_word' id='word_1_115' title='bbox 1148 1505 1281 1575; x_wconf 88' lang='lat' dir='ltr'><em>post</em></span> <span class='ocrx_word' id='word_1_116' title='bbox 1310 1496 1458 1557; x_wconf 86' lang='lat' dir='ltr'><em>haec</em></span> <span class='ocrx_word' id='word_1_117' title='bbox 1490 1496 1791 1575; x_wconf 88' lang='lat' dir='ltr'><em>Augustus</em></span> <span class='ocrx_word' id='word_1_118' title='bbox 1830 1498 2194 1557; x_wconf 87' lang='lat' dir='ltr'><em>constituerit</em></span> <span class='ocrx_word' id='word_1_119' title='bbox 2227 1505 2287 1557; x_wconf 89' lang='lat' dir='ltr'><em>et</em></span> 
     </span>
     <span class='ocr_line' id='line_1_16' title="bbox 260 1580 2354 1661; baseline 0.003 -20"><span class='ocrx_word' id='word_1_120' title='bbox 260 1580 566 1661; x_wconf 84' lang='lat' dir='ltr'><em>reliquerit</em></span> <span class='ocrx_word' id='word_1_121' title='bbox 606 1599 736 1641; x_wconf 90' lang='lat' dir='ltr'><em>eum</em></span> <span class='ocrx_word' id='word_1_122' title='bbox 777 1581 936 1641; x_wconf 92' lang='lat' dir='ltr'><em>nullo</em></span> <span class='ocrx_word' id='word_1_123' title='bbox 972 1590 1208 1660; x_wconf 88' lang='lat' dir='ltr'><em>praeter</em></span> <span class='ocrx_word' id='word_1_124' title='bbox 1240 1582 1536 1658; x_wconf 87' lang='lat' dir='ltr'><em>auguralis</em></span> <span class='ocrx_word' id='word_1_125' title='bbox 1576 1582 1894 1643; x_wconf 87' lang='lat' dir='ltr'><em>sacerdotii</em></span> <span class='ocrx_word' id='word_1_126' title='bbox 1924 1582 2151 1643; x_wconf 85' lang='lat' dir='ltr'><em>honore</em></span> <span class='ocrx_word' id='word_1_127' title='bbox 2183 1583 2281 1641; x_wconf 89' lang='lat' dir='ltr'><em>im·</em></span> <span class='ocrx_word' id='word_1_128' title='bbox 2306 1606 2354 1647; x_wconf 70' lang='grc' dir='ltr'><em>ιε</em></span> 
     </span>
     <span class='ocr_line' id='line_1_17' title="bbox 260 1665 2283 1745; baseline 0 -20"><span class='ocrx_word' id='word_1_129' title='bbox 260 1668 556 1745; x_wconf 80' lang='lat' dir='ltr'><em>pertitam,</em></span> <span class='ocrx_word' id='word_1_130' title='bbox 613 1684 682 1726; x_wconf 89' lang='lat' dir='ltr'><em>ac</em></span> <span class='ocrx_word' id='word_1_131' title='bbox 714 1683 787 1724; x_wconf 92' lang='lat' dir='ltr'><em>ne</em></span> <span class='ocrx_word' id='word_1_132' title='bbox 830 1665 1107 1726; x_wconf 89' lang='lat' dir='ltr'><em>heredem</em></span> <span class='ocrx_word' id='word_1_133' title='bbox 1141 1665 1372 1744; x_wconf 82' lang='lat' dir='ltr'><em>quidem</em></span> <span class='ocrx_word' id='word_1_134' title='bbox 1413 1667 1523 1726; x_wconf 91' lang='lat' dir='ltr'><em>nisi</em></span> <span class='ocrx_word' id='word_1_135' title='bbox 1554 1667 1704 1726; x_wconf 89' lang='lat' dir='ltr'><em>inter</em></span> <span class='ocrx_word' id='word_1_136' title='bbox 1734 1668 1939 1727; x_wconf 89' lang='lat' dir='ltr'><em>tertios</em></span> <span class='ocrx_word' id='word_1_137' title='bbox 1981 1684 2052 1727; x_wconf 85' lang='lat' dir='ltr'><em>ac</em></span> <span class='ocrx_word' id='word_1_138' title='bbox 2095 1685 2283 1745; x_wconf 87' lang='lat' dir='ltr'><em>paene</em></span> 
     </span>
     <span class='ocr_line' id='line_1_18' title="bbox 262 1751 2285 1830; baseline 0 -21"><span class='ocrx_word' id='word_1_139' title='bbox 262 1759 575 1810; x_wconf 86' lang='lat' dir='ltr'><em>extraneos</em></span> <span class='ocrx_word' id='word_1_140' title='bbox 638 1768 671 1809; x_wconf 89' lang='lat' dir='ltr'><em>e</em></span> <span class='ocrx_word' id='word_1_141' title='bbox 729 1759 896 1828; x_wconf 87' lang='lat' dir='ltr'><em>parte</em></span> <span class='ocrx_word' id='word_1_142' title='bbox 953 1758 1121 1811; x_wconf 84' lang='lat' dir='ltr'><em>sexta</em></span> <span class='ocrx_word' id='word_1_143' title='bbox 1181 1752 1555 1829; x_wconf 84' lang='lat' dir='ltr'><em>nuncuparit,</em></span> <span class='ocrx_word' id='word_1_144' title='bbox 1613 1751 1812 1829; x_wconf 86' lang='lat' dir='ltr'><em>legato</em></span> <span class='ocrx_word' id='word_1_145' title='bbox 1874 1768 2109 1830; x_wconf 87' lang='lat' dir='ltr'><em>quoque</em></span> <span class='ocrx_word' id='word_1_146' title='bbox 2169 1769 2285 1811; x_wconf 90' lang='lat' dir='ltr'><em>non</em></span> 
     </span>
     <span class='ocr_line' id='line_1_19' title="bbox 262 1835 2393 1915; baseline 0.001 -23"><span class='ocrx_word' id='word_1_147' title='bbox 262 1835 506 1913; x_wconf 89' lang='lat' dir='ltr'><em>amplius</em></span> <span class='ocrx_word' id='word_1_148' title='bbox 544 1851 712 1912; x_wconf 86' lang='lat' dir='ltr'><em>quam</em></span> <span class='ocrx_word' id='word_1_149' title='bbox 750 1836 1216 1912; x_wconf 85' lang='lat' dir='ltr'><em>octingentorum</em></span> <span class='ocrx_word' id='word_1_150' title='bbox 1248 1838 1650 1895; x_wconf 78' lang='lat' dir='ltr'><em>sestertiorum</em></span> <span class='ocrx_word' id='word_1_151' title='bbox 1679 1844 2051 1915; x_wconf 75' lang='lat' dir='ltr'><em>prosecutus,</em></span> <span class='ocrx_word' id='word_1_152' title='bbox 2389 1905 2393 1909; x_wconf 87' lang='lat'>.</span> 
     </span>
    </p>

    <p class='ocr_par' dir='ltr' id='par_1_6' title="bbox 196 1918 2352 2587">
     <span class='ocr_line' id='line_1_20' title="bbox 196 1918 2281 1999; baseline 0 -21"><span class='ocrx_word' id='word_1_153' title='bbox 196 1919 229 1972; x_wconf 86' lang='lat'>5</span> <span class='ocrx_word' id='word_1_154' title='bbox 381 1918 649 1979; x_wconf 90' lang='lat' dir='ltr'><em>Tiberius</em></span> <span class='ocrx_word' id='word_1_155' title='bbox 706 1927 943 1997; x_wconf 88' lang='lat' dir='ltr'><em>patruus</em></span> <span class='ocrx_word' id='word_1_156' title='bbox 994 1921 1215 1999; x_wconf 90' lang='lat' dir='ltr'><em>petenti</em></span> <span class='ocrx_word' id='word_1_157' title='bbox 1266 1919 1525 1980; x_wconf 86' lang='lat' dir='ltr'><em>honores</em></span> <span class='ocrx_word' id='word_1_158' title='bbox 1574 1920 1901 1982; x_wconf 89' lang='lat' dir='ltr'><em>consularia</em></span> <span class='ocrx_word' id='word_1_159' title='bbox 1942 1927 2281 1982; x_wconf 86' lang='lat' dir='ltr'><em>ornamenta</em></span> 
     </span>
     <span class='ocr_line' id='line_1_21' title="bbox 258 2002 2352 2082; baseline 0.001 -19"><span class='ocrx_word' id='word_1_160' title='bbox 258 2002 487 2074; x_wconf 90' lang='lat' dir='ltr'><em>detulit;</em></span> <span class='ocrx_word' id='word_1_161' title='bbox 550 2003 655 2063; x_wconf 89' lang='lat' dir='ltr'><em>sed</em></span> <span class='ocrx_word' id='word_1_162' title='bbox 697 2005 996 2063; x_wconf 88' lang='lat' dir='ltr'><em>instantius</em></span> <span class='ocrx_word' id='word_1_163' title='bbox 1029 2005 1324 2081; x_wconf 90' lang='lat' dir='ltr'><em>legitimos</em></span> <span class='ocrx_word' id='word_1_164' title='bbox 1360 2005 1641 2082; x_wconf 85' lang='lat' dir='ltr'><em>flagitanti</em></span> <span class='ocrx_word' id='word_1_165' title='bbox 1673 2005 1730 2066; x_wconf 90' lang='lat' dir='ltr'><em>id</em></span> <span class='ocrx_word' id='word_1_166' title='bbox 1772 2005 1958 2064; x_wconf 92' lang='lat' dir='ltr'><em>solum</em></span> <span class='ocrx_word' id='word_1_167' title='bbox 1993 2004 2280 2065; x_wconf 86' lang='lat' dir='ltr'><em>codicillis</em></span> <span class='ocrx_word' id='word_1_168' title='bbox 2299 2024 2352 2066; x_wconf 83' lang='lat'><em>20</em></span> 
     </span>
     <span class='ocr_line' id='line_1_22' title="bbox 254 2086 2276 2168; baseline 0.001 -21"><span class='ocrx_word' id='word_1_169' title='bbox 254 2088 595 2165; x_wconf 82' lang='lat' dir='ltr'><em>rescripsit,</em></span> <span class='ocrx_word' id='word_1_170' title='bbox 649 2086 1076 2167; x_wconf 71' lang='lat' dir='ltr'><em>quadrayinta</em></span> <span class='ocrx_word' id='word_1_171' title='bbox 1138 2106 1371 2150; x_wconf 85' lang='lat' dir='ltr'><em>aureos</em></span> <span class='ocrx_word' id='word_1_172' title='bbox 1426 2089 1494 2150; x_wconf 92' lang='lat' dir='ltr'><em>in</em></span> <span class='ocrx_word' id='word_1_173' title='bbox 1544 2087 1922 2152; x_wconf 84' lang='lat' dir='ltr'><em>Saturnalia</em></span> <span class='ocrx_word' id='word_1_174' title='bbox 1974 2096 2033 2150; x_wconf 92' lang='lat' dir='ltr'><em>et</em></span> <span class='ocrx_word' id='word_1_175' title='bbox 2086 2087 2276 2168; x_wconf 70' lang='lat' dir='ltr'><em>Siqu-</em></span> 
     </span>
     <span class='ocr_line' id='line_1_23' title="bbox 256 2170 2279 2254; baseline 0.001 -23"><span class='ocrx_word' id='word_1_176' title='bbox 256 2171 428 2231; x_wconf 85' lang='lat' dir='ltr'><em>laria</em></span> <span class='ocrx_word' id='word_1_177' title='bbox 469 2170 717 2231; x_wconf 83' lang='lat' dir='ltr'><em>misisse</em></span> <span class='ocrx_word' id='word_1_178' title='bbox 757 2171 831 2231; x_wconf 85' lang='lat' dir='ltr'><em>ei.</em></span> <span class='ocrx_word' id='word_1_179' title='bbox 923 2171 1085 2232; x_wconf 88' lang='lat' dir='ltr'><em>Tunc</em></span> <span class='ocrx_word' id='word_1_180' title='bbox 1128 2173 1352 2233; x_wconf 90' lang='lat' dir='ltr'><em>demum</em></span> <span class='ocrx_word' id='word_1_181' title='bbox 1393 2173 1623 2235; x_wconf 85' lang='lat' dir='ltr'><em>abiecta</em></span> <span class='ocrx_word' id='word_1_182' title='bbox 1668 2192 1775 2254; x_wconf 87' lang='lat' dir='ltr'><em>spe</em></span> <span class='ocrx_word' id='word_1_183' title='bbox 1818 2174 2143 2251; x_wconf 86' lang='lat' dir='ltr'><em>dignitatis,</em></span> <span class='ocrx_word' id='word_1_184' title='bbox 2206 2173 2279 2234; x_wconf 89' lang='lat' dir='ltr'><em>ad</em></span> 
     </span>
     <span class='ocr_line' id='line_1_24' title="bbox 256 2255 2276 2333; baseline 0 -18"><span class='ocrx_word' id='word_1_185' title='bbox 256 2256 435 2315; x_wconf 90' lang='lat' dir='ltr'><em>otium</em></span> <span class='ocrx_word' id='word_1_186' title='bbox 466 2256 795 2333; x_wconf 82' lang='lat' dir='ltr'><em>concessit,</em></span> <span class='ocrx_word' id='word_1_187' title='bbox 846 2255 1021 2316; x_wconf 91' lang='lat' dir='ltr'><em>modo</em></span> <span class='ocrx_word' id='word_1_188' title='bbox 1052 2259 1110 2316; x_wconf 90' lang='lat' dir='ltr'><em>in</em></span> <span class='ocrx_word' id='word_1_189' title='bbox 1138 2257 1325 2318; x_wconf 89' lang='lat' dir='ltr'><em>hortis</em></span> <span class='ocrx_word' id='word_1_190' title='bbox 1357 2267 1414 2317; x_wconf 89' lang='lat' dir='ltr'><em>et</em></span> <span class='ocrx_word' id='word_1_191' title='bbox 1447 2257 1778 2319; x_wconf 85' lang='lat' dir='ltr'><em>suburbano</em></span> <span class='ocrx_word' id='word_1_192' title='bbox 1815 2258 1987 2319; x_wconf 91' lang='lat' dir='ltr'><em>modo</em></span> <span class='ocrx_word' id='word_1_193' title='bbox 2019 2259 2077 2317; x_wconf 92' lang='lat' dir='ltr'><em>in</em></span> <span class='ocrx_word' id='word_1_194' title='bbox 2110 2256 2276 2318; x_wconf 89' lang='lat' dir='ltr'><em>Cam·</em></span> 
     </span>
     <span class='ocr_line' id='line_1_25' title="bbox 255 2339 2274 2422; baseline 0.001 -23"><span class='ocrx_word' id='word_1_195' title='bbox 255 2340 463 2419; x_wconf 87' lang='lat' dir='ltr'><em>paniae</em></span> <span class='ocrx_word' id='word_1_196' title='bbox 529 2357 772 2400; x_wconf 85' lang='lat' dir='ltr'><em>secessu</em></span> <span class='ocrx_word' id='word_1_197' title='bbox 824 2339 1210 2420; x_wconf 83' lang='lat' dir='ltr'><em>delitescens,</em></span> <span class='ocrx_word' id='word_1_198' title='bbox 1272 2352 1446 2422; x_wconf 87' lang='lat' dir='ltr'><em>atque</em></span> <span class='ocrx_word' id='word_1_199' title='bbox 1510 2361 1586 2403; x_wconf 88' lang='lat' dir='ltr'><em>ex</em></span> <span class='ocrx_word' id='word_1_200' title='bbox 1645 2342 2029 2403; x_wconf 87' lang='lat' dir='ltr'><em>contubernio</em></span> <span class='ocrx_word' id='word_1_201' title='bbox 2091 2341 2274 2403; x_wconf 88' lang='lat' dir='ltr'><em>sordi·</em></span> 
     </span>
     <span class='ocr_line' id='line_1_26' title="bbox 255 2423 2351 2505; baseline 0.001 -21"><span class='ocrx_word' id='word_1_202' title='bbox 255 2423 621 2484; x_wconf 85' lang='lat' dir='ltr'><em>d&#39;issimorum</em></span> <span class='ocrx_word' id='word_1_203' title='bbox 661 2424 953 2485; x_wconf 87' lang='lat' dir='ltr'><em>hominum</em></span> <span class='ocrx_word' id='word_1_204' title='bbox 996 2444 1175 2505; x_wconf 90' lang='lat' dir='ltr'><em>super</em></span> <span class='ocrx_word' id='word_1_205' title='bbox 1213 2436 1475 2487; x_wconf 83' lang='lat' dir='ltr'><em>veterem</em></span> <span class='ocrx_word' id='word_1_206' title='bbox 1518 2427 1803 2504; x_wconf 86' lang='lat' dir='ltr'><em>segnitiae</em></span> <span class='ocrx_word' id='word_1_207' title='bbox 1846 2436 2041 2488; x_wconf 87' lang='lat' dir='ltr'><em>notam</em></span> <span class='ocrx_word' id='word_1_208' title='bbox 2086 2427 2351 2487; x_wconf 74' lang='lat' dir='ltr'><em>ebrie-25</em></span> 
     </span>
     <span class='ocr_line' id='line_1_27' title="bbox 252 2508 1482 2587; baseline 0.001 -19"><span class='ocrx_word' id='word_1_209' title='bbox 252 2508 387 2568; x_wconf 80' lang='lat' dir='ltr'><em>tatis</em></span> <span class='ocrx_word' id='word_1_210' title='bbox 418 2525 651 2587; x_wconf 86' lang='lat' dir='ltr'><em>quoque</em></span> <span class='ocrx_word' id='word_1_211' title='bbox 684 2518 742 2569; x_wconf 89' lang='lat' dir='ltr'><em>et</em></span> <span class='ocrx_word' id='word_1_212' title='bbox 767 2509 937 2570; x_wconf 88' lang='lat' dir='ltr'><em>aleae</em></span> <span class='ocrx_word' id='word_1_213' title='bbox 968 2510 1255 2571; x_wconf 80' lang='lat' dir='ltr'><em>infamiam</em></span> <span class='ocrx_word' id='word_1_214' title='bbox 1287 2511 1482 2571; x_wconf 89' lang='lat' dir='ltr'><em>subiit.</em></span> 
     </span>
    </p>

    <p class='ocr_par' dir='ltr' id='par_1_7' title="bbox 191 2590 2348 3585">
     <span class='ocr_line' id='line_1_28' title="bbox 191 2590 2275 2675; baseline 0.002 -24"><span class='ocrx_word' id='word_1_215' title='bbox 191 2596 224 2651; x_wconf 89' lang='lat'><strong>6</strong></span> <span class='ocrx_word' id='word_1_216' title='bbox 380 2590 522 2653; x_wconf 89' lang='lat' dir='ltr'><em>Cum</em></span> <span class='ocrx_word' id='word_1_217' title='bbox 579 2595 833 2671; x_wconf 90' lang='lat' dir='ltr'><em>interim,</em></span> <span class='ocrx_word' id='word_1_218' title='bbox 895 2611 1235 2674; x_wconf 87' lang='lat' dir='ltr'><em>quamquam</em></span> <span class='ocrx_word' id='word_1_219' title='bbox 1288 2596 1404 2655; x_wconf 88' lang='lat' dir='ltr'><em>hoc</em></span> <span class='ocrx_word' id='word_1_220' title='bbox 1453 2595 1625 2656; x_wconf 92' lang='lat' dir='ltr'><em>modo</em></span> <span class='ocrx_word' id='word_1_221' title='bbox 1681 2598 1908 2675; x_wconf 83' lang='lat' dir='ltr'><em>agenti,</em></span> <span class='ocrx_word' id='word_1_222' title='bbox 1971 2613 2275 2675; x_wconf 83' lang='lat' dir='ltr'><em>numquam</em></span> 
     </span>
     <span class='ocr_line' id='line_1_29' title="bbox 253 2677 2272 2760; baseline 0 -23"><span class='ocrx_word' id='word_1_223' title='bbox 253 2686 350 2737; x_wconf 86' lang='lat' dir='ltr'><em>aut</em></span> <span class='ocrx_word' id='word_1_224' title='bbox 386 2677 641 2738; x_wconf 84' lang='lat' dir='ltr'><em>officium</em></span> <span class='ocrx_word' id='word_1_225' title='bbox 681 2677 970 2739; x_wconf 89' lang='lat' dir='ltr'><em>hominum</em></span> <span class='ocrx_word' id='word_1_226' title='bbox 1012 2689 1105 2740; x_wconf 88' lang='lat' dir='ltr'><em>aut</em></span> <span class='ocrx_word' id='word_1_227' title='bbox 1150 2680 1481 2741; x_wconf 87' lang='lat' dir='ltr'><em>reverentia</em></span> <span class='ocrx_word' id='word_1_228' title='bbox 1513 2679 1748 2760; x_wconf 89' lang='lat' dir='ltr'><em>publice</em></span> <span class='ocrx_word' id='word_1_229' title='bbox 1790 2681 1989 2742; x_wconf 82' lang='lat' dir='ltr'><em>defuit.</em></span> <span class='ocrx_word' id='word_1_230' title='bbox 2078 2679 2272 2758; x_wconf 86' lang='lat' dir='ltr'><em>Eque-</em></span> 
     </span>
     <span class='ocr_line' id='line_1_30' title="bbox 251 2761 2273 2843; baseline 0 -22"><span class='ocrx_word' id='word_1_231' title='bbox 251 2771 373 2822; x_wconf 89' lang='lat' dir='ltr'><em>ster</em></span> <span class='ocrx_word' id='word_1_232' title='bbox 416 2761 560 2823; x_wconf 92' lang='lat' dir='ltr'><em>ordo</em></span> <span class='ocrx_word' id='word_1_233' title='bbox 604 2761 694 2821; x_wconf 88' lang='lat' dir='ltr'><em>bis</em></span> <span class='ocrx_word' id='word_1_234' title='bbox 738 2772 1044 2841; x_wconf 90' lang='lat' dir='ltr'><em>patronum</em></span> <span class='ocrx_word' id='word_1_235' title='bbox 1085 2782 1214 2823; x_wconf 91' lang='lat' dir='ltr'><em>eum</em></span> <span class='ocrx_word' id='word_1_236' title='bbox 1254 2764 1643 2841; x_wconf 82' lang='lat' dir='ltr'><em>perferendae</em></span> <span class='ocrx_word' id='word_1_237' title='bbox 1685 2782 1795 2843; x_wconf 92' lang='lat' dir='ltr'><em>pro</em></span> <span class='ocrx_word' id='word_1_238' title='bbox 1842 2785 1907 2826; x_wconf 91' lang='lat' dir='ltr'><em>se</em></span> <span class='ocrx_word' id='word_1_239' title='bbox 1959 2764 2273 2841; x_wconf 81' lang='lat' dir='ltr'><em>legationis</em></span> 
     </span>
     <span class='ocr_line' id='line_1_31' title="bbox 251 2845 2348 2928; baseline 0.001 -23"><span class='ocrx_word' id='word_1_240' title='bbox 251 2845 462 2925; x_wconf 88' lang='lat' dir='ltr'><em>elegit,</em></span> <span class='ocrx_word' id='word_1_241' title='bbox 527 2845 711 2906; x_wconf 90' lang='lat' dir='ltr'><em>semel</em></span> <span class='ocrx_word' id='word_1_242' title='bbox 749 2865 876 2906; x_wconf 88' lang='lat' dir='ltr'><em>cum</em></span> <span class='ocrx_word' id='word_1_243' title='bbox 906 2846 1326 2926; x_wconf 89' lang='lat' dir='ltr'><em>deportandum</em></span> <span class='ocrx_word' id='word_1_244' title='bbox 1362 2849 1604 2909; x_wconf 87' lang='lat' dir='ltr'><em>Romam</em></span> <span class='ocrx_word' id='word_1_245' title='bbox 1638 2866 1857 2928; x_wconf 88' lang='lat' dir='ltr'><em>corpus</em></span> <span class='ocrx_word' id='word_1_246' title='bbox 1890 2849 2140 2925; x_wconf 84' lang='lat' dir='ltr'><em>Augusti</em></span> <span class='ocrx_word' id='word_1_247' title='bbox 2169 2847 2270 2907; x_wconf 91' lang='lat' dir='ltr'><em>hu·</em></span> <span class='ocrx_word' id='word_1_248' title='bbox 2292 2867 2348 2908; x_wconf 78' lang='lat'><em>30</em></span> 
     </span>
     <span class='ocr_line' id='line_1_32' title="bbox 248 2930 2273 3012; baseline 0 -22"><span class='ocrx_word' id='word_1_249' title='bbox 248 2931 424 2990; x_wconf 86' lang='lat' dir='ltr'><em>meris</em></span> <span class='ocrx_word' id='word_1_250' title='bbox 468 2932 587 2991; x_wconf 91' lang='lat' dir='ltr'><em>suis</em></span> <span class='ocrx_word' id='word_1_251' title='bbox 629 2930 701 2990; x_wconf 87' lang='lat' dir='ltr'><em>ab</em></span> <span class='ocrx_word' id='word_1_252' title='bbox 751 2931 1089 2992; x_wconf 88' lang='lat' dir='ltr'><em>consulibus</em></span> <span class='ocrx_word' id='word_1_253' title='bbox 1144 2942 1536 3012; x_wconf 87' lang='lat' dir='ltr'><em>exposceret,</em></span> <span class='ocrx_word' id='word_1_254' title='bbox 1598 2935 1804 2993; x_wconf 87' lang='lat' dir='ltr'><em>iterum</em></span> <span class='ocrx_word' id='word_1_255' title='bbox 1848 2952 1974 2994; x_wconf 90' lang='lat' dir='ltr'><em>cum</em></span> <span class='ocrx_word' id='word_1_256' title='bbox 2028 2949 2273 3012; x_wconf 89' lang='lat' dir='ltr'><em>oppres-</em></span> 
     </span>
     <span class='ocr_line' id='line_1_33' title="bbox 250 3015 2274 3097; baseline 0.001 -25"><span class='ocrx_word' id='word_1_257' title='bbox 250 3031 374 3073; x_wconf 89' lang='lat' dir='ltr'><em>sum</em></span> <span class='ocrx_word' id='word_1_258' title='bbox 403 3016 673 3077; x_wconf 89' lang='lat' dir='ltr'><em>Seianum</em></span> <span class='ocrx_word' id='word_1_259' title='bbox 709 3015 863 3095; x_wconf 89' lang='lat' dir='ltr'><em>apud</em></span> <span class='ocrx_word' id='word_1_260' title='bbox 893 3017 1135 3076; x_wconf 90' lang='lat' dir='ltr'><em>eosdem</em></span> <span class='ocrx_word' id='word_1_261' title='bbox 1162 3016 1585 3093; x_wconf 88' lang='lat' dir='ltr'><em>gratularetur;</em></span> <span class='ocrx_word' id='word_1_262' title='bbox 1655 3020 1790 3096; x_wconf 85' lang='lat' dir='ltr'><em>quin</em></span> <span class='ocrx_word' id='word_1_263' title='bbox 1823 3026 1883 3078; x_wconf 92' lang='lat' dir='ltr'><em>et</em></span> <span class='ocrx_word' id='word_1_264' title='bbox 1913 3015 2274 3097; x_wconf 84' lang='lat' dir='ltr'><em>spectaculis</em></span> 
     </span>
     <span class='ocr_line' id='line_1_34' title="bbox 249 3096 2273 3180; baseline 0.001 -23"><span class='ocrx_word' id='word_1_265' title='bbox 249 3096 577 3159; x_wconf 85' lang='lat' dir='ltr'><em>advenienti</em></span> <span class='ocrx_word' id='word_1_266' title='bbox 612 3118 928 3177; x_wconf 85' lang='lat' dir='ltr'><em>assurgere</em></span> <span class='ocrx_word' id='word_1_267' title='bbox 975 3108 1034 3160; x_wconf 93' lang='lat' dir='ltr'><em>et</em></span> <span class='ocrx_word' id='word_1_268' title='bbox 1063 3100 1334 3162; x_wconf 86' lang='lat' dir='ltr'><em>lacernas</em></span> <span class='ocrx_word' id='word_1_269' title='bbox 1376 3101 1676 3180; x_wconf 87' lang='lat' dir='ltr'><em>deponere</em></span> <span class='ocrx_word' id='word_1_270' title='bbox 1711 3102 1962 3163; x_wconf 92' lang='lat' dir='ltr'><em>solebat.</em></span> <span class='ocrx_word' id='word_1_271' title='bbox 2023 3102 2273 3160; x_wconf 89' lang='lat' dir='ltr'><em>Senatus</em></span> 
     </span>
     <span class='ocr_line' id='line_1_35' title="bbox 250 3183 2271 3265; baseline 0.003 -26"><span class='ocrx_word' id='word_1_272' title='bbox 250 3197 516 3260; x_wconf 87' lang='lat' dir='ltr'><em>quoque,</em></span> <span class='ocrx_word' id='word_1_273' title='bbox 579 3193 641 3243; x_wconf 84' lang='lat' dir='ltr'><em>ut</em></span> <span class='ocrx_word' id='word_1_274' title='bbox 683 3183 755 3244; x_wconf 89' lang='lat' dir='ltr'><em>ad</em></span> <span class='ocrx_word' id='word_1_275' title='bbox 785 3202 1081 3244; x_wconf 89' lang='lat' dir='ltr'><em>numerum</em></span> <span class='ocrx_word' id='word_1_276' title='bbox 1121 3184 1405 3245; x_wconf 90' lang='lat' dir='ltr'><em>sodalium</em></span> <span class='ocrx_word' id='word_1_277' title='bbox 1439 3186 1845 3265; x_wconf 89' lang='lat' dir='ltr'><em>Augustalium</em></span> <span class='ocrx_word' id='word_1_278' title='bbox 1876 3195 2037 3248; x_wconf 87' lang='lat' dir='ltr'><em>sorte</em></span> <span class='ocrx_word' id='word_1_279' title='bbox 2070 3184 2271 3245; x_wconf 90' lang='lat' dir='ltr'><em>ducto-</em></span> 
     </span>
     <span class='ocr_line' id='line_1_36' title="bbox 245 3267 2346 3347; baseline 0.002 -22"><span class='ocrx_word' id='word_1_280' title='bbox 245 3282 373 3325; x_wconf 87' lang='lat' dir='ltr'><em>rum</em></span> <span class='ocrx_word' id='word_1_281' title='bbox 407 3274 571 3326; x_wconf 87' lang='lat' dir='ltr'><em>extra</em></span> <span class='ocrx_word' id='word_1_282' title='bbox 617 3267 876 3328; x_wconf 90' lang='lat' dir='ltr'><em>ordinem</em></span> <span class='ocrx_word' id='word_1_283' title='bbox 918 3268 1278 3347; x_wconf 89' lang='lat' dir='ltr'><em>adiceretur,</em></span> <span class='ocrx_word' id='word_1_284' title='bbox 1337 3274 1560 3331; x_wconf 88' lang='lat' dir='ltr'><em>censuit</em></span> <span class='ocrx_word' id='word_1_285' title='bbox 1591 3279 1649 3331; x_wconf 91' lang='lat' dir='ltr'><em>et</em></span> <span class='ocrx_word' id='word_1_286' title='bbox 1687 3289 1827 3332; x_wconf 88' lang='lat' dir='ltr'><em>mox</em></span> <span class='ocrx_word' id='word_1_287' title='bbox 1857 3280 1916 3331; x_wconf 91' lang='lat' dir='ltr'><em>ut</em></span> <span class='ocrx_word' id='word_1_288' title='bbox 1947 3270 2149 3330; x_wconf 89' lang='lat' dir='ltr'><em>domus</em></span> <span class='ocrx_word' id='word_1_289' title='bbox 2194 3270 2266 3347; x_wconf 92' lang='lat' dir='ltr'><em>ei,</em></span> <span class='ocrx_word' id='word_1_290' title='bbox 2290 3290 2346 3332; x_wconf 78' lang='lat' dir='ltr'><em>ss</em></span> 
     </span>
     <span class='ocr_line' id='line_1_37' title="bbox 249 3349 2267 3434; baseline 0.003 -27"><span class='ocrx_word' id='word_1_291' title='bbox 249 3367 418 3428; x_wconf 87' lang='lat' dir='ltr'><em>quam</em></span> <span class='ocrx_word' id='word_1_292' title='bbox 446 3349 716 3411; x_wconf 90' lang='lat' dir='ltr'><em>incendio</em></span> <span class='ocrx_word' id='word_1_293' title='bbox 750 3353 1050 3430; x_wconf 88' lang='lat' dir='ltr'><em>amiserat,</em></span> <span class='ocrx_word' id='word_1_294' title='bbox 1109 3352 1342 3433; x_wconf 90' lang='lat' dir='ltr'><em>publica</em></span> <span class='ocrx_word' id='word_1_295' title='bbox 1383 3356 1647 3434; x_wconf 88' lang='lat' dir='ltr'><em>impensa</em></span> <span class='ocrx_word' id='word_1_296' title='bbox 1691 3357 2124 3430; x_wconf 89' lang='lat' dir='ltr'><em>restitueretur,</em></span> <span class='ocrx_word' id='word_1_297' title='bbox 2185 3352 2267 3413; x_wconf 90' lang='lat' dir='ltr'><em>di-</em></span> 
     </span>
     <span class='ocr_line' id='line_1_38' title="bbox 251 3433 2286 3514; baseline 0.003 -24"><span class='ocrx_word' id='word_1_298' title='bbox 251 3433 591 3511; x_wconf 85' lang='lat' dir='ltr'><em>cendaeque</em></span> <span class='ocrx_word' id='word_1_299' title='bbox 633 3434 782 3494; x_wconf 87' lang='lat' dir='ltr'><em>inter</em></span> <span class='ocrx_word' id='word_1_300' title='bbox 824 3436 1162 3498; x_wconf 88' lang='lat' dir='ltr'><em>consulares</em></span> <span class='ocrx_word' id='word_1_301' title='bbox 1201 3441 1523 3500; x_wconf 87' lang='lat' dir='ltr'><em>sententiae</em></span> <span class='ocrx_word' id='word_1_302' title='bbox 1557 3441 1645 3499; x_wconf 92' lang='lat' dir='ltr'><em>ius</em></span> <span class='ocrx_word' id='word_1_303' title='bbox 1688 3449 1866 3500; x_wconf 86' lang='lat' dir='ltr'><em>esset.</em></span> <span class='ocrx_word' id='word_1_304' title='bbox 1958 3437 2126 3514; x_wconf 85' lang='lat' dir='ltr'><em>Quod</em></span> <span class='ocrx_word' id='word_1_305' title='bbox 2169 3436 2286 3496; x_wconf 90' lang='lat' dir='ltr'><em>de-</em></span> 
     </span>
     <span class='ocr_line' id='line_1_39' title="bbox 251 3516 2274 3599; baseline 0.004 -26"><span class='ocrx_word' id='word_1_306' title='bbox 251 3524 471 3575; x_wconf 89' lang='lat' dir='ltr'><em>cretum</em></span> <span class='ocrx_word' id='word_1_307' title='bbox 515 3516 791 3577; x_wconf 88' lang='lat' dir='ltr'><em>abolitum</em></span> <span class='ocrx_word' id='word_1_308' title='bbox 825 3528 946 3599; x_wconf 89' lang='lat' dir='ltr'><em>est,</em></span> <span class='ocrx_word' id='word_1_309' title='bbox 1007 3532 1323 3583; x_wconf 86' lang='lat' dir='ltr'><em>excusante</em></span> <span class='ocrx_word' id='word_1_310' title='bbox 1370 3523 1606 3585; x_wconf 84' lang='lat' dir='ltr'><em>Tiberio</em></span> <span class='ocrx_word' id='word_1_311' title='bbox 1651 3523 2104 3584; x_wconf 87' lang='lat' dir='ltr'><em>imbecillitatem</em></span> <span class='ocrx_word' id='word_1_312' title='bbox 2142 3522 2274 3582; x_wconf 76' lang='lat' dir='ltr'><em>eius</em></span> 
     </span>
    </p>
   </div>
  </div>
 </body>
</html>
