2553 3960
967 252 1535 300 v1TELL1n8.
2129 235 2250 298 219

262 404 345 464 dit
375 406 594 475 exitus;
624 424 755 467 nam
787 407 1183 468 confirmatum
1217 423 1328 485 per
1355 405 1586 481 legatos
1619 421 1759 467 suos
1798 405 2100 484 imperium
2138 421 2249 482 per

263 506 330 548 se
361 490 617 548 retinere
651 508 767 550 non
794 492 999 570 potuit.
1878 538 1891 553 ,

380 572 469 631 De
498 571 857 634 Betriacensi
891 576 1137 635 victoria
1168 582 1228 634 et
1264 571 1508 633 Othonis
1553 574 1744 649 exitu,
1791 590 1920 632 cum
1963 570 2150 631 adhuc
2194 571 2337 630 iulo

264 654 450 718 Gallia
479 665 670 733 esset,
701 657 901 735 audiit,
945 658 1204 737 nihilque
1238 666 1571 735 cunctatus,
1615 656 1892 735 quidquid
1937 655 2251 735 praetoria-

219 757 462 806 snarum
494 739 816 801 cohortium
845 742 980 820 fuit,
1011 752 1069 802 ut
1098 741 1339 821 pessimi
1369 741 1653 820 exempli,
1700 757 1815 800 uno
1857 741 2255 800 exauctoravit

265 823 457 883 edicto
494 825 684 884 iussas
725 825 968 885 tribunis
1011 825 1244 886 tradere
1286 843 1467 885 arma.
1553 823 1796 886 Centum
1850 833 2040 884 autem
2081 831 2254 900 atque

264 907 497 985 viginti,
541 925 781 986 quorum
825 908 1062 969 libellos
1105 909 1318 981 choni
1357 908 1524 969 datos
1566 910 1868 969 invenerat
1920 924 2254 986 exposcen-

263 991 400 1052 tium
429 993 743 1071 praemium
772 994 849 1054 ob
877 993 1087 1054 editam
1117 995 1175 1053 in
1209 992 1394 1054 caede
1426 992 1647 1055 Galbae
1676 1011 1946 1072 operam,
1991 990 2256 1068 conquiri

264 1085 322 1136 et
342 1075 633 1155 supplicio
660 1077 828 1138 adlici
854 1080 1187 1159 imperavit,
1224 1079 1473 1155 egregie
1497 1095 1741 1156 prorsus
1759 1084 1934 1155 atque
1948 1075 2255 1154 magnifice

192 1183 246 1224 no
267 1169 323 1220 et
352 1170 413 1220 ut
442 1164 641 1221 summi
669 1163 953 1242 principis
982 1181 1149 1242 spem
1179 1162 1551 1241 ostenderet,
1582 1162 1693 1222 nisi
1725 1170 1921 1222 cetera
1950 1161 2138 1237 magis
2180 1177 2256 1219 ex

262 1255 462 1306 natura
491 1255 549 1305 et
577 1247 777 1324 priore
810 1248 925 1308 vita
956 1265 1058 1308 sua
1075 1265 1249 1326 >quam
1273 1264 1352 1306 ex
1374 1247 1600 1325 imperii
1619 1248 1920 1308 maiestate
1944 1246 2252 1323 gessisset.

259 1328 520 1407 Namque
542 1330 747 1391 itinere
769 1331 1064 1408 inchoato,
1100 1350 1210 1411 per
1232 1330 1454 1391 medias
1478 1332 1744 1392 civitates
1769 1331 1880 1391 ritu
1902 1328 2250 1408 triumphan-

260 1414 398 1473 tium
428 1422 634 1473 vectus
665 1425 786 1493 est,
819 1433 1043 1495 perque
1074 1416 1304 1475 flumina
1335 1415 1758 1475 delicatissimis
1793 1416 2041 1492 navigiis
2073 1422 2130 1473 et
2156 1429 2252 1471 va-

261 1498 474 1558 riarum
505 1514 848 1560 coronarum
876 1517 1100 1576 genere
1135 1498 1442 1575 redimitis,
1488 1499 1638 1559 inter
1671 1499 2110 1578 profusissimos
2150 1495 2251 1555 ob·

193 1601 246 1642 ts
264 1584 559 1642 soniorum
590 1593 926 1662 apparatus,
956 1582 1114 1642 nulla
1143 1582 1399 1643 familiae
1426 1592 1523 1642 aut
1548 1583 1743 1641 militis
1784 1581 2118 1660 disciplina,
2163 1597 2252 1640 ra-

264 1668 430 1745 pinas
460 1684 532 1725 ac
567 1666 942 1742 petulantiam
972 1668 1218 1725 omnium
1251 1667 1309 1724 in
1339 1667 1531 1725 iocum
1554 1675 1818 1735 vertens;
1852 1667 1946 1743 qui
1976 1681 2092 1724 non
2117 1681 2251 1724 con-

259 1750 403 1809 tenti
448 1748 628 1826 epulo
671 1748 885 1827 ubique
932 1749 1167 1827 publice
1213 1748 1510 1827 praebito,
1552 1766 1950 1828 quoscumque
1991 1747 2254 1808 libuisset

260 1833 318 1892 in
348 1831 679 1892 libertatem
706 1831 1084 1911 asserebant,
1114 1832 1365 1894 verbera
1396 1843 1454 1893 et
1482 1833 1722 1912 plagas,
1767 1852 1950 1912 saepe
1989 1832 2252 1907 vulnera,

260 1933 683 1996 nonnumquam
729 1934 936 1977 necem
976 1925 1490 1997 repraesentantes
1538 1918 2000 1979 adversantibus.
2061 1917 2253 1996 thue

193 2024 244 2070 ιο
265 2019 535 2080 campos,
569 2002 627 2061 in
657 2001 866 2081 quibus
896 2012 1211 2082 pugnatum
1240 2011 1331 2063 est
1351 2049 1368 2079 ,
1401 2002 1546 2080 adit,
1580 2002 1946 2065 abhorrentis
1973 2001 2255 2081 quosdam

263 2085 609 2146 cadaverum
656 2087 879 2163 tabem,
938 2086 1267 2147 detestabili
1317 2105 1471 2147 voce
1524 2089 1868 2148 confirmare
1919 2104 2092 2147 ausus
2145 2091 2253 2161 est,

258 2170 486 2249 optimc
529 2171 699 2232 olere
738 2169 1013 2232 occisum
1053 2169 1321 2247 Ῑιοείεηι,
1364 2177 1426 2232 ct
1459 2171 1681 2232 melius
1725 2171 1937 2232 civem.
2005 2169 2136 2230 Nec
2180 2186 2254 2229 eo

260 2255 441 2315 setius
484 2254 557 2315 ad
595 2254 926 2316 leniendam
965 2257 1313 2332 gravitatem
1355 2254 1556 2315 odoris
1597 2256 1900 2334 plurimum
1941 2255 2087 2314 meri
2118 2272 2253 2333 pro-

260 2337 453 2417 palam
482 2338 671 2399 hausit
698 2340 1037 2419 passimque
1070 2339 1285 2399 divisit.
1342 2339 1476 2399 Pari
1509 2341 1762 2401 vanitate
1793 2349 1970 2417 atque
1999 2338 2251 2399 insolen-

185 2442 241 2483 τι
259 2422 334 2483 tia
376 2421 628 2500 lapidem
667 2425 984 2484 memoriae
1026 2422 1274 2484 Othonis
1321 2424 1656 2503 inscriptum
1698 2424 1958 2499 intuens,
2006 2421 2256 2502 (liquam

257 2523 331 2567 eo
373 2504 699 2567 Mausoleo
742 2509 853 2583 ait,
909 2509 1375 2586 pugionemque,
1429 2525 1544 2586 quo
1592 2509 1642 2567 is
1691 2526 1758 2567 se
1814 2505 2148 2582 occiderat,
2197 2507 2254 2564 in

255 2589 750 2669 Agrippinensem
778 2591 1068 2652 coloniam
1091 2592 1245 2650 misit
1265 2590 1436 2651 Marti
1459 2591 1856 2651 dedicandum.
1922 2591 1989 2651 ln
2010 2590 2251 2669 Appen-

256 2676 382 2733 nini¹
404 2673 635 2751 quidem
666 2675 820 2750 iugis
856 2676 1027 2733 etiam
1057 2675 1428 2752 pervigilium
1455 2677 1596 2752 egit.
1650 2675 1871 2738 Urbem
1902 2675 2154 2753 denique
2177 2672 2250 2733 ad
2272 2686 2331 2737 ll

259 2756 565 2818 classicum
595 2759 818 2818 introiit
848 2757 1153 2837 paludatus
1187 2758 1468 2837 ferroque
1497 2760 1860 2836 succinctus,
1903 2761 2055 2819 inter
2085 2759 2252 2836 signa

181 2848 435 2919 soatque
465 2841 708 2920 vexilla,
740 2841 1024 2919 sagulatis
1056 2841 1385 2920 comitibus,
1420 2861 1491 2903 ac
1520 2843 1765 2904 detectis
1801 2843 2254 2903 commilitonum

255 2942 447 2986 armis.

377 3009 568 3086 Magis
600 3009 807 3070 deinde
842 3027 911 3070 ac
946 3012 1133 3087 magis
1168 3011 1323 3070 omni
1352 3010 1547 3072 divino
1578 3011 1941 3090 humanoque
1962 3011 2086 3069 iure
2108 3028 2252 3088 neg-

253 3094 443 3172 lecto,
488 3093 740 3154 Alliensi
783 3095 876 3155 die
910 3095 1307 3173 pontificatum
1343 3096 1647 3156 maximum
1693 3096 1883 3174 cepit,
1934 3094 2167 3155 comitia
2198 3096 2254 3154 in

253 3178 455 3239 decem
499 3196 682 3240 annos
730 3179 1017 3240 ordinavit
1060 3196 1245 3258 seque
1293 3189 1638 3259 perpetuum
1677 3178 1993 3239 consulem.
2056 3178 2133 3239 Et
2177 3196 2254 3238 ne

180 3264 346 3328 azsoni
390 3262 620 3323 dubium
660 3263 847 3341 foret,
894 3262 1050 3341 quod
1097 3264 1402 3342 exemplar
1435 3263 1736 3341 regendae
1767 3263 1941 3342 reip.
1980 3263 2250 3339 eligeret,

246 3345 438 3406 medio
487 3346 697 3408 llartio
745 3364 952 3425 campo
999 3346 1248 3407 adhibita
1295 3346 1663 3427 publicorum
1712 3347 2081 3408 sacerdotum
2136 3347 2251 3405 fre-

247 3431 477 3506 quentia
505 3431 743 3493 inferias
772 3431 995 3492 Neroni
1026 3429 1218 3507 dedit,
1249 3449 1321 3492 ac
1350 3431 1619 3493 sollemni
1650 3431 1919 3492 convivio
1969 3429 2252 3489 citharoe-

245 3512 377 3572 dum
406 3513 732 3632 placentem
755 3516 945 3595 palam
967 3514 1283 3595 admonuit,
1316 3526 1375 3576 ut
1398 3515 1638 3596 aliquid
1655 3522 1716 3576 et
1733 3515 1811 3577 dc
1832 3511 2135 3574 dominico
2157 3510 2249 3572 di·
