<?xml version="1.0" encoding="UTF-8"?>
<!DOCTYPE html PUBLIC "-//W3C//DTD XHTML 1.0 Transitional//EN"
    "http://www.w3.org/TR/xhtml1/DTD/xhtml1-transitional.dtd">
<html xmlns="http://www.w3.org/1999/xhtml" xml:lang="en" lang="en">
 <head>
  <title>
</title>
<meta http-equiv="Content-Type" content="text/html;charset=utf-8" />
  <meta name='ocr-system' content='tesseract 3.04.00' />
  <meta name='ocr-capabilities' content='ocr_page ocr_carea ocr_par ocr_line ocrx_word'/>
</head>
<body>
  <div class='ocr_page' id='page_1' title='image "./csuetonitranqui06rothgoog_0023.png"; bbox 0 0 2553 3960; ppageno 0'>
   <div class='ocr_carea' id='block_1_1' title="bbox 947 206 2059 256">
    <p class='ocr_par' dir='ltr' id='par_1_1' title="bbox 947 206 2059 256">
     <span class='ocr_line' id='line_1_1' title="bbox 947 206 2059 256; baseline -0.019 1"><span class='ocrx_word' id='word_1_1' title='bbox 947 206 1364 256; x_wconf 65' lang='lat' dir='ltr'><strong>marano,</strong></span> <span class='ocrx_word' id='word_1_2' title='bbox 1934 207 2059 256; x_wconf 75' lang='lat' dir='ltr'><strong>m</strong></span> 
     </span>
    </p>
   </div>
   <div class='ocr_carea' id='block_1_2' title="bbox 235 364 2353 3455">
    <p class='ocr_par' dir='ltr' id='par_1_2' title="bbox 235 364 2353 3455">
     <span class='ocr_line' id='line_1_2' title="bbox 235 364 2051 442; baseline 0 -17"><span class='ocrx_word' id='word_1_3' title='bbox 235 369 482 442; x_wconf 76' lang='lat' dir='ltr'><strong>Speculo</strong></span> <span class='ocrx_word' id='word_1_4' title='bbox 509 366 798 424; x_wconf 72' lang='lat' dir='ltr'><strong>historiali</strong></span> <span class='ocrx_word' id='word_1_5' title='bbox 841 364 900 423; x_wconf 86' lang='lat' dir='ltr'><strong>S.</strong></span> <span class='ocrx_word' id='word_1_6' title='bbox 936 365 1097 437; x_wconf 84' lang='lat' dir='ltr'>XIII,</span> <span class='ocrx_word' id='word_1_7' title='bbox 1134 366 1373 423; x_wconf 89' lang='lat' dir='ltr'><strong>Iacobus</strong></span> <span class='ocrx_word' id='word_1_8' title='bbox 1405 367 1590 439; x_wconf 79' lang='lat' dir='ltr'><strong>Magni</strong></span> <span class='ocrx_word' id='word_1_9' title='bbox 1625 367 1683 423; x_wconf 89' lang='lat' dir='ltr'><strong>in</strong></span> <span class='ocrx_word' id='word_1_10' title='bbox 1717 367 2051 441; x_wconf 87' lang='lat' dir='ltr'><strong>Sophilogio</strong></span> 
     </span>
     <span class='ocr_line' id='line_1_3' title="bbox 357 534 2319 608; baseline -0.003 -18"><span class='ocrx_word' id='word_1_11' title='bbox 357 536 752 607; x_wconf 84' lang='lat' dir='ltr'>Exemplorum</span> <span class='ocrx_word' id='word_1_12' title='bbox 777 540 896 607; x_wconf 74' lang='lat' dir='ltr'><strong>typ</strong></span> <span class='ocrx_word' id='word_1_13' title='bbox 917 550 951 591; x_wconf 96' lang='lat' dir='ltr'><strong>o</strong></span> <span class='ocrx_word' id='word_1_14' title='bbox 969 534 1325 607; x_wconf 74' lang='lat' dir='ltr'><strong>graphica</strong></span> <span class='ocrx_word' id='word_1_15' title='bbox 1360 541 1515 591; x_wconf 92' lang='lat' dir='ltr'><strong>arte</strong></span> <span class='ocrx_word' id='word_1_16' title='bbox 1542 534 2049 608; x_wconf 74' lang='lat' dir='ltr'><strong>multiplicaturum,</strong></span> <span class='ocrx_word' id='word_1_17' title='bbox 2078 541 2319 586; x_wconf 54' lang='lat' dir='ltr'><strong>Baition„</strong></span> 
     </span>
     <span class='ocr_line' id='line_1_4' title="bbox 241 594 2325 692; baseline 0.001 -18"><span class='ocrx_word' id='word_1_18' title='bbox 241 637 377 692; x_wconf 76' lang='lat' dir='ltr'><strong>quas</strong></span> <span class='ocrx_word' id='word_1_19' title='bbox 408 619 691 675; x_wconf 76' lang='lat' dir='ltr'><strong>editiones</strong></span> <span class='ocrx_word' id='word_1_20' title='bbox 726 618 1013 691; x_wconf 86' lang='lat' dir='ltr'><strong>appellare</strong></span> <span class='ocrx_word' id='word_1_21' title='bbox 1048 635 1150 675; x_wconf 92' lang='lat' dir='ltr'><strong>usu</strong></span> <span class='ocrx_word' id='word_1_22' title='bbox 1192 625 1479 691; x_wconf 90' lang='lat' dir='ltr'><strong>receptum</strong></span> <span class='ocrx_word' id='word_1_23' title='bbox 1511 625 1627 689; x_wconf 91' lang='lat' dir='ltr'><strong>est,</strong></span> <span class='ocrx_word' id='word_1_24' title='bbox 1668 619 2050 691; x_wconf 82' lang='lat' dir='ltr'><strong>antiquissima</strong></span> <span class='ocrx_word' id='word_1_25' title='bbox 2083 594 2325 646; x_wconf 50' lang='lat' dir='ltr'><strong>mmm*</strong></span> 
     </span>
     <span class='ocr_line' id='line_1_5' title="bbox 236 699 2057 776; baseline 0 -17"><span class='ocrx_word' id='word_1_26' title='bbox 236 710 368 760; x_wconf 89' lang='lat' dir='ltr'><strong>sunt</strong></span> <span class='ocrx_word' id='word_1_27' title='bbox 407 703 649 773; x_wconf 82' lang='lat' dir='ltr'><strong>Romana</strong></span> <span class='ocrx_word' id='word_1_28' title='bbox 707 703 854 772; x_wconf 88' lang='lat' dir='ltr'><strong>duo,</strong></span> <span class='ocrx_word' id='word_1_29' title='bbox 906 717 1050 758; x_wconf 89' lang='lat' dir='ltr'><strong>anuo</strong></span> <span class='ocrx_word' id='word_1_30' title='bbox 1105 708 1241 764; x_wconf 86' lang='grc'><strong>1470</strong></span> <span class='ocrx_word' id='word_1_31' title='bbox 1284 703 1488 759; x_wconf 84' lang='lat' dir='ltr'><strong>emissa</strong></span> <span class='ocrx_word' id='word_1_32' title='bbox 1531 699 1798 776; x_wconf 86' lang='lat' dir='ltr'><strong>(alterum</strong></span> <span class='ocrx_word' id='word_1_33' title='bbox 1852 702 2057 759; x_wconf 81' lang='lat' dir='ltr'><strong>Sextili</strong></span> 
     </span>
     <span class='ocr_line' id='line_1_6' title="bbox 237 784 2036 859; baseline 0.001 -16"><span class='ocrx_word' id='word_1_34' title='bbox 237 803 431 843; x_wconf 89' lang='lat' dir='ltr'><strong>meuse</strong></span> <span class='ocrx_word' id='word_1_35' title='bbox 473 793 530 842; x_wconf 88' lang='lat' dir='ltr'><strong>et</strong></span> <span class='ocrx_word' id='word_1_36' title='bbox 571 786 795 843; x_wconf 89' lang='lat' dir='ltr'><strong>Ioannis</strong></span> <span class='ocrx_word' id='word_1_37' title='bbox 835 784 1065 842; x_wconf 80' lang='lat' dir='ltr'><strong>Antonii</strong></span> <span class='ocrx_word' id='word_1_38' title='bbox 1106 784 1368 859; x_wconf 79' lang='lat' dir='ltr'><strong>Campani</strong></span> <span class='ocrx_word' id='word_1_39' title='bbox 1413 803 1577 856; x_wconf 87' lang='lat' dir='ltr'><strong>cura,</strong></span> <span class='ocrx_word' id='word_1_40' title='bbox 1629 786 1892 843; x_wconf 79' lang='lat' dir='ltr'><strong>foliorum</strong></span> <span class='ocrx_word' id='word_1_41' title='bbox 1936 793 2036 845; x_wconf 77' lang='lat'><strong>125</strong></span> 
     </span>
     <span class='ocr_line' id='line_1_7' title="bbox 240 869 2058 940; baseline -0.001 -12"><span class='ocrx_word' id='word_1_42' title='bbox 240 873 477 928; x_wconf 88' lang='lat' dir='ltr'><strong>alterum</strong></span> <span class='ocrx_word' id='word_1_43' title='bbox 499 869 794 926; x_wconf 87' lang='lat' dir='ltr'><strong>Decembri</strong></span> <span class='ocrx_word' id='word_1_44' title='bbox 818 885 892 925; x_wconf 84' lang='lat' dir='ltr'><strong>ex</strong></span> <span class='ocrx_word' id='word_1_45' title='bbox 922 869 1314 940; x_wconf 75' lang='lat' dir='ltr'><strong>recognitione</strong></span> <span class='ocrx_word' id='word_1_46' title='bbox 1338 870 1562 926; x_wconf 89' lang='lat' dir='ltr'><strong>Ioannis</strong></span> <span class='ocrx_word' id='word_1_47' title='bbox 1584 869 1843 927; x_wconf 76' lang='lat' dir='ltr'><strong>Andreae</strong></span> <span class='ocrx_word' id='word_1_48' title='bbox 1870 870 2058 926; x_wconf 81' lang='lat' dir='ltr'><strong>Aleri-</strong></span> 
     </span>
     <span class='ocr_line' id='line_1_8' title="bbox 240 951 2061 1028; baseline -0.001 -17"><span class='ocrx_word' id='word_1_49' title='bbox 240 954 398 1011; x_wconf 77' lang='lat' dir='ltr'><strong>eusis</strong></span> <span class='ocrx_word' id='word_1_50' title='bbox 432 954 686 1026; x_wconf 90' lang='lat' dir='ltr'><strong>episcopi</strong></span> <span class='ocrx_word' id='word_1_51' title='bbox 734 953 998 1010; x_wconf 74' lang='lat' dir='ltr'><strong>foliorum</strong></span> <span class='ocrx_word' id='word_1_52' title='bbox 1035 951 1167 1028; x_wconf 87' lang='grc'>107)</span> <span class='ocrx_word' id='word_1_53' title='bbox 1211 959 1268 1009; x_wconf 90' lang='lat' dir='ltr'><strong>et</strong></span> <span class='ocrx_word' id='word_1_54' title='bbox 1298 954 1569 1009; x_wconf 81' lang='lat' dir='ltr'><strong>Venetam</strong></span> <span class='ocrx_word' id='word_1_55' title='bbox 1600 970 1762 1010; x_wconf 89' lang='lat' dir='ltr'><strong>uuum</strong></span> <span class='ocrx_word' id='word_1_56' title='bbox 1798 954 2061 1011; x_wconf 75' lang='lat' dir='ltr'><strong>foliorum</strong></span> 
     </span>
     <span class='ocr_line' id='line_1_9' title="bbox 243 1037 2060 1112; baseline -0.002 -14"><span class='ocrx_word' id='word_1_57' title='bbox 243 1044 346 1098; x_wconf 80' lang='lat'><strong>162</strong></span> <span class='ocrx_word' id='word_1_58' title='bbox 375 1052 519 1094; x_wconf 90' lang='lat' dir='ltr'><strong>anno</strong></span> <span class='ocrx_word' id='word_1_59' title='bbox 555 1042 685 1097; x_wconf 91' lang='grc'><strong>1471</strong></span> <span class='ocrx_word' id='word_1_60' title='bbox 720 1037 1023 1107; x_wconf 83' lang='lat' dir='ltr'><strong>vulgatum.</strong></span> <span class='ocrx_word' id='word_1_61' title='bbox 1113 1037 1230 1093; x_wconf 83' lang='lat' dir='ltr'><strong>Hae</strong></span> <span class='ocrx_word' id='word_1_62' title='bbox 1261 1044 1378 1092; x_wconf 88' lang='lat' dir='ltr'><strong>tres</strong></span> <span class='ocrx_word' id='word_1_63' title='bbox 1423 1038 1733 1108; x_wconf 90' lang='lat' dir='ltr'><strong>editiones,</strong></span> <span class='ocrx_word' id='word_1_64' title='bbox 1773 1039 2060 1112; x_wconf 75' lang='lat' dir='ltr'><strong>principes</strong></span> 
     </span>
     <span class='ocr_line' id='line_1_10' title="bbox 240 1120 2058 1194; baseline -0.001 -14"><span class='ocrx_word' id='word_1_65' title='bbox 240 1121 644 1194; x_wconf 83' lang='lat' dir='ltr'><strong>appellandae,</strong></span> <span class='ocrx_word' id='word_1_66' title='bbox 681 1137 803 1176; x_wconf 90' lang='lat' dir='ltr'><strong>cum</strong></span> <span class='ocrx_word' id='word_1_67' title='bbox 847 1136 921 1176; x_wconf 86' lang='lat' dir='ltr'><strong>ex</strong></span> <span class='ocrx_word' id='word_1_68' title='bbox 954 1120 1184 1193; x_wconf 90' lang='lat' dir='ltr'><strong>scriptis</strong></span> <span class='ocrx_word' id='word_1_69' title='bbox 1228 1121 1520 1177; x_wconf 85' lang='lat' dir='ltr'><strong>codicibus</strong></span> <span class='ocrx_word' id='word_1_70' title='bbox 1568 1138 1671 1194; x_wconf 92' lang='lat' dir='ltr'><strong>pro</strong></span> <span class='ocrx_word' id='word_1_71' title='bbox 1708 1138 1771 1178; x_wconf 90' lang='lat' dir='ltr'><strong>se</strong></span> <span class='ocrx_word' id='word_1_72' title='bbox 1805 1139 2058 1194; x_wconf 86' lang='lat' dir='ltr'><strong>quaeque</strong></span> 
     </span>
     <span class='ocr_line' id='line_1_11' title="bbox 240 1203 2059 1278; baseline -0.001 -16"><span class='ocrx_word' id='word_1_73' title='bbox 240 1220 517 1278; x_wconf 86' lang='lat' dir='ltr'><strong>expressa</strong></span> <span class='ocrx_word' id='word_1_74' title='bbox 561 1204 668 1275; x_wconf 84' lang='lat' dir='ltr'><strong>sit,</strong></span> <span class='ocrx_word' id='word_1_75' title='bbox 698 1204 805 1260; x_wconf 89' lang='lat' dir='ltr'><strong>etsi</strong></span> <span class='ocrx_word' id='word_1_76' title='bbox 834 1203 893 1260; x_wconf 89' lang='lat' dir='ltr'><strong>in</strong></span> <span class='ocrx_word' id='word_1_77' title='bbox 929 1205 1115 1261; x_wconf 88' lang='lat' dir='ltr'><strong>multis</strong></span> <span class='ocrx_word' id='word_1_78' title='bbox 1148 1205 1317 1260; x_wconf 90' lang='lat' dir='ltr'><strong>rebus</strong></span> <span class='ocrx_word' id='word_1_79' title='bbox 1348 1204 1497 1261; x_wconf 90' lang='lat' dir='ltr'><strong>inter</strong></span> <span class='ocrx_word' id='word_1_80' title='bbox 1524 1222 1586 1262; x_wconf 89' lang='lat' dir='ltr'><strong>se</strong></span> <span class='ocrx_word' id='word_1_81' title='bbox 1623 1206 1905 1274; x_wconf 81' lang='lat' dir='ltr'><strong>differunt,</strong></span> <span class='ocrx_word' id='word_1_82' title='bbox 1938 1222 2059 1262; x_wconf 90' lang='lat' dir='ltr'><strong>cum</strong></span> 
     </span>
     <span class='ocr_line' id='line_1_12' title="bbox 240 1287 2056 1361; baseline -0.001 -16"><span class='ocrx_word' id='word_1_83' title='bbox 240 1288 486 1360; x_wconf 81' lang='lat' dir='ltr'><strong>exempli</strong></span> <span class='ocrx_word' id='word_1_84' title='bbox 527 1304 695 1344; x_wconf 90' lang='lat' dir='ltr'><strong>causa</strong></span> <span class='ocrx_word' id='word_1_85' title='bbox 740 1289 799 1343; x_wconf 91' lang='lat' dir='ltr'><strong>in</strong></span> <span class='ocrx_word' id='word_1_86' title='bbox 841 1288 1058 1345; x_wconf 84' lang='lat' dir='ltr'><strong>Veneta</strong></span> <span class='ocrx_word' id='word_1_87' title='bbox 1101 1288 1350 1345; x_wconf 81' lang='lat' dir='ltr'><strong>editione</strong></span> <span class='ocrx_word' id='word_1_88' title='bbox 1382 1287 1593 1346; x_wconf 90' lang='lat' dir='ltr'><strong>Graeca</strong></span> <span class='ocrx_word' id='word_1_89' title='bbox 1635 1291 1809 1346; x_wconf 86' lang='lat' dir='ltr'><strong>verba</strong></span> <span class='ocrx_word' id='word_1_90' title='bbox 1852 1290 2056 1361; x_wconf 90' lang='lat' dir='ltr'><strong>ubique</strong></span> 
     </span>
     <span class='ocr_line' id='line_1_13' title="bbox 242 1372 2057 1446; baseline -0.002 -16"><span class='ocrx_word' id='word_1_91' title='bbox 242 1372 452 1430; x_wconf 87' lang='lat' dir='ltr'><strong>omissa</strong></span> <span class='ocrx_word' id='word_1_92' title='bbox 497 1372 647 1441; x_wconf 88' lang='lat' dir='ltr'><strong>siut,</strong></span> <span class='ocrx_word' id='word_1_93' title='bbox 702 1372 759 1428; x_wconf 91' lang='lat' dir='ltr'><strong>in</strong></span> <span class='ocrx_word' id='word_1_94' title='bbox 802 1372 1061 1430; x_wconf 86' lang='lat' dir='ltr'><strong>Romanis</strong></span> <span class='ocrx_word' id='word_1_95' title='bbox 1108 1372 1351 1445; x_wconf 89' lang='lat' dir='ltr'><strong>capitum</strong></span> <span class='ocrx_word' id='word_1_96' title='bbox 1403 1373 1715 1446; x_wconf 72' lang='lat' dir='ltr'><strong>descriptio</strong></span> <span class='ocrx_word' id='word_1_97' title='bbox 1766 1390 1797 1429; x_wconf 89' lang='lat' dir='ltr'><strong>a</strong></span> <span class='ocrx_word' id='word_1_98' title='bbox 1837 1372 2057 1444; x_wconf 86' lang='lat' dir='ltr'><strong>vulgari</strong></span> 
     </span>
     <span class='ocr_line' id='line_1_14' title="bbox 240 1455 2059 1528; baseline -0.001 -16"><span class='ocrx_word' id='word_1_99' title='bbox 240 1457 561 1528; x_wconf 78' lang='lat' dir='ltr'><strong>discrepet,</strong></span> <span class='ocrx_word' id='word_1_100' title='bbox 611 1455 669 1511; x_wconf 91' lang='lat' dir='ltr'><strong>in</strong></span> <span class='ocrx_word' id='word_1_101' title='bbox 710 1455 1032 1512; x_wconf 84' lang='lat' dir='ltr'><strong>uuiversum</strong></span> <span class='ocrx_word' id='word_1_102' title='bbox 1071 1462 1251 1512; x_wconf 87' lang='lat' dir='ltr'><strong>tamen</strong></span> <span class='ocrx_word' id='word_1_103' title='bbox 1290 1455 1557 1513; x_wconf 87' lang='lat' dir='ltr'><strong>iudicanti</strong></span> <span class='ocrx_word' id='word_1_104' title='bbox 1605 1456 1920 1513; x_wconf 86' lang='lat' dir='ltr'><strong>simillimae</strong></span> <span class='ocrx_word' id='word_1_105' title='bbox 1971 1457 2059 1511; x_wconf 90' lang='lat' dir='ltr'><strong>in-</strong></span> 
     </span>
     <span class='ocr_line' id='line_1_15' title="bbox 239 1537 2061 1613; baseline 0 -18"><span class='ocrx_word' id='word_1_106' title='bbox 239 1546 332 1595; x_wconf 88' lang='lat' dir='ltr'><strong>ter</strong></span> <span class='ocrx_word' id='word_1_107' title='bbox 360 1555 425 1596; x_wconf 90' lang='lat' dir='ltr'><strong>se</strong></span> <span class='ocrx_word' id='word_1_108' title='bbox 462 1545 519 1594; x_wconf 92' lang='lat' dir='ltr'><strong>et</strong></span> <span class='ocrx_word' id='word_1_109' title='bbox 548 1537 1062 1597; x_wconf 78' lang='lat' dir='ltr'><strong>recentissimorum</strong></span> <span class='ocrx_word' id='word_1_110' title='bbox 1091 1539 1573 1613; x_wconf 86' lang='lat' dir='ltr'><strong>pessimorumque</strong></span> <span class='ocrx_word' id='word_1_111' title='bbox 1600 1540 1893 1610; x_wconf 89' lang='lat' dir='ltr'><strong>librorum,</strong></span> <span class='ocrx_word' id='word_1_112' title='bbox 1924 1556 2061 1610; x_wconf 83' lang='lat' dir='ltr'><strong>qua-</strong></span> 
     </span>
     <span class='ocr_line' id='line_1_16' title="bbox 239 1622 2058 1695; baseline -0.001 -16"><span class='ocrx_word' id='word_1_113' title='bbox 239 1625 330 1680; x_wconf 89' lang='lat' dir='ltr'><strong>les</strong></span> <span class='ocrx_word' id='word_1_114' title='bbox 371 1629 502 1679; x_wconf 90' lang='lat' dir='ltr'><strong>suut</strong></span> <span class='ocrx_word' id='word_1_115' title='bbox 545 1623 946 1680; x_wconf 82' lang='lat' dir='ltr'><strong>Perizouiauus</strong></span> <span class='ocrx_word' id='word_1_116' title='bbox 997 1630 1054 1679; x_wconf 86' lang='lat' dir='ltr'><strong>et</strong></span> <span class='ocrx_word' id='word_1_117' title='bbox 1094 1623 1508 1693; x_wconf 85' lang='lat' dir='ltr'><strong>Harlemensis,</strong></span> <span class='ocrx_word' id='word_1_118' title='bbox 1561 1638 1817 1695; x_wconf 86' lang='lat' dir='ltr'><strong>propago</strong></span> <span class='ocrx_word' id='word_1_119' title='bbox 1868 1622 2058 1678; x_wconf 86' lang='lat' dir='ltr'><strong>dicen-</strong></span> 
     </span>
     <span class='ocr_line' id='line_1_17' title="bbox 241 1709 533 1764; baseline -0.007 0"><span class='ocrx_word' id='word_1_120' title='bbox 241 1709 352 1764; x_wconf 86' lang='lat' dir='ltr'><strong>dae</strong></span> <span class='ocrx_word' id='word_1_121' title='bbox 386 1712 533 1762; x_wconf 89' lang='lat' dir='ltr'><strong>sunt.</strong></span> 
     </span>
     <span class='ocr_line' id='line_1_18' title="bbox 369 1783 2353 1876; baseline 0.001 -32"><span class='ocrx_word' id='word_1_122' title='bbox 369 1789 876 1847; x_wconf 81' lang='lat' dir='ltr'><strong>Posteriorum</strong></span> <span class='ocrx_word' id='word_1_123' title='bbox 909 1791 1266 1847; x_wconf 85' lang='lat' dir='ltr'><strong>editorum</strong></span> <span class='ocrx_word' id='word_1_124' title='bbox 1297 1806 1435 1863; x_wconf 91' lang='lat' dir='ltr'><strong>prae</strong></span> <span class='ocrx_word' id='word_1_125' title='bbox 1467 1789 1675 1846; x_wconf 87' lang='lat' dir='ltr'><strong>ceteris</strong></span> <span class='ocrx_word' id='word_1_126' title='bbox 1703 1795 1938 1863; x_wconf 88' lang='lat' dir='ltr'><strong>propter</strong></span> <span class='ocrx_word' id='word_1_127' title='bbox 1967 1807 2058 1846; x_wconf 88' lang='lat' dir='ltr'><strong>re-</strong></span> <span class='ocrx_word' id='word_1_128' title='bbox 2085 1783 2353 1876; x_wconf 53' lang='grc' dir='ltr'><strong>Ρθζξῗξξξὶξυ</strong></span> 
     </span>
     <span class='ocr_line' id='line_1_19' title="bbox 246 1874 2058 1947; baseline -0.001 -16"><span class='ocrx_word' id='word_1_129' title='bbox 246 1881 440 1947; x_wconf 78' lang='lat' dir='ltr'><strong>ceptus</strong></span> <span class='ocrx_word' id='word_1_130' title='bbox 473 1891 505 1930; x_wconf 90' lang='lat' dir='ltr'><strong>e</strong></span> <span class='ocrx_word' id='word_1_131' title='bbox 528 1874 854 1931; x_wconf 88' lang='lat' dir='ltr'><strong>melioribus</strong></span> <span class='ocrx_word' id='word_1_132' title='bbox 888 1875 1052 1931; x_wconf 89' lang='lat' dir='ltr'><strong>libris</strong></span> <span class='ocrx_word' id='word_1_133' title='bbox 1082 1875 1500 1931; x_wconf 87' lang='lat' dir='ltr'><strong>emendationes</strong></span> <span class='ocrx_word' id='word_1_134' title='bbox 1523 1875 1741 1931; x_wconf 90' lang='lat' dir='ltr'><strong>laudem</strong></span> <span class='ocrx_word' id='word_1_135' title='bbox 1770 1875 2058 1931; x_wconf 87' lang='lat' dir='ltr'><strong>consecuti</strong></span> 
     </span>
     <span class='ocr_line' id='line_1_20' title="bbox 241 1957 2057 2031; baseline -0.001 -15"><span class='ocrx_word' id='word_1_136' title='bbox 241 1964 372 2016; x_wconf 88' lang='lat' dir='ltr'><strong>sunt</strong></span> <span class='ocrx_word' id='word_1_137' title='bbox 415 1957 700 2031; x_wconf 85' lang='lat' dir='ltr'><strong>Philippus</strong></span> <span class='ocrx_word' id='word_1_138' title='bbox 748 1958 1053 2016; x_wconf 86' lang='lat' dir='ltr'><strong>Beroaldus</strong></span> <span class='ocrx_word' id='word_1_139' title='bbox 1097 1976 1147 2016; x_wconf 92' lang='lat' dir='ltr'><strong>a.</strong></span> <span class='ocrx_word' id='word_1_140' title='bbox 1193 1964 1335 2021; x_wconf 97' lang='grc'><strong>1493</strong></span> <span class='ocrx_word' id='word_1_141' title='bbox 1389 1965 1446 2016; x_wconf 88' lang='lat' dir='ltr'><strong>et</strong></span> <span class='ocrx_word' id='word_1_142' title='bbox 1501 1964 1669 2030; x_wconf 90' lang='grc'><strong>1506,</strong></span> <span class='ocrx_word' id='word_1_143' title='bbox 1728 1958 2057 2015; x_wconf 88' lang='lat' dir='ltr'><strong>Desiderius</strong></span> 
     </span>
     <span class='ocr_line' id='line_1_21' title="bbox 241 2042 2057 2117; baseline -0.001 -18"><span class='ocrx_word' id='word_1_144' title='bbox 241 2044 507 2099; x_wconf 84' lang='lat' dir='ltr'><strong>Erasmus</strong></span> <span class='ocrx_word' id='word_1_145' title='bbox 550 2059 600 2097; x_wconf 90' lang='lat' dir='ltr'><strong>a.</strong></span> <span class='ocrx_word' id='word_1_146' title='bbox 648 2049 819 2112; x_wconf 88' lang='grc'><strong>1518,</strong></span> <span class='ocrx_word' id='word_1_147' title='bbox 858 2043 1136 2099; x_wconf 87' lang='lat' dir='ltr'><strong>Robertus</strong></span> <span class='ocrx_word' id='word_1_148' title='bbox 1172 2042 1488 2117; x_wconf 88' lang='lat' dir='ltr'><strong>Stephanus</strong></span> <span class='ocrx_word' id='word_1_149' title='bbox 1531 2060 1578 2099; x_wconf 87' lang='lat' dir='ltr'><strong>a.</strong></span> <span class='ocrx_word' id='word_1_150' title='bbox 1617 2049 1784 2112; x_wconf 83' lang='lat'><strong>1543,</strong></span> <span class='ocrx_word' id='word_1_151' title='bbox 1830 2043 2057 2098; x_wconf 88' lang='lat' dir='ltr'><strong>Isaacus</strong></span> 
     </span>
     <span class='ocr_line' id='line_1_22' title="bbox 246 2125 2058 2197; baseline -0.001 -14"><span class='ocrx_word' id='word_1_152' title='bbox 246 2127 609 2183; x_wconf 85' lang='lat' dir='ltr'><strong>Gasaubonus</strong></span> <span class='ocrx_word' id='word_1_153' title='bbox 651 2143 702 2182; x_wconf 89' lang='lat' dir='ltr'><strong>a.</strong></span> <span class='ocrx_word' id='word_1_154' title='bbox 735 2132 870 2186; x_wconf 87' lang='grc'><strong>1595</strong></span> <span class='ocrx_word' id='word_1_155' title='bbox 906 2131 965 2182; x_wconf 86' lang='lat' dir='ltr'><strong>et</strong></span> <span class='ocrx_word' id='word_1_156' title='bbox 1004 2133 1177 2195; x_wconf 88' lang='grc'><strong>1610,</strong></span> <span class='ocrx_word' id='word_1_157' title='bbox 1222 2128 1461 2184; x_wconf 88' lang='lat' dir='ltr'><strong>loannes</strong></span> <span class='ocrx_word' id='word_1_158' title='bbox 1506 2126 1791 2197; x_wconf 83' lang='lat' dir='ltr'><strong>Augustus</strong></span> <span class='ocrx_word' id='word_1_159' title='bbox 1836 2125 2058 2182; x_wconf 81' lang='lat' dir='ltr'><strong>Ernesti</strong></span> 
     </span>
     <span class='ocr_line' id='line_1_23' title="bbox 244 2208 2063 2283; baseline -0.002 -16"><span class='ocrx_word' id='word_1_160' title='bbox 244 2228 296 2267; x_wconf 89' lang='lat' dir='ltr'><strong>a.</strong></span> <span class='ocrx_word' id='word_1_161' title='bbox 333 2215 469 2270; x_wconf 81' lang='lat'>1748</span> <span class='ocrx_word' id='word_1_162' title='bbox 502 2215 559 2264; x_wconf 92' lang='lat' dir='ltr'><strong>et</strong></span> <span class='ocrx_word' id='word_1_163' title='bbox 590 2214 760 2281; x_wconf 91' lang='grc'><strong>1775,</strong></span> <span class='ocrx_word' id='word_1_164' title='bbox 792 2210 1122 2267; x_wconf 85' lang='lat' dir='ltr'><strong>Franciscus</strong></span> <span class='ocrx_word' id='word_1_165' title='bbox 1153 2209 1582 2283; x_wconf 87' lang='lat' dir='ltr'><strong>Oudendorpius</strong></span> <span class='ocrx_word' id='word_1_166' title='bbox 1614 2227 1665 2266; x_wconf 91' lang='lat' dir='ltr'><strong>a.</strong></span> <span class='ocrx_word' id='word_1_167' title='bbox 1703 2214 1859 2270; x_wconf 91' lang='grc'><strong>1751.</strong></span> <span class='ocrx_word' id='word_1_168' title='bbox 1943 2208 2063 2264; x_wconf 84' lang='lat' dir='ltr'><strong>Etsi</strong></span> 
     </span>
     <span class='ocr_line' id='line_1_24' title="bbox 245 2291 2060 2364; baseline -0.003 -13"><span class='ocrx_word' id='word_1_169' title='bbox 245 2293 530 2351; x_wconf 87' lang='lat' dir='ltr'><strong>editiones</strong></span> <span class='ocrx_word' id='word_1_170' title='bbox 573 2309 683 2350; x_wconf 90' lang='lat' dir='ltr'><strong>uon</strong></span> <span class='ocrx_word' id='word_1_171' title='bbox 720 2300 1125 2364; x_wconf 86' lang='lat' dir='ltr'><strong>correxerunt,</strong></span> <span class='ocrx_word' id='word_1_172' title='bbox 1176 2299 1357 2351; x_wconf 91' lang='lat' dir='ltr'><strong>tamen</strong></span> <span class='ocrx_word' id='word_1_173' title='bbox 1404 2294 1498 2350; x_wconf 84' lang='lat' dir='ltr'><strong>vel</strong></span> <span class='ocrx_word' id='word_1_174' title='bbox 1539 2293 1596 2349; x_wconf 91' lang='lat' dir='ltr'><strong>in</strong></span> <span class='ocrx_word' id='word_1_175' title='bbox 1648 2291 2060 2351; x_wconf 88' lang='lat' dir='ltr'><strong>commentariis</strong></span> 
     </span>
     <span class='ocr_line' id='line_1_25' title="bbox 247 2376 2056 2450; baseline -0.002 -16"><span class='ocrx_word' id='word_1_176' title='bbox 247 2376 609 2434; x_wconf 89' lang='lat' dir='ltr'><strong>Suetonianis</strong></span> <span class='ocrx_word' id='word_1_177' title='bbox 639 2377 732 2433; x_wconf 84' lang='lat' dir='ltr'><strong>vel</strong></span> <span class='ocrx_word' id='word_1_178' title='bbox 761 2377 889 2434; x_wconf 90' lang='lat' dir='ltr'><strong>aliis</strong></span> <span class='ocrx_word' id='word_1_179' title='bbox 922 2378 1208 2450; x_wconf 86' lang='lat' dir='ltr'><strong>opusculis</strong></span> <span class='ocrx_word' id='word_1_180' title='bbox 1247 2379 1426 2434; x_wconf 89' lang='lat' dir='ltr'><strong>bonas</strong></span> <span class='ocrx_word' id='word_1_181' title='bbox 1464 2377 1735 2433; x_wconf 88' lang='lat' dir='ltr'><strong>librorum</strong></span> <span class='ocrx_word' id='word_1_182' title='bbox 1779 2376 2056 2433; x_wconf 89' lang='lat' dir='ltr'><strong>lectiones</strong></span> 
     </span>
     <span class='ocr_line' id='line_1_26' title="bbox 245 2460 2058 2535; baseline -0.001 -19"><span class='ocrx_word' id='word_1_183' title='bbox 245 2461 498 2535; x_wconf 87' lang='lat' dir='ltr'><strong>prolatas</strong></span> <span class='ocrx_word' id='word_1_184' title='bbox 540 2461 1069 2517; x_wconf 79' lang='lat' dir='ltr'><strong>commendaverunt</strong></span> <span class='ocrx_word' id='word_1_185' title='bbox 1117 2461 1175 2517; x_wconf 90' lang='lat' dir='ltr'><strong>hi</strong></span> <span class='ocrx_word' id='word_1_186' title='bbox 1228 2463 1378 2518; x_wconf 81' lang='lat' dir='ltr'><strong>fere:</strong></span> <span class='ocrx_word' id='word_1_187' title='bbox 1436 2460 1687 2531; x_wconf 83' lang='lat' dir='ltr'><strong>Angelus</strong></span> <span class='ocrx_word' id='word_1_188' title='bbox 1734 2461 2058 2529; x_wconf 66' lang='lat' dir='ltr'><strong>Pontianus,</strong></span> 
     </span>
     <span class='ocr_line' id='line_1_27' title="bbox 244 2543 2058 2617; baseline -0.002 -16"><span class='ocrx_word' id='word_1_189' title='bbox 244 2546 485 2601; x_wconf 88' lang='lat' dir='ltr'><strong>Ioannes</strong></span> <span class='ocrx_word' id='word_1_190' title='bbox 528 2543 773 2617; x_wconf 84' lang='lat' dir='ltr'><strong>Baptista</strong></span> <span class='ocrx_word' id='word_1_191' title='bbox 824 2543 985 2614; x_wconf 82' lang='lat' dir='ltr'><strong>Pius,</strong></span> <span class='ocrx_word' id='word_1_192' title='bbox 1045 2544 1317 2601; x_wconf 86' lang='lat' dir='ltr'><strong>Henricus</strong></span> <span class='ocrx_word' id='word_1_193' title='bbox 1363 2545 1700 2614; x_wconf 86' lang='lat' dir='ltr'><strong>Glareanus,</strong></span> <span class='ocrx_word' id='word_1_194' title='bbox 1749 2545 2058 2600; x_wconf 86' lang='lat' dir='ltr'><strong>Hadrianus</strong></span> 
     </span>
     <span class='ocr_line' id='line_1_28' title="bbox 248 2626 2060 2699; baseline -0.001 -16"><span class='ocrx_word' id='word_1_195' title='bbox 248 2626 571 2697; x_wconf 76' lang='lat' dir='ltr'><strong>TurnebuS,</strong></span> <span class='ocrx_word' id='word_1_196' title='bbox 612 2628 939 2685; x_wconf 85' lang='lat' dir='ltr'><strong>Theodorus</strong></span> <span class='ocrx_word' id='word_1_197' title='bbox 998 2627 1358 2699; x_wconf 88' lang='lat' dir='ltr'><strong>Pulmannus,</strong></span> <span class='ocrx_word' id='word_1_198' title='bbox 1398 2627 1669 2684; x_wconf 82' lang='lat' dir='ltr'><strong>Laevinus</strong></span> <span class='ocrx_word' id='word_1_199' title='bbox 1713 2626 2060 2695; x_wconf 84' lang='lat' dir='ltr'><strong>Torrentius,</strong></span> 
     </span>
     <span class='ocr_line' id='line_1_29' title="bbox 249 2709 2060 2784; baseline -0.002 -16"><span class='ocrx_word' id='word_1_200' title='bbox 249 2713 432 2768; x_wconf 80' lang='lat' dir='ltr'><strong>iustus</strong></span> <span class='ocrx_word' id='word_1_201' title='bbox 461 2711 703 2783; x_wconf 85' lang='lat' dir='ltr'><strong>Lipsius,</strong></span> <span class='ocrx_word' id='word_1_202' title='bbox 733 2711 896 2769; x_wconf 89' lang='lat' dir='ltr'><strong>Ianus</strong></span> <span class='ocrx_word' id='word_1_203' title='bbox 929 2711 1216 2782; x_wconf 84' lang='lat' dir='ltr'><strong>Gruterus,</strong></span> <span class='ocrx_word' id='word_1_204' title='bbox 1249 2711 1462 2784; x_wconf 87' lang='lat' dir='ltr'><strong>Caspar</strong></span> <span class='ocrx_word' id='word_1_205' title='bbox 1485 2710 1765 2781; x_wconf 79' lang='lat' dir='ltr'><strong>BarthiuS,</strong></span> <span class='ocrx_word' id='word_1_206' title='bbox 1799 2709 2060 2766; x_wconf 89' lang='lat' dir='ltr'><strong>Claudius</strong></span> 
     </span>
     <span class='ocr_line' id='line_1_30' title="bbox 251 2793 2061 2867; baseline -0.001 -15"><span class='ocrx_word' id='word_1_207' title='bbox 251 2794 588 2865; x_wconf 88' lang='lat' dir='ltr'><strong>Salmasius,</strong></span> <span class='ocrx_word' id='word_1_208' title='bbox 626 2794 865 2852; x_wconf 88' lang='lat' dir='ltr'><strong>loannes</strong></span> <span class='ocrx_word' id='word_1_209' title='bbox 901 2795 1176 2867; x_wconf 84' lang='lat' dir='ltr'><strong>Georgius</strong></span> <span class='ocrx_word' id='word_1_210' title='bbox 1219 2795 1523 2867; x_wconf 83' lang='lat' dir='ltr'><strong>Graevius,</strong></span> <span class='ocrx_word' id='word_1_211' title='bbox 1567 2796 1803 2853; x_wconf 89' lang='lat' dir='ltr'><strong>Iacobus</strong></span> <span class='ocrx_word' id='word_1_212' title='bbox 1844 2793 2061 2852; x_wconf 88' lang='lat' dir='ltr'><strong>Grono-</strong></span> 
     </span>
     <span class='ocr_line' id='line_1_31' title="bbox 254 2878 2062 2952; baseline -0.001 -17"><span class='ocrx_word' id='word_1_213' title='bbox 254 2879 414 2950; x_wconf 80' lang='lat' dir='ltr'><strong>vius,</strong></span> <span class='ocrx_word' id='word_1_214' title='bbox 445 2878 642 2935; x_wconf 84' lang='lat' dir='ltr'><strong>Petrus</strong></span> <span class='ocrx_word' id='word_1_215' title='bbox 670 2880 1028 2935; x_wconf 88' lang='lat' dir='ltr'><strong>Burmannus.</strong></span> <span class='ocrx_word' id='word_1_216' title='bbox 1120 2880 1455 2952; x_wconf 83' lang='lat' dir='ltr'><strong>corrigendi</strong></span> <span class='ocrx_word' id='word_1_217' title='bbox 1492 2880 1682 2937; x_wconf 78' lang='lat' dir='ltr'><strong>officio</strong></span> <span class='ocrx_word' id='word_1_218' title='bbox 1702 2921 1719 2950; x_wconf 92' lang='lat'><strong>,</strong></span> <span class='ocrx_word' id='word_1_219' title='bbox 1752 2896 1873 2935; x_wconf 90' lang='lat' dir='ltr'><strong>cum</strong></span> <span class='ocrx_word' id='word_1_220' title='bbox 1904 2886 2062 2934; x_wconf 84' lang='lat' dir='ltr'><strong>vete-</strong></span> 
     </span>
     <span class='ocr_line' id='line_1_32' title="bbox 250 2961 2059 3037; baseline -0.001 -19"><span class='ocrx_word' id='word_1_221' title='bbox 250 2963 406 3019; x_wconf 86' lang='lat' dir='ltr'><strong>ribus</strong></span> <span class='ocrx_word' id='word_1_222' title='bbox 450 2962 614 3019; x_wconf 90' lang='lat' dir='ltr'><strong>libris</strong></span> <span class='ocrx_word' id='word_1_223' title='bbox 661 2963 1130 3033; x_wconf 88' lang='lat' dir='ltr'><strong>destituerentur,</strong></span> <span class='ocrx_word' id='word_1_224' title='bbox 1182 2965 1507 3037; x_wconf 88' lang='lat' dir='ltr'><strong>plerumque</strong></span> <span class='ocrx_word' id='word_1_225' title='bbox 1548 2981 1657 3022; x_wconf 89' lang='lat' dir='ltr'><strong>non</strong></span> <span class='ocrx_word' id='word_1_226' title='bbox 1700 2964 1842 3020; x_wconf 91' lang='lat' dir='ltr'><strong>male</strong></span> <span class='ocrx_word' id='word_1_227' title='bbox 1888 2961 2059 3017; x_wconf 84' lang='lat' dir='ltr'><strong>functi</strong></span> 
     </span>
     <span class='ocr_line' id='line_1_33' title="bbox 250 3039 2059 3116; baseline 0.003 -15"><span class='ocrx_word' id='word_1_228' title='bbox 250 3053 381 3102; x_wconf 87' lang='lat' dir='ltr'><strong>sunt</strong></span> <span class='ocrx_word' id='word_1_229' title='bbox 441 3046 744 3103; x_wconf 86' lang='lat' dir='ltr'><strong>divinando</strong></span> <span class='ocrx_word' id='word_1_230' title='bbox 802 3047 1019 3103; x_wconf 76' lang='lat' dir='ltr'><strong>Marcus</strong></span> <span class='ocrx_word' id='word_1_231' title='bbox 1077 3039 1365 3104; x_wconf 77' lang='lat' dir='ltr'><strong>Antonius&#39;</strong></span> <span class='ocrx_word' id='word_1_232' title='bbox 1419 3047 1737 3104; x_wconf 88' lang='lat' dir='ltr'><strong>Sabellicus</strong></span> <span class='ocrx_word' id='word_1_233' title='bbox 1797 3063 1849 3102; x_wconf 89' lang='lat' dir='ltr'><strong>a.</strong></span> <span class='ocrx_word' id='word_1_234' title='bbox 1902 3052 2059 3116; x_wconf 87' lang='grc'><strong>1490,</strong></span> 
     </span>
     <span class='ocr_line' id='line_1_34' title="bbox 251 3128 2060 3203; baseline 0 -17"><span class='ocrx_word' id='word_1_235' title='bbox 251 3130 491 3186; x_wconf 88' lang='lat' dir='ltr'><strong>Ioannes</strong></span> <span class='ocrx_word' id='word_1_236' title='bbox 523 3130 769 3203; x_wconf 87' lang='lat' dir='ltr'><strong>Baptista</strong></span> <span class='ocrx_word' id='word_1_237' title='bbox 798 3130 1067 3201; x_wconf 86' lang='lat' dir='ltr'><strong>Egnatius</strong></span> <span class='ocrx_word' id='word_1_238' title='bbox 1099 3148 1148 3187; x_wconf 86' lang='lat' dir='ltr'><strong>a.</strong></span> <span class='ocrx_word' id='word_1_239' title='bbox 1185 3136 1344 3201; x_wconf 89' lang='grc'><strong>1516,</strong></span> <span class='ocrx_word' id='word_1_240' title='bbox 1374 3130 1763 3202; x_wconf 84' lang='lat' dir='ltr'><strong>Sigismundus</strong></span> <span class='ocrx_word' id='word_1_241' title='bbox 1795 3128 2060 3186; x_wconf 81' lang='lat' dir='ltr'><strong>Gelenius</strong></span> 
     </span>
     <span class='ocr_line' id='line_1_35' title="bbox 254 3210 2059 3288; baseline -0.001 -19"><span class='ocrx_word' id='word_1_242' title='bbox 254 3231 304 3269; x_wconf 89' lang='lat' dir='ltr'><strong>a.</strong></span> <span class='ocrx_word' id='word_1_243' title='bbox 354 3220 492 3274; x_wconf 90' lang='grc'><strong>1533</strong></span> <span class='ocrx_word' id='word_1_244' title='bbox 533 3219 590 3269; x_wconf 86' lang='lat' dir='ltr'><strong>et</strong></span> <span class='ocrx_word' id='word_1_245' title='bbox 629 3218 765 3274; x_wconf 84' lang='lat'>1546</span> <span class='ocrx_word' id='word_1_246' title='bbox 810 3210 1000 3288; x_wconf 87' lang='lat' dir='ltr'><strong>(hunc</strong></span> <span class='ocrx_word' id='word_1_247' title='bbox 1043 3214 1188 3269; x_wconf 85' lang='lat' dir='ltr'><strong>euim</strong></span> <span class='ocrx_word' id='word_1_248' title='bbox 1231 3214 1663 3287; x_wconf 77' lang='lat' dir='ltr'><strong>repetitionibus</strong></span> <span class='ocrx_word' id='word_1_249' title='bbox 1701 3213 2059 3271; x_wconf 88' lang='lat' dir='ltr'><strong>Erasmianae</strong></span> 
     </span>
     <span class='ocr_line' id='line_1_36' title="bbox 256 3295 1665 3372; baseline 0.004 -20"><span class='ocrx_word' id='word_1_250' title='bbox 256 3296 518 3354; x_wconf 87' lang='lat' dir='ltr'><strong>editionis</strong></span> <span class='ocrx_word' id='word_1_251' title='bbox 549 3297 791 3354; x_wconf 89' lang='lat' dir='ltr'><strong>Basiliae</strong></span> <span class='ocrx_word' id='word_1_252' title='bbox 823 3298 988 3355; x_wconf 78' lang='lat' dir='ltr'><strong>factis</strong></span> <span class='ocrx_word' id='word_1_253' title='bbox 1016 3298 1332 3371; x_wconf 78' lang='lat' dir='ltr'><strong>praefuisse</strong></span> <span class='ocrx_word' id='word_1_254' title='bbox 1356 3295 1665 3372; x_wconf 81' lang='lat' dir='ltr'><strong>existimo).</strong></span> 
     </span>
     <span class='ocr_line' id='line_1_37' title="bbox 374 3379 2309 3455; baseline -0.002 -18"><span class='ocrx_word' id='word_1_255' title='bbox 374 3380 720 3455; x_wconf 80' lang='lat' dir='ltr'><strong>Scriptorum</strong></span> <span class='ocrx_word' id='word_1_256' title='bbox 768 3382 1039 3439; x_wconf 88' lang='lat' dir='ltr'><strong>librorum</strong></span> <span class='ocrx_word' id='word_1_257' title='bbox 1091 3398 1193 3455; x_wconf 88' lang='lat' dir='ltr'><strong>per</strong></span> <span class='ocrx_word' id='word_1_258' title='bbox 1242 3382 1556 3439; x_wconf 85' lang='lat' dir='ltr'><strong>universam</strong></span> <span class='ocrx_word' id='word_1_259' title='bbox 1608 3379 1949 3436; x_wconf 86' lang='lat' dir='ltr'><strong>Germaniam</strong></span> <span class='ocrx_word' id='word_1_260' title='bbox 2004 3385 2062 3433; x_wconf 91' lang='lat' dir='ltr'><strong>et</strong></span> <span class='ocrx_word' id='word_1_261' title='bbox 2104 3381 2309 3424; x_wconf 66' lang='lat' dir='ltr'><strong>eoduma</strong></span> 
     </span>
    </p>
   </div>
   <div class='ocr_carea' id='block_1_3' title="bbox 260 3428 2323 3538">
    <p class='ocr_par' dir='ltr' id='par_1_3' title="bbox 260 3428 2323 3538">
     <span class='ocr_line' id='line_1_38' title="bbox 260 3428 2323 3538; baseline -0.008 -18"><span class='ocrx_word' id='word_1_262' title='bbox 260 3462 489 3521; x_wconf 88' lang='lat' dir='ltr'><strong>Galliam</strong></span> <span class='ocrx_word' id='word_1_263' title='bbox 533 3470 589 3520; x_wconf 88' lang='lat' dir='ltr'><strong>et</strong></span> <span class='ocrx_word' id='word_1_264' title='bbox 630 3463 844 3521; x_wconf 87' lang='lat' dir='ltr'><strong>Italiam</strong></span> <span class='ocrx_word' id='word_1_265' title='bbox 884 3465 1083 3536; x_wconf 84' lang='lat' dir='ltr'><strong>iugens</strong></span> <span class='ocrx_word' id='word_1_266' title='bbox 1114 3481 1373 3520; x_wconf 86' lang='lat' dir='ltr'><strong>uumerus</strong></span> <span class='ocrx_word' id='word_1_267' title='bbox 1405 3464 1717 3538; x_wconf 89' lang='lat' dir='ltr'><strong>reperitur,</strong></span> <span class='ocrx_word' id='word_1_268' title='bbox 1760 3474 2061 3528; x_wconf 79' lang='lat' dir='ltr'><strong>eorumque</strong></span> <span class='ocrx_word' id='word_1_269' title='bbox 2080 3428 2323 3471; x_wconf 51' lang='lat' dir='ltr'>‘mmmm</span> 
     </span>
    </p>
   </div>
   <div class='ocr_carea' id='block_1_4' title="bbox 1717 3538 1802 3594">
    <p class='ocr_par' dir='ltr' id='par_1_4' title="bbox 1717 3538 1802 3594">
     <span class='ocr_line' id='line_1_39' title="bbox 1717 3538 1802 3594; baseline -0.024 -15"><span class='ocrx_word' id='word_1_270' title='bbox 1717 3538 1802 3594; x_wconf 69' lang='lat' dir='ltr'><strong>b*</strong></span> 
     </span>
    </p>
   </div>
  </div>
 </body>
</html>
