2553 3960
960 222 1041 272 0.·
1069 224 1445 276 camanum
2085 220 2203 285 143

185 373 552 455 peditionem
583 376 816 438 assidue
866 379 1156 457 gestavit,
1198 380 1483 441 interdum
1532 392 1593 443 et
1637 383 1834 464 Magni
1880 383 2199 449 Alexandri

185 460 494 520 thoracem
521 463 831 541 repetitum
859 479 892 521 e
925 462 1250 542 conditorio
1290 465 1433 525 eius.

319 542 414 604 Ex
449 541 770 632 disciplinis
817 544 1160 607 liberalibus
1205 549 1490 609 minimum
1541 550 1876 630 eruditioni,
1919 555 2195 636 eloquen-
2214 567 2283 623 53

183 628 307 687 tiae
344 626 647 706 plurimum
699 628 971 706 attendit,
1044 633 1403 709 quantumvis
1443 633 1723 695 facundus
1770 645 1830 697 et
1873 648 2195 720 promptus,

133 711 385 790 sutique
431 712 480 770 si
515 712 902 790 perorandum
946 714 1005 772 in
1047 714 1296 794 aliquem
1344 726 1522 777 esset.
1608 717 1763 780 Irato
1810 729 1870 780 et
1916 723 2097 784 verba
2139 734 2198 785 et

185 795 513 855 sententiae
554 797 970 876 suppetebant,
1017 800 1407 876 pronuntiatio
1441 818 1672 881 quoque
1704 812 1761 864 et
1791 822 1939 882 vox,
1999 816 2059 867 ut
2096 826 2193 867 ne·

186 896 304 958 que
354 877 563 939 eodem
616 880 737 940 loci
786 898 931 961 prae
983 881 1193 942 ardore
1246 886 1597 945 consisteret
1652 894 1711 946 et
1754 889 2121 950 exaudiretur
2160 909 2195 952 a

183 961 396 1042 procul
430 963 729 1024 stantibus,
818 963 1199 1025 Peroraturus
1215 1011 1233 1043 ,
1267 968 1624 1030 stricturum
1650 988 1720 1030 se
1747 970 2196 1035 lucubrationis

183 1062 344 1106 suae
392 1046 573 1108 telum
615 1047 964 1119 minabatur;
1037 1049 1225 1110 lenius
1279 1053 1636 1131 comtiusque
1676 1055 1965 1117 scribendi
2007 1075 2193 1136 genus

109 1148 164 1189 ιο
186 1129 337 1191 adeo
372 1140 784 1211 contemnens,
839 1141 902 1192 ut
927 1132 1210 1194 Senecam
1236 1142 1352 1194 tum
1395 1137 1640 1197 maxime
1671 1137 1996 1217 placentem
2028 1158 2188 1201 com-

182 1213 517 1276 missiones
540 1234 751 1277 meras
788 1233 1181 1297 componere,
1239 1226 1299 1277 et
1330 1218 1632 1280 harenam
1671 1239 1807 1282 esse
1844 1224 1978 1284 sine
2019 1223 2193 1286 calce

186 1298 429 1360 diceret.
519 1300 761 1362 Solebat
802 1303 974 1362 etiam
1014 1304 1320 1381 prosperis
1355 1302 1667 1364 ‘oratorum
1723 1306 2045 1367 actionibus
2097 1326 2188 1368 re-

184 1380 453 1443 scribere
483 1391 542 1443 et
574 1401 912 1461 magnorum
950 1387 1008 1446 in
1042 1393 1244 1445 senatu
1281 1402 1513 1446 reorum
1553 1391 1952 1451 accusationes
1990 1390 2186 1451 defen·

184 1467 503 1546 sionesque
552 1468 810 1530 meditari
858 1487 961 1548 ac,
1016 1477 1190 1547 prout
1243 1469 1407 1530 stilus
1461 1480 1750 1549 cesserat,
1804 1472 1898 1532 vel
1942 1491 2188 1534 onerare

110 1568 164 1610 ιο
183 1552 471 1612 sententia
516 1570 617 1613 sua
651 1570 934 1632 quemque
975 1551 1071 1612 vel
1115 1551 1455 1631 sublevare,
1513 1556 1766 1634 equestri
1820 1572 2054 1636 quoque
2095 1574 2187 1616 or-

183 1635 319 1696 dine
348 1633 418 1694 ad
446 1635 783 1696 audiendum
815 1636 1053 1698 invitato
1083 1653 1193 1714 per
1222 1636 1429 1697 edicta.

315 1717 433 1776 Sed
462 1727 521 1777 et
550 1718 790 1779 allorum
818 1737 1098 1797 generum
1123 1729 1281 1781 artes
1324 1719 1742 1781 studiosissime
1771 1729 1832 1781 et
1861 1722 2181 1784 diversissi·
2200 1732 2271 1788 54

181 1819 309 1862 mas
341 1803 621 1862 exercuit.
710 1803 905 1864 Threx
934 1813 993 1864 et
1020 1804 1249 1881 auriga,
1307 1803 1458 1864 idem
1489 1812 1691 1865 cantor
1723 1813 1893 1885 atque
1923 1805 2183 1885 saltator,

183 1883 491 1946 battuebat
519 1888 876 1965 pugnatoriis
918 1888 1122 1965 armis,
1182 1887 1484 1965 aurigabat
1528 1896 1793 1949 extructo
1832 1889 2185 1968 plurifariam

105 1991 163 2034 κο
188 1970 385 2039 circo;
449 1968 687 2031 canendi
729 1990 798 2032 ac
840 1970 1081 2033 saltandi
1123 1971 1418 2051 voluptate
1457 1973 1536 2034 ita
1583 1972 1961 2052 efferebatur,
2021 1983 2184 2036 utne

185 2053 438 2135 publicis
497 2054 723 2133 quidem
776 2055 1127 2137 spectaculis
1185 2064 1538 2135 temperaret
1594 2075 1707 2136 quo
1750 2058 1933 2117 minus
1972 2066 2034 2118 et
2075 2068 2182 2120 tra-

182 2136 382 2217 goedo
438 2140 825 2218 pronuntianti
876 2140 1243 2217 concineret,
1302 2147 1362 2199 et
1408 2149 1636 2218 gestum
1682 2140 1975 2202 histrionis
2021 2143 2184 2221 quasi

180 2221 421 2284 laudans
457 2222 554 2282 vel
598 2225 904 2302 corrigens
944 2224 1134 2302 palam
1175 2224 1503 2301 effingeret.
1589 2223 1716 2284 Nec
1744 2225 1856 2285 alia
1897 2223 1969 2284 de
2009 2243 2184 2287 causa

181 2305 412 2367 videtur
453 2323 527 2365 eo
571 2305 696 2383 die,
757 2324 873 2387 quo
918 2309 1121 2386 periit,
1182 2307 1550 2386 pervigilium
1591 2306 1867 2368 indixisse
1917 2326 2082 2388 quam
2123 2317 2184 2368 ut

107 2391 398 2460 ninitium
438 2390 496 2448 in
537 2407 771 2450 scenam
808 2390 1132 2470 prodeundi
1174 2392 1408 2452 licentia
1457 2392 1734 2472 temporis
1767 2393 2181 2471 auspicaretur.

182 2471 442 2536 Saltabat
482 2481 669 2533 autem
702 2492 1122 2553 nonnumquam
1165 2476 1335 2535 etiam
1386 2483 1591 2545 noctu;
1639 2482 1700 2534 et
1741 2474 2024 2553 quondam
2062 2484 2182 2535 tres

182 2556 525 2620 consulares
579 2557 834 2619 secunda
862 2559 1064 2636 vigilia
1114 2559 1171 2619 in
1222 2558 1496 2619 Palatium
1545 2559 1767 2617 accitos
1799 2558 2088 2637 multaque
2125 2567 2184 2619 et

182 2650 443 2704 extrema
482 2643 789 2702 metuentis
833 2660 1010 2721 super
1062 2642 1342 2723 pulpitum
1396 2640 1759 2717 conlocavit,
1832 2639 2040 2700 deinde
2090 2658 2181 2700 re-

182 2733 358 2806 pente
389 2742 600 2802 magno
633 2725 896 2787 tibiarum
926 2733 985 2786 et
1022 2725 1413 2787 scabellorum
1449 2725 1671 2803 crepitu
1704 2741 1829 2784 cum
1856 2723 2012 2802 palla
2039 2725 2181 2782 tuni-

109 2826 367 2887 socaque
408 2807 574 2869 talari
617 2810 885 2888 prosiluit
925 2827 997 2870 ac
1036 2809 1321 2871 desaltato
1367 2810 1590 2869 cantico
1620 2808 1775 2870 abiit.
1863 2806 2055 2885 Atque
2089 2805 2183 2865 hic

178 2902 295 2955 tam
324 2890 530 2952 docilis
562 2892 633 2954 ad
662 2903 859 2955 cetera
888 2901 1090 2954 natare
1114 2895 1340 2955 nesciit.

307 2976 563 3052 Quorum
592 2995 738 3039 vero
781 2976 970 3038 studio
1004 2986 1330 3054 teneretur,
1389 2974 1650 3037 omnibus
1691 2975 1762 3038 ad
1799 2974 2072 3035 insaniam
2101 2973 2179 3033 fa-
2197 2989 2265 3043 55

177 3063 279 3122 vit.
367 3060 723 3122 Mnesterem
759 3063 1166 3141 pantomimum
1201 3062 1372 3122 etiam
1405 3060 1555 3121 inter
1586 3056 1926 3140 spectacula
1955 3056 2181 3118 oscula-

179 3145 379 3222 batur,
438 3163 507 3205 ac
535 3147 585 3205 si
615 3146 712 3226 qui
755 3146 1001 3206 saltante
1032 3162 1105 3206 eo
1145 3144 1241 3205 vel
1274 3145 1486 3204 leviter
1516 3143 1917 3222 obstreperet,
1963 3140 2183 3202 detrahi

112 3230 393 3290 ssiussum
422 3247 591 3290 manu
620 3248 722 3291 sua
750 3229 1102 3308 flagellabat.
1188 3227 1388 3308 Equiti
1424 3228 1497 3289 R.
1527 3227 1879 3287 tumultuanti
1913 3245 2020 3305 per
2050 3244 2182 3286 cen·

179 3314 464 3374 tutionem
497 3312 881 3392 denuntiavit,
941 3313 1127 3375 abiret
1167 3315 1291 3374 sine
1328 3328 1492 3372 mora
1523 3310 1740 3372 Ostiam
1778 3310 2184 3390 perferretque

182 3397 252 3459 ad
282 3396 677 3459 Ptolemaeum
704 3416 909 3476 regem
941 3400 998 3458 in
1027 3397 1420 3459 Mauritaniam
1469 3394 1774 3456 codicillos
1803 3410 1973 3462 suos:
2040 3405 2181 3485 quo-

179 3499 302 3543 rum
336 3480 667 3562 exemplum
698 3492 855 3543 erat:
912 3480 999 3542 Ei
1022 3499 1197 3563 quem
1226 3481 1385 3542 istoc
1411 3478 1584 3557 misi,
1616 3495 1811 3560 neque
1839 3473 1986 3537 boni
2013 3486 2180 3552 qum-
