2553 3960
354 194 473 253 100
517 205 579 253 ο.
610 205 908 254 sumom
945 206 1201 264 TRANQ.
1233 206 1328 251 DE
1358 203 1522 251 vrrs
1553 202 1918 251 CAESARUM
1948 201 2085 248 Lm.
2116 201 2219 249 111.

350 360 618 436 decerni,
666 377 740 419 ne
780 368 1018 439 questus
1048 357 1274 438 quidem
1304 366 1414 417 est.
1475 356 1742 434 Negante
1774 372 1849 416 eo
1880 354 2199 416 destinatos
2227 373 2346 415 ma-

349 443 624 521 gistratus
661 442 871 502 abesse
914 452 1225 521 oportere,
1266 450 1328 501 ut
1368 448 1711 520 praesentes
1749 438 1958 499 honori
2003 437 2345 518 adquiesce-
2417 463 2434 476 ·

351 534 508 603 rent,
538 535 777 605 praetor
802 525 1135 603 designatus
1171 525 1411 585 liberam
1439 524 1791 601 legationem
1821 523 2170 602 impetravit.
2227 520 2344 582 Ite-

347 627 472 669 rum
524 618 831 686 censente,
883 618 943 668 ut
994 608 1294 669 Trebianis
1342 608 1592 685 legatam
1645 608 1703 666 in
1752 623 1900 684 opus
1950 608 2086 667 novi
2135 605 2347 666 theatri

351 695 649 772 pecuniam
695 692 765 753 ad
793 693 1159 752 munitionem
1190 693 1320 752 viae
1347 690 1664 751 transferre
1692 687 2148 767 concederetur,
2193 690 2347 768 opti·
2395 707 2423 747 5

350 794 490 837 nere
531 793 648 836 non
687 778 873 855 potuit
902 778 1037 855 quin
1063 784 1187 836 rata
1216 774 1487 835 voluntas
1513 774 1796 851 legatoris
1831 781 2010 833 esset.
2074 772 2216 834 Cum
2249 790 2344 832 se-

349 868 515 921 natus
561 860 882 919 consultum
925 877 1032 939 per
1071 858 1488 918 discessionem
1515 858 1670 917 forte
1710 857 1911 934 fieret,
1956 865 2347 918 transeuntem

350 960 478 1003 eum
520 944 575 1002 in
607 944 843 1004 alteram
877 952 1129 1022 partem,
1172 944 1229 1001 in
1265 960 1376 1022 qua
1403 942 1713 1020 panciores
1744 949 1937 1017 erant,
1985 948 2222 1001 secutus
2251 948 2347 999 est

349 1043 538 1085 nemo.

475 1108 688 1171 Cetera
728 1127 958 1190 quoque
999 1110 1226 1168 nonnisi
1266 1126 1375 1187 per
1405 1109 1773 1185 magistratus
1805 1116 1865 1167 et
1894 1108 2017 1166 iure
2049 1106 2343 1168 ordinario
2367 1128 2423 1169 io

347 1192 697 1271 agebantur,
749 1202 901 1254 tanta
962 1191 1260 1252 consulum
1310 1193 1652 1252 auctoritate
1692 1200 1753 1251 ut
1790 1191 1970 1269 legati
2014 1209 2090 1250 ex
2138 1190 2346 1251 Africa

346 1275 590 1337 adierint
637 1294 743 1336 eos
788 1284 1130 1355 querenteS,
1184 1274 1331 1335 trahi
1384 1294 1449 1335 se
1492 1292 1525 1335 a
1569 1273 1821 1336 Caesare
1861 1274 1932 1336 ad
1974 1292 2142 1354 quem
2182 1275 2344 1334 missi

346 1360 559 1420 forent.
615 1359 745 1420 Nec
780 1362 1015 1436 mirum,
1045 1376 1172 1418 cum
1198 1358 1387 1438 palam
1417 1368 1609 1435 esset,
1648 1360 1835 1438 ipsum
1864 1374 2095 1438 qnoque
2124 1357 2345 1417 eisdem

265 1454 333 1508 32
351 1453 410 1504 et
433 1461 743 1521 assurgere
785 1452 844 1503 et
877 1442 1169 1503 decedere
1200 1443 1313 1502 via.
1377 1440 1671 1521 Corripuit
1703 1441 2042 1502 consulares
2073 1442 2342 1502 exerciti-

348 1527 452 1587 bus
481 1529 875 1606 praepositos,
909 1526 1061 1605 quod
1091 1543 1209 1586 non
1238 1525 1312 1585 de
1340 1525 1515 1586 rebus
1538 1527 1723 1604 gestis
1747 1527 1969 1586 senatui
1995 1524 2340 1602 scriberent,
2366 1544 2422 1585 ιι

346 1610 616 1689 quodque
654 1609 729 1670 de
769 1611 1082 1671 tribuendis
1114 1608 1448 1690 quibusdam
1479 1608 1817 1670 militaribus
1849 1608 2017 1668 donis
2046 1608 2119 1670 ad
2149 1626 2215 1668 se
2249 1628 2341 1668 re-

346 1695 596 1770 ferrent,
644 1696 805 1773 quasi
850 1712 964 1754 non
1009 1696 1256 1754 omnium
1300 1692 1732 1753 tribuendorum
1764 1693 1876 1771 ipsi
1913 1694 2016 1751 ius·
2041 1691 2341 1752 haberent.

348 1777 681 1837 Praetorem
735 1777 1130 1853 conlaudavit,
1192 1776 1348 1857 quod
1397 1776 1621 1837 honore
1669 1777 1815 1836 inito
1870 1774 2342 1836 consuetudinem

346 1862 631 1940 antiquam
681 1861 976 1921 retulisset
1033 1861 1104 1921 de
1142 1860 1457 1920 maioribus
1495 1861 1615 1919 suis
1657 1877 1766 1940 pro
1810 1861 2083 1919 contione
2126 1876 2340 1920 memo-

346 1943 525 2005 randi.
595 1944 961 2020 Quorundam
1005 1944 1308 2004 illustrium
1351 1945 1626 2022 exequias
1668 1961 1849 2023 usqne
1887 1942 1957 2003 ad
1987 1959 2194 2020 rogum
2223 1944 2340 2004 fre·
2362 1959 2419 1999 ao

346 2031 660 2107 quentavit.

475 2110 676 2171 Parem
728 2111 1178 2172 moderationem
1225 2112 1541 2171 minoribus
1594 2128 1825 2190 quoque
1868 2118 1927 2170 et
1969 2111 2237 2189 personis
2281 2119 2343 2169 et

347 2193 522 2253 rebus
559 2193 832 2254 exhibuit.
904 2193 1044 2255 Cum
1081 2195 1435 2256 Rhodiorum
1480 2197 1877 2272 magistratus,
1920 2192 2077 2272 quod
2119 2193 2343 2253 litteras

350 2277 610 2356 publicas
662 2279 787 2337 sine
829 2278 1256 2358 subscriptione
1305 2277 1378 2338 ad
1416 2297 1483 2338 se
1522 2278 1832 2353 dederant,
1880 2285 2222 2353 evocasset,
2265 2293 2341 2335 ne

346 2360 531 2420 verbo
570 2361 799 2440 quidem
838 2363 1148 2422 insectatus
1191 2374 1260 2423 ac
1289 2371 1502 2423 tantum
1531 2362 1706 2422 modo
1741 2363 1932 2420 iussos
1969 2359 2420 2420 subscribet-ees

347 2445 582 2504 remisit.
662 2444 961 2523 Diogenes
1012 2448 1450 2524 grammaticus,
1505 2447 1798 2525 disputare
1847 2443 2102 2505 sabbatis
2151 2441 2341 2503 Rhodi

348 2527 570 2605 solitus,
603 2531 929 2590 venientem
959 2547 1118 2607 eum,
1151 2540 1210 2590 ut
1240 2548 1307 2590 se
1338 2539 1503 2590 extra
1533 2529 1791 2590 ordinem
1821 2527 2064 2603 audiret,
2099 2544 2214 2586 non
2245 2524 2341 2586 ad-

344 2613 577 2672 miserat
622 2630 692 2672 ac
733 2632 841 2692 per
879 2615 1172 2674 servolum
1215 2630 1375 2673 suum
1408 2615 1465 2672 in
1499 2614 1801 2691 septimum
1831 2611 1981 2671 diem
2013 2610 2339 2678 distulerat;

345 2696 494 2756 hunc
526 2696 768 2773 Romae,
799 2697 1078 2758 salutandi
1109 2699 1193 2758 sui
1227 2714 1398 2758 causa
1425 2713 1536 2775 pro
1565 2696 1787 2756 foribus
1816 2695 2168 2770 adstantem,
2202 2692 2341 2754 nihil

344 2779 584 2858 amplius
633 2797 798 2858 quam
847 2789 908 2840 ut
958 2791 1092 2859 post
1142 2783 1443 2859 septimum
1493 2798 1696 2841 annum
1752 2779 1969 2839 rediret
2029 2777 2338 2839 admonuit.
2362 2795 2419 2835 so

345 2863 707 2923 Praesidibus
749 2864 1067 2924 onerandas
1106 2864 1321 2924 tributo
1362 2865 1695 2942 provincias
1731 2862 2101 2922 suadentibus
2129 2861 2339 2920 rescri-

348 2949 491 3025 psit,
524 2945 672 3008 bom'
692 2947 977 3025 pastoris
1005 2965 1142 3008 esse
1168 2948 1424 3009 tondere
1435 2964 1663 3025 pecus,
1700 2965 1820 3006 non
1853 2943 2199 3023 deylubere.

260 3044 328 3096 33
466 3030 740 3091 Paulatim
771 3032 1091 3110 principem
1122 3034 1368 3109 exeruit,
1398 3031 1799 3110 praestititque
1828 3030 1936 3087 etsi
1972 3030 2188 3087 varium
2220 3026 2340 3104 diu,

345 3113 792 3174 commodiorem
833 3123 1021 3174 tamen
1056 3117 1287 3193 saepius
1321 3125 1380 3174 et
1414 3114 1484 3174 ad
1522 3114 1795 3174 utilitates
1820 3111 2081 3190 publicas
2104 3112 2341 3190 pronio-

341 3210 479 3252 rem.
524 3195 614 3254 Ac
636 3200 820 3275 primo
844 3206 1080 3258 eatenus
1106 3198 1544 3274 interveniebat,
1569 3216 1641 3257 ne
1672 3195 1808 3276 quid
1831 3213 2137 3274 perperam
2152 3195 2342 3255 lieret.
2364 3208 2419 3249 ss

341 3275 542 3353 Itaque
586 3288 644 3336 et
685 3283 1127 3341 constitutiones
1167 3291 1398 3341 senatus
1442 3281 1713 3358 quasdam
1756 3278 2033 3355 rescidit,
2071 3287 2132 3337 et
2160 3279 2341 3355 magi-

343 3357 612 3418 stratibus
655 3379 765 3439 pro
806 3364 1073 3426 tribunali
1110 3363 1602 3442 cognoscentibus
1646 3364 1987 3443 plerumque
2030 3379 2096 3421 se
2128 3360 2342 3421 offere-

345 3441 441 3500 bat
469 3442 854 3504 consiliarium
883 3447 1289 3527 assidebatque
1318 3449 1514 3506 iuxtim
1545 3447 1641 3506 vel
1675 3446 2056 3506 exadversum
2085 3447 2143 3504 in
2172 3454 2341 3521 parte
