2553 3960
321 1044 412 1096 51.

323 2806 391 2862 52

405 201 526 264 142
586 214 645 263 c.
679 212 980 262 summu
1009 211 1265 272 TRANQ.
1298 211 1394 258 DE
1422 210 1588 259 vrrs
1621 210 1991 260 casarum
2021 212 2163 261 mn.
2189 214 2330 263 1111.

406 370 683 431 amatorio
720 367 949 448 quidem
997 365 1448 443 medicamento,
1500 365 1605 427 sed
1635 365 1787 446 quod
1826 367 1884 425 in
1922 367 2179 427 furorem
2211 377 2408 428 verte·
2523 405 2524 408 =

404 456 497 515 rit.
584 450 934 514 Incitabatur
974 451 1256 512 insomnia
1292 452 1566 521 maxime;
1609 468 1799 530 neque
1841 452 1990 511 enim
2044 450 2178 531 plus
2235 469 2409 531 quam

405 536 586 598 tribus
617 537 912 599 nocturnis
957 533 1119 594 horis
1150 532 1524 613 quiescebat,
1568 551 1639 595 ac
1681 552 1756 594 ne
1792 534 1863 593 iis
1912 534 2143 614 quidem
2173 534 2408 614 placida

405 623 631 703 quiete,
675 619 779 681 sed
810 616 1020 698 pavida
1048 618 1208 677 miris
1245 635 1439 678 rerum
1466 617 1837 697 imaginibus,
1887 627 1949 679 ut
1998 620 2095 700 qui
2123 620 2274 679 inter
2307 638 2403 680 ce-

402 714 560 766 teras
603 704 801 783 pelagi
833 700 1119 782 quondam
1160 703 1422 780 speciem
1464 702 1909 781 conloquentem
1956 719 2156 763 secum
2201 701 2406 763 videre
2451 719 2480 760 s
2520 722 2531 750 π

402 789 560 850 visus
596 788 687 849 sit.
774 784 1036 865 Ideoque
1085 802 1295 862 magna
1337 794 1502 865 parte
1546 787 1736 845 noctis
1774 786 2011 863 vigiliae
2041 785 2404 865 cubandique

402 872 594 934 taedIo
623 889 776 932 nunc
806 878 933 931 toro
960 868 1256 947 residens,
1297 886 1449 928 nunc
1478 887 1586 950 per
1613 869 1986 947 longissimas
2015 870 2278 950 porticus
2305 887 2401 930 va·

402 975 513 1035 gns
541 957 815 1016 invocare
847 952 1155 1014 identidem
1188 962 1363 1033 atque
1395 960 1712 1031 expectare
1744 953 1935 1013 lucem
1964 962 2291 1014 consuerat.

521 1037 576 1099 N
579 1055 654 1098 on
682 1039 946 1098 inmerito
975 1037 1184 1096 mentis
1211 1034 1508 1097 valitudini
1536 1036 1890 1097 attribuerim
1917 1036 2308 1098 diversissima
2346 1039 2404 1097 iu

405 1121 611 1183 eodem
643 1122 808 1198 vitia,
845 1137 1115 1181 summam
1148 1118 1549 1180 confidentiam
1590 1129 1648 1180 et
1682 1129 1883 1183 contra
1912 1122 2143 1182 nimium
2169 1129 2401 1181 metum.
2422 1143 2479 1185 ιο

402 1206 547 1266 Nam
579 1204 677 1283 qui
711 1203 857 1265 deos
894 1212 1050 1264 tanto
1084 1220 1267 1283 opere
1311 1211 1738 1283 contemneret,
1788 1203 1859 1266 ad
1899 1205 2124 1265 minima
2153 1205 2405 1264 tonitrua

406 1298 463 1350 et
491 1288 722 1366 fulgura
760 1288 1072 1365 conivere,
1122 1296 1296 1366 caput
1341 1285 1692 1365 obvolvere,
1738 1297 1794 1349 at
1835 1305 1980 1350 vero
2018 1290 2240 1349 maiore
2266 1305 2403 1367 pro-

404 1375 602 1454 ripere
642 1389 709 1431 se
737 1390 771 1431 e
799 1379 980 1432 strato
1017 1370 1122 1431 sub
1168 1370 1499 1450 lectumque
1532 1371 1787 1432 condere
1821 1372 2067 1433 solebat.
2135 1372 2403 1449 Peregri-

405 1457 639 1517 natione
679 1454 909 1535 quidem
950 1454 1240 1515 Siciliensi
1279 1455 1463 1515 irrisis
1502 1453 1736 1515 multum
1783 1456 2047 1518 locorum
2090 1454 2404 1531 miraculis,

404 1549 648 1620 repente
690 1558 722 1600 a
765 1538 1033 1600 Messana
1072 1547 1248 1600 noctu
1282 1538 1540 1619 profugit
1567 1538 1817 1600 Aetnaei
1865 1539 2105 1601 verticis
2145 1539 2303 1599 fumo
2331 1555 2405 1598 ac
2421 1558 2481 1601 ιι

404 1642 687 1685 murmure
718 1624 1076 1704 pavefactus.
1163 1621 1466 1684 Adversus
1506 1622 1792 1684 barbaros
1825 1641 2059 1704 quoque
2085 1623 2404 1684 minacissi-

403 1727 559 1786 mus,
622 1726 747 1768 cum
793 1716 948 1769 trans
980 1707 1243 1768 Rhenum
1288 1709 1437 1767 inter
1467 1709 1764 1783 angustias
1796 1707 2151 1786 densumque
2192 1723 2404 1786 agmen

404 1795 515 1853 iter
550 1789 763 1852 essedo
804 1791 1061 1869 faceret,
1127 1790 1356 1852 dicente
1408 1790 1656 1869 quodam
1705 1809 1821 1853 non
1871 1791 2223 1852 mediocrem
2272 1790 2404 1850 fore

406 1875 929 1936 consternationem
974 1874 1212 1935 sicunde
1253 1874 1440 1935 hostis
1476 1884 1785 1955 appareat,
1827 1893 2033 1955 equum
2082 1874 2218 1935 ilico
2265 1890 2402 1934 con-
2530 1845 2553 1931 J

405 1958 629 2021 scendit
658 1976 730 2021 ac
772 1975 1026 2038 propere
1055 1976 1331 2020 reversus
1363 1956 1436 2018 ad
1479 1967 1719 2039 pontes,
1761 1968 1823 2020 ut
1870 1977 1976 2021 eos
2009 1957 2310 2021 calonibus
2344 1965 2405 2018 et
2421 1974 2479 2017 πο

405 2042 827 2123 impedimentis
868 2044 1113 2122 stipatos
1153 2045 1447 2122 repperit,
1490 2044 1794 2122 impatiens
1839 2061 2037 2104 morae
2069 2060 2177 2121 per
2195 2060 2404 2103 ‘manus

404 2147 475 2189 ac
509 2145 685 2205 super
719 2127 909 2204 capita
946 2125 1234 2187 hominum
1276 2126 1587 2187 translatus
1630 2137 1738 2188 est.
1824 2127 1963 2189 Mox
2002 2129 2172 2187 etiam
2213 2125 2404 2187 audita

405 2209 731 2270 rebellione
776 2207 1143 2289 Germaniae,
1185 2211 1383 2289 fugam
1418 2220 1478 2270 et
1520 2210 1774 2272 subsidia
1814 2212 1991 2289 fugae
2032 2209 2257 2271 classes
2302 2227 2403 2288 ap·

406 2291 675 2372 parabat,
711 2311 824 2353 uno
877 2291 1087 2353 solatio
1139 2294 1556 2374 adquiescens,
1626 2297 2029 2356 transmarinas
2080 2303 2241 2355 certe
2293 2293 2406 2353 sibi

407 2376 803 2455 superfuturas
834 2377 1200 2456 provincias,
1244 2379 1295 2439 si
1323 2379 1580 2438 victores
1607 2378 1843 2459 Alpium
1872 2380 2038 2456 iuga,
2078 2387 2138 2438 ut
2163 2376 2478 2455 Cimbri,2⁶

406 2460 502 2521 vel
545 2460 713 2521 etiam
759 2459 992 2538 urbem,
1040 2469 1101 2521 ut
1143 2462 1410 2523 Senones
1464 2462 1780 2542 quondam,
1821 2470 2203 2541 occuparent;
2252 2460 2406 2522 uude

408 2542 588 2605 credo
645 2542 1092 2625 percussoribus
1149 2546 1275 2606 eius
1337 2554 1547 2624 postea
1608 2547 1908 2608 consilium
1960 2554 2182 2623 natum,
2251 2544 2407 2624 apud

403 2626 807 2690 tumultuantes
848 2629 1060 2691 milites
1096 2629 1471 2707 ementiendi,
1516 2632 1702 2709 ipsum
1748 2630 1858 2691 sibi
1901 2647 2098 2692 manus
2139 2629 2405 2689 intulisse

403 2713 601 2775 nuntio
628 2712 814 2774 malae
849 2730 1080 2791 pugnae
1112 2714 1498 2794 perterritum.

533 2796 762 2858 Vestitu
798 2795 1161 2876 calciatuque
1194 2804 1253 2858 et
1288 2805 1488 2858 cetero
1525 2797 1721 2858 habitu
1763 2815 1954 2878 neque
1992 2797 2180 2876 patrio
2210 2813 2404 2876 neque
2425 2806 2478 2849 ³⁰

407 2880 595 2957 civili,
655 2897 726 2942 ac
767 2897 844 2939 ne
874 2880 1024 2940 virili
1059 2880 1288 2960 quidem
1318 2899 1388 2942 ac
1420 2881 1669 2962 denique
1710 2880 1957 2943 humano
1998 2899 2231 2959 semper
2265 2898 2406 2941 usus

405 2975 513 3027 est.
602 2965 796 3043 Saepe
825 2962 1089 3042 depictas
1126 2974 1559 3046 gemmatasque
1588 2964 1815 3026 indutus
1859 2964 2169 3044 paenulas,
2208 2981 2405 3025 manu-

404 3051 592 3110 leatus
621 3058 681 3109 et
696 3046 1024 3115 „armillatus
1053 3051 1111 3109 in
1142 3048 1436 3129 publicum
1466 3049 1784 3130 processit;
1841 3048 2149 3127 aliquando
2185 3049 2404 3109 serica-

405 3141 497 3191 tus
529 3140 589 3190 et
618 3131 983 3207 cycladatus3
1039 3152 1110 3194 ac
1147 3131 1320 3193 modo
1352 3134 1409 3193 in
1450 3132 1704 3212 crepidis
1731 3133 1829 3194 vel
1863 3131 2184 3209 cothurnis,
2226 3131 2405 3192 modo

405 3215 463 3272 in
515 3216 904 3292 speculatoria
955 3216 1180 3294 caliga,
1226 3233 1642 3297 nonnumquam
1696 3234 1880 3278 socco
1933 3215 2229 3287 muliebri;
2277 3216 2406 3296 ple·
2427 3233 2479 3275 as

406 3312 645 3373 rumque
688 3316 832 3359 vero
875 3318 1049 3362 aurea
1094 3299 1307 3379 barba,
1347 3301 1562 3362 fulmen
1605 3310 1811 3362 tenens
1852 3310 1949 3361 aut
1983 3300 2265 3361 fuscinam
2308 3308 2410 3362 aut

411 3378 721 3441 caduceum
755 3380 991 3445 deorum
1032 3385 1310 3463 insignia3
1364 3395 1536 3464 atque
1566 3387 1737 3446 etiam
1771 3384 2021 3447 Veneris
2064 3383 2222 3445 cultu
2265 3400 2406 3445 con-

408 3469 646 3543 spectus
685 3472 793 3523 est.
879 3467 1303 3547 Triumphalem
1347 3469 1575 3549 quidem
1620 3478 1879 3531 ornatum
1921 3470 2090 3530 etiam
2136 3477 2269 3530 ante
2303 3487 2405 3529 ex-
