<?xml version="1.0" encoding="UTF-8"?>
<!DOCTYPE html PUBLIC "-//W3C//DTD XHTML 1.0 Transitional//EN"
    "http://www.w3.org/TR/xhtml1/DTD/xhtml1-transitional.dtd">
<html xmlns="http://www.w3.org/1999/xhtml" xml:lang="en" lang="en">
 <head>
  <title>
</title>
<meta http-equiv="Content-Type" content="text/html;charset=utf-8" />
  <meta name='ocr-system' content='tesseract 3.04.00' />
  <meta name='ocr-capabilities' content='ocr_page ocr_carea ocr_par ocr_line ocrx_word'/>
</head>
<body>
  <div class='ocr_page' id='page_1' title='image "./csuetonitranqui06rothgoog_0293.png"; bbox 0 0 2553 3960; ppageno 0'>
   <div class='ocr_carea' id='block_1_1' title="bbox 1157 232 2252 296">
    <p class='ocr_par' dir='ltr' id='par_1_1' title="bbox 1157 232 2252 296">
     <span class='ocr_line' id='line_1_1' title="bbox 1157 232 2252 296; baseline 0.003 -5"><span class='ocrx_word' id='word_1_1' title='bbox 1157 244 1366 292; x_wconf 73' lang='grc' dir='ltr'><strong>ΝΕΒΟ.</strong></span> <span class='ocrx_word' id='word_1_2' title='bbox 2138 232 2252 296; x_wconf 85' lang='grc'><strong>181</strong></span> 
     </span>
    </p>
   </div>
   <div class='ocr_carea' id='block_1_2' title="bbox 186 398 2341 3594">
    <p class='ocr_par' dir='ltr' id='par_1_2' title="bbox 250 398 2253 732">
     <span class='ocr_line' id='line_1_2' title="bbox 250 398 2253 503; baseline -0.001 -40"><span class='ocrx_word' id='word_1_3' title='bbox 250 419 441 503; x_wconf 75' lang='lat' dir='ltr'><strong>neque</strong></span> <span class='ocrx_word' id='word_1_4' title='bbox 474 418 545 461; x_wconf 91' lang='lat' dir='ltr'><strong>eo</strong></span> <span class='ocrx_word' id='word_1_5' title='bbox 579 400 759 460; x_wconf 89' lang='lat' dir='ltr'><strong>setius</strong></span> <span class='ocrx_word' id='word_1_6' title='bbox 794 408 1105 460; x_wconf 88' lang='lat' dir='ltr'><strong>coronatus</strong></span> <span class='ocrx_word' id='word_1_7' title='bbox 1138 409 1245 460; x_wconf 86' lang='lat' dir='ltr'><strong>est.</strong></span> <span class='ocrx_word' id='word_1_8' title='bbox 1303 398 1614 460; x_wconf 89' lang='lat' dir='ltr'><strong>Decedens</strong></span> <span class='ocrx_word' id='word_1_9' title='bbox 1645 398 1854 461; x_wconf 91' lang='lat' dir='ltr'><strong>deinde</strong></span> <span class='ocrx_word' id='word_1_10' title='bbox 1892 400 2253 480; x_wconf 89' lang='lat' dir='ltr'><strong>provinciam</strong></span> 
     </span>
     <span class='ocr_line' id='line_1_3' title="bbox 253 481 2251 564; baseline -0.002 -16"><span class='ocrx_word' id='word_1_11' title='bbox 253 488 578 548; x_wconf 88' lang='lat' dir='ltr'><strong>universam</strong></span> <span class='ocrx_word' id='word_1_12' title='bbox 606 483 875 545; x_wconf 88' lang='lat' dir='ltr'><strong>libertate</strong></span> <span class='ocrx_word' id='word_1_13' title='bbox 905 481 1162 561; x_wconf 87' lang='lat' dir='ltr'><strong>donavit,</strong></span> <span class='ocrx_word' id='word_1_14' title='bbox 1189 485 1471 564; x_wconf 91' lang='lat' dir='ltr'><strong>simulque</strong></span> <span class='ocrx_word' id='word_1_15' title='bbox 1494 483 1717 543; x_wconf 91' lang='lat' dir='ltr'><strong>iudices</strong></span> <span class='ocrx_word' id='word_1_16' title='bbox 1745 486 1974 544; x_wconf 86' lang='lat' dir='ltr'><strong>civitate</strong></span> <span class='ocrx_word' id='word_1_17' title='bbox 1994 485 2251 546; x_wconf 90' lang='lat' dir='ltr'><strong>Romana</strong></span> 
     </span>
     <span class='ocr_line' id='line_1_4' title="bbox 255 567 2254 650; baseline -0.001 -19"><span class='ocrx_word' id='word_1_18' title='bbox 255 581 313 631; x_wconf 89' lang='lat' dir='ltr'><strong>et</strong></span> <span class='ocrx_word' id='word_1_19' title='bbox 343 571 588 650; x_wconf 88' lang='lat' dir='ltr'><strong>pecunia</strong></span> <span class='ocrx_word' id='word_1_20' title='bbox 617 567 841 645; x_wconf 89' lang='lat' dir='ltr'><strong>grandi.</strong></span> <span class='ocrx_word' id='word_1_21' title='bbox 932 568 1094 643; x_wconf 87' lang='lat' dir='ltr'><strong>Quae</strong></span> <span class='ocrx_word' id='word_1_22' title='bbox 1128 568 1417 630; x_wconf 78' lang='lat' dir='ltr'><strong>beneficia</strong></span> <span class='ocrx_word' id='word_1_23' title='bbox 1458 586 1492 628; x_wconf 93' lang='lat' dir='ltr'><strong>e</strong></span> <span class='ocrx_word' id='word_1_24' title='bbox 1536 567 1726 629; x_wconf 92' lang='lat' dir='ltr'><strong>medio</strong></span> <span class='ocrx_word' id='word_1_25' title='bbox 1773 568 1957 629; x_wconf 86' lang='lat' dir='ltr'><strong>stadio</strong></span> <span class='ocrx_word' id='word_1_26' title='bbox 1988 568 2254 629; x_wconf 88' lang='lat' dir='ltr'><strong>Isthmio-</strong></span> 
     </span>
     <span class='ocr_line' id='line_1_5' title="bbox 254 653 1419 732; baseline -0.002 -18"><span class='ocrx_word' id='word_1_27' title='bbox 254 673 378 715; x_wconf 87' lang='lat' dir='ltr'><strong>rum</strong></span> <span class='ocrx_word' id='word_1_28' title='bbox 410 653 502 713; x_wconf 91' lang='lat' dir='ltr'><strong>die</strong></span> <span class='ocrx_word' id='word_1_29' title='bbox 534 671 635 713; x_wconf 90' lang='lat' dir='ltr'><strong>sua</strong></span> <span class='ocrx_word' id='word_1_30' title='bbox 667 654 795 731; x_wconf 88' lang='lat' dir='ltr'><strong>ipse</strong></span> <span class='ocrx_word' id='word_1_31' title='bbox 825 670 978 712; x_wconf 87' lang='lat' dir='ltr'><strong>voce</strong></span> <span class='ocrx_word' id='word_1_32' title='bbox 1009 654 1419 732; x_wconf 89' lang='lat' dir='ltr'><strong>pronuntiavit.</strong></span> 
     </span>
    </p>

    <p class='ocr_par' dir='ltr' id='par_1_3' title="bbox 208 734 2339 1154">
     <span class='ocr_line' id='line_1_6' title="bbox 208 734 2339 837; baseline 0 -40"><span class='ocrx_word' id='word_1_33' title='bbox 208 758 236 797; x_wconf 78' lang='lat'><strong>5</strong></span> <span class='ocrx_word' id='word_1_34' title='bbox 378 738 675 798; x_wconf 82' lang='lat' dir='ltr'><strong>Reversus</strong></span> <span class='ocrx_word' id='word_1_35' title='bbox 705 755 739 796; x_wconf 89' lang='lat' dir='ltr'><strong>e</strong></span> <span class='ocrx_word' id='word_1_36' title='bbox 774 735 1018 798; x_wconf 83' lang='lat' dir='ltr'>Graecia</span> <span class='ocrx_word' id='word_1_37' title='bbox 1046 736 1380 837; x_wconf 84' lang='lat' dir='ltr'>Neapolim,</span> <span class='ocrx_word' id='word_1_38' title='bbox 1415 734 1615 817; x_wconf 90' lang='lat' dir='ltr'><strong>quod</strong></span> <span class='ocrx_word' id='word_1_39' title='bbox 1596 755 1655 795; x_wconf 81' lang='grc' dir='ltr'><strong>ιιι</strong></span> <span class='ocrx_word' id='word_1_40' title='bbox 1688 755 1759 796; x_wconf 91' lang='lat' dir='ltr'><strong>ea</strong></span> <span class='ocrx_word' id='word_1_41' title='bbox 1790 737 2033 815; x_wconf 88' lang='lat' dir='ltr'><strong>primum</strong></span> <span class='ocrx_word' id='word_1_42' title='bbox 2073 746 2339 804; x_wconf 81' lang='lat' dir='ltr'><strong>artem25</strong></span> 
     </span>
     <span class='ocr_line' id='line_1_7' title="bbox 256 820 2256 903; baseline -0.001 -21"><span class='ocrx_word' id='word_1_43' title='bbox 256 822 601 903; x_wconf 82' lang='lat' dir='ltr'><strong>protulerat,</strong></span> <span class='ocrx_word' id='word_1_44' title='bbox 647 820 794 881; x_wconf 87' lang='lat' dir='ltr'><strong>albis</strong></span> <span class='ocrx_word' id='word_1_45' title='bbox 836 821 1002 901; x_wconf 90' lang='lat' dir='ltr'><strong>equis</strong></span> <span class='ocrx_word' id='word_1_46' title='bbox 1043 821 1278 899; x_wconf 88' lang='lat' dir='ltr'><strong>introiit,</strong></span> <span class='ocrx_word' id='word_1_47' title='bbox 1329 822 1574 882; x_wconf 88' lang='lat' dir='ltr'><strong>disiecta</strong></span> <span class='ocrx_word' id='word_1_48' title='bbox 1620 829 1786 899; x_wconf 86' lang='lat' dir='ltr'><strong>parte</strong></span> <span class='ocrx_word' id='word_1_49' title='bbox 1835 822 2001 899; x_wconf 89' lang='lat' dir='ltr'><strong>muri,</strong></span> <span class='ocrx_word' id='word_1_50' title='bbox 2033 829 2092 880; x_wconf 91' lang='lat' dir='ltr'><strong>ut</strong></span> <span class='ocrx_word' id='word_1_51' title='bbox 2130 839 2256 881; x_wconf 92' lang='lat' dir='ltr'><strong>mos</strong></span> 
     </span>
     <span class='ocr_line' id='line_1_8' title="bbox 256 904 2258 982; baseline 0 -16"><span class='ocrx_word' id='word_1_52' title='bbox 256 906 680 967; x_wconf 85' lang='lat' dir='ltr'><strong>hieronicarum</strong></span> <span class='ocrx_word' id='word_1_53' title='bbox 716 913 835 973; x_wconf 82' lang='lat' dir='ltr'><strong>est3</strong></span> <span class='ocrx_word' id='word_1_54' title='bbox 879 905 1047 964; x_wconf 83' lang='lat' dir='ltr'>simili</span> <span class='ocrx_word' id='word_1_55' title='bbox 1089 904 1261 966; x_wconf 90' lang='lat' dir='ltr'><strong>modo</strong></span> <span class='ocrx_word' id='word_1_56' title='bbox 1294 905 1554 982; x_wconf 87' lang='lat' dir='ltr'><strong>Antium,</strong></span> <span class='ocrx_word' id='word_1_57' title='bbox 1595 904 1726 964; x_wconf 89' lang='lat' dir='ltr'><strong>inde</strong></span> <span class='ocrx_word' id='word_1_58' title='bbox 1760 904 2078 982; x_wconf 90' lang='lat' dir='ltr'><strong>Albanum,</strong></span> <span class='ocrx_word' id='word_1_59' title='bbox 2124 904 2258 966; x_wconf 91' lang='lat' dir='ltr'><strong>inde</strong></span> 
     </span>
     <span class='ocr_line' id='line_1_9' title="bbox 255 987 2257 1068; baseline -0.001 -17"><span class='ocrx_word' id='word_1_60' title='bbox 255 992 496 1052; x_wconf 87' lang='lat' dir='ltr'><strong>Romam</strong></span> <span class='ocrx_word' id='word_1_61' title='bbox 509 1013 524 1060; x_wconf 92' lang='lat'>;</span> <span class='ocrx_word' id='word_1_62' title='bbox 558 987 661 1049; x_wconf 90' lang='lat' dir='ltr'><strong>sed</strong></span> <span class='ocrx_word' id='word_1_63' title='bbox 692 997 751 1048; x_wconf 92' lang='lat' dir='ltr'><strong>et</strong></span> <span class='ocrx_word' id='word_1_64' title='bbox 779 989 1022 1049; x_wconf 91' lang='lat' dir='ltr'><strong>Romam</strong></span> <span class='ocrx_word' id='word_1_65' title='bbox 1058 1006 1128 1049; x_wconf 90' lang='lat' dir='ltr'><strong>eo</strong></span> <span class='ocrx_word' id='word_1_66' title='bbox 1173 1008 1362 1067; x_wconf 88' lang='lat' dir='ltr'><strong>curru,</strong></span> <span class='ocrx_word' id='word_1_67' title='bbox 1403 1006 1517 1068; x_wconf 93' lang='lat' dir='ltr'><strong>quo</strong></span> <span class='ocrx_word' id='word_1_68' title='bbox 1546 988 1846 1066; x_wconf 87' lang='lat' dir='ltr'><strong>Augustus</strong></span> <span class='ocrx_word' id='word_1_69' title='bbox 1887 988 2023 1048; x_wconf 92' lang='lat' dir='ltr'><strong>olim</strong></span> <span class='ocrx_word' id='word_1_70' title='bbox 2067 991 2257 1049; x_wconf 88' lang='lat' dir='ltr'><strong>trium-</strong></span> 
     </span>
     <span class='ocr_line' id='line_1_10' title="bbox 257 1072 2256 1154; baseline -0.001 -19"><span class='ocrx_word' id='word_1_71' title='bbox 257 1074 556 1154; x_wconf 87' lang='lat' dir='ltr'><strong>phaverat,</strong></span> <span class='ocrx_word' id='word_1_72' title='bbox 591 1083 649 1133; x_wconf 91' lang='lat' dir='ltr'><strong>et</strong></span> <span class='ocrx_word' id='word_1_73' title='bbox 677 1075 735 1132; x_wconf 92' lang='lat' dir='ltr'><strong>in</strong></span> <span class='ocrx_word' id='word_1_74' title='bbox 763 1082 930 1133; x_wconf 87' lang='lat' dir='ltr'><strong>veste</strong></span> <span class='ocrx_word' id='word_1_75' title='bbox 964 1091 1254 1152; x_wconf 90' lang='lat' dir='ltr'><strong>purpurea</strong></span> <span class='ocrx_word' id='word_1_76' title='bbox 1289 1073 1673 1151; x_wconf 80' lang='lat' dir='ltr'><strong>distinctaque</strong></span> <span class='ocrx_word' id='word_1_77' title='bbox 1706 1072 1891 1133; x_wconf 91' lang='lat' dir='ltr'><strong>stellis</strong></span> <span class='ocrx_word' id='word_1_78' title='bbox 1921 1073 2115 1133; x_wconf 89' lang='lat' dir='ltr'><strong>aureis</strong></span> <span class='ocrx_word' id='word_1_79' title='bbox 2141 1073 2256 1134; x_wconf 93' lang='lat' dir='ltr'><strong>cla-</strong></span> 
     </span>
    </p>

    <p class='ocr_par' dir='ltr' id='par_1_4' title="bbox 186 1155 2258 1575">
     <span class='ocr_line' id='line_1_11' title="bbox 186 1155 2258 1237; baseline -0.001 -18"><span class='ocrx_word' id='word_1_80' title='bbox 186 1169 240 1212; x_wconf 67' lang='lat'><strong>10</strong></span> <span class='ocrx_word' id='word_1_81' title='bbox 256 1158 427 1235; x_wconf 91' lang='lat' dir='ltr'><strong>mide,</strong></span> <span class='ocrx_word' id='word_1_82' title='bbox 473 1174 861 1236; x_wconf 83' lang='lat' dir='ltr'><strong>coronamque</strong></span> <span class='ocrx_word' id='word_1_83' title='bbox 895 1157 1087 1236; x_wconf 89' lang='lat' dir='ltr'><strong>capite</strong></span> <span class='ocrx_word' id='word_1_84' title='bbox 1123 1175 1341 1235; x_wconf 84' lang='lat' dir='ltr'><strong>gerens</strong></span> <span class='ocrx_word' id='word_1_85' title='bbox 1373 1155 1795 1237; x_wconf 77' lang='lat' dir='ltr'><strong>Olympiacam,</strong></span> <span class='ocrx_word' id='word_1_86' title='bbox 1839 1156 2043 1217; x_wconf 86' lang='lat' dir='ltr'><strong>dextra</strong></span> <span class='ocrx_word' id='word_1_87' title='bbox 2089 1176 2258 1218; x_wconf 90' lang='lat' dir='ltr'><strong>manu</strong></span> 
     </span>
     <span class='ocr_line' id='line_1_12' title="bbox 257 1240 2256 1322; baseline -0.002 -18"><span class='ocrx_word' id='word_1_88' title='bbox 257 1242 534 1319; x_wconf 72' lang='lat' dir='ltr'><strong>Pythiam,</strong></span> <span class='ocrx_word' id='word_1_89' title='bbox 571 1250 890 1321; x_wconf 89' lang='lat' dir='ltr'><strong>praeeunte</strong></span> <span class='ocrx_word' id='word_1_90' title='bbox 917 1259 1131 1320; x_wconf 84' lang='lat' dir='ltr'><strong>pompa</strong></span> <span class='ocrx_word' id='word_1_91' title='bbox 1166 1251 1490 1303; x_wconf 88' lang='lat' dir='ltr'><strong>ceterarum</strong></span> <span class='ocrx_word' id='word_1_92' title='bbox 1522 1260 1648 1301; x_wconf 91' lang='lat' dir='ltr'><strong>cum</strong></span> <span class='ocrx_word' id='word_1_93' title='bbox 1677 1242 1876 1318; x_wconf 88' lang='lat' dir='ltr'><strong>titulis,</strong></span> <span class='ocrx_word' id='word_1_94' title='bbox 1909 1240 2006 1300; x_wconf 89' lang='lat' dir='ltr'><strong>ubi</strong></span> <span class='ocrx_word' id='word_1_95' title='bbox 2027 1250 2084 1300; x_wconf 90' lang='lat' dir='ltr'><strong>et</strong></span> <span class='ocrx_word' id='word_1_96' title='bbox 2108 1259 2256 1322; x_wconf 90' lang='lat' dir='ltr'><strong>quos</strong></span> 
     </span>
     <span class='ocr_line' id='line_1_13' title="bbox 259 1324 2254 1405; baseline -0.001 -20"><span class='ocrx_word' id='word_1_97' title='bbox 259 1343 372 1405; x_wconf 88' lang='lat' dir='ltr'><strong>quo</strong></span> <span class='ocrx_word' id='word_1_98' title='bbox 406 1327 727 1387; x_wconf 89' lang='lat' dir='ltr'><strong>cantionum</strong></span> <span class='ocrx_word' id='word_1_99' title='bbox 758 1344 950 1405; x_wconf 82' lang='lat' dir='ltr'><strong>quove</strong></span> <span class='ocrx_word' id='word_1_100' title='bbox 978 1324 1298 1386; x_wconf 83' lang='lat' dir='ltr'><strong>fabularum</strong></span> <span class='ocrx_word' id='word_1_101' title='bbox 1322 1334 1661 1404; x_wconf 84' lang='lat' dir='ltr'><strong>argumento</strong></span> <span class='ocrx_word' id='word_1_102' title='bbox 1687 1327 1954 1396; x_wconf 88' lang='lat' dir='ltr'><strong>vicisset;</strong></span> <span class='ocrx_word' id='word_1_103' title='bbox 2009 1343 2254 1403; x_wconf 91' lang='lat' dir='ltr'><strong>sequen-</strong></span> 
     </span>
     <span class='ocr_line' id='line_1_14' title="bbox 258 1408 2255 1489; baseline -0.001 -20"><span class='ocrx_word' id='word_1_104' title='bbox 258 1410 409 1470; x_wconf 86' lang='lat' dir='ltr'><strong>tibus</strong></span> <span class='ocrx_word' id='word_1_105' title='bbox 442 1428 667 1469; x_wconf 90' lang='lat' dir='ltr'><strong>currum</strong></span> <span class='ocrx_word' id='word_1_106' title='bbox 702 1412 989 1470; x_wconf 85' lang='lat' dir='ltr'><strong>ovantium</strong></span> <span class='ocrx_word' id='word_1_107' title='bbox 1018 1411 1128 1469; x_wconf 89' lang='lat' dir='ltr'><strong>ritu</strong></span> <span class='ocrx_word' id='word_1_108' title='bbox 1163 1410 1555 1489; x_wconf 81' lang='lat' dir='ltr'><strong>plausoribus,</strong></span> <span class='ocrx_word' id='word_1_109' title='bbox 1587 1408 1985 1488; x_wconf 85' lang='lat' dir='ltr'><strong>Augustianos</strong></span> <span class='ocrx_word' id='word_1_110' title='bbox 2019 1409 2255 1469; x_wconf 86' lang='lat' dir='ltr'><strong>milites-</strong></span> 
     </span>
     <span class='ocr_line' id='line_1_15' title="bbox 261 1492 2258 1575; baseline -0.001 -21"><span class='ocrx_word' id='word_1_111' title='bbox 261 1513 373 1575; x_wconf 88' lang='lat' dir='ltr'><strong>que</strong></span> <span class='ocrx_word' id='word_1_112' title='bbox 413 1512 477 1554; x_wconf 89' lang='lat' dir='ltr'><strong>se</strong></span> <span class='ocrx_word' id='word_1_113' title='bbox 523 1493 793 1573; x_wconf 87' lang='lat' dir='ltr'><strong>triumphi</strong></span> <span class='ocrx_word' id='word_1_114' title='bbox 852 1494 976 1554; x_wconf 87' lang='lat' dir='ltr'><strong>eius</strong></span> <span class='ocrx_word' id='word_1_115' title='bbox 1031 1492 1472 1555; x_wconf 53' lang='lat' dir='ltr'><strong>clamitantibus</strong></span> <span class='ocrx_word' id='word_1_116' title='bbox 1586 1492 1831 1571; x_wconf 84' lang='lat' dir='ltr'><strong>Dehinc,</strong></span> <span class='ocrx_word' id='word_1_117' title='bbox 1875 1493 2064 1553; x_wconf 90' lang='lat' dir='ltr'><strong>diruto</strong></span> <span class='ocrx_word' id='word_1_118' title='bbox 2115 1493 2258 1553; x_wconf 91' lang='lat' dir='ltr'><strong>circi</strong></span> 
     </span>
    </p>

    <p class='ocr_par' dir='ltr' id='par_1_5' title="bbox 190 1576 2259 1994">
     <span class='ocr_line' id='line_1_16' title="bbox 190 1576 2258 1656; baseline -0.002 -17"><span class='ocrx_word' id='word_1_119' title='bbox 190 1590 240 1631; x_wconf 82' lang='lat'><strong>15</strong></span> <span class='ocrx_word' id='word_1_120' title='bbox 259 1579 488 1639; x_wconf 85' lang='lat' dir='ltr'><strong>maximi</strong></span> <span class='ocrx_word' id='word_1_121' title='bbox 519 1596 677 1654; x_wconf 88' lang='lat' dir='ltr'><strong>arcu,</strong></span> <span class='ocrx_word' id='word_1_122' title='bbox 712 1596 818 1656; x_wconf 88' lang='lat' dir='ltr'><strong>per</strong></span> <span class='ocrx_word' id='word_1_123' title='bbox 849 1576 1164 1637; x_wconf 87' lang='lat' dir='ltr'><strong>Velabrum</strong></span> <span class='ocrx_word' id='word_1_124' title='bbox 1196 1578 1501 1655; x_wconf 81' lang='lat' dir='ltr'><strong>forumque</strong></span> <span class='ocrx_word' id='word_1_125' title='bbox 1529 1576 1806 1637; x_wconf 88' lang='lat' dir='ltr'><strong>Palatium</strong></span> <span class='ocrx_word' id='word_1_126' title='bbox 1838 1586 1897 1636; x_wconf 93' lang='lat' dir='ltr'><strong>et</strong></span> <span class='ocrx_word' id='word_1_127' title='bbox 1916 1576 2258 1654; x_wconf 88' lang='lat' dir='ltr'><strong>Apollinem</strong></span> 
     </span>
     <span class='ocr_line' id='line_1_17' title="bbox 261 1660 2259 1743; baseline -0.001 -21"><span class='ocrx_word' id='word_1_128' title='bbox 261 1663 423 1743; x_wconf 88' lang='lat' dir='ltr'><strong>petit.</strong></span> <span class='ocrx_word' id='word_1_129' title='bbox 509 1661 806 1721; x_wconf 89' lang='lat' dir='ltr'><strong>Incedenti</strong></span> <span class='ocrx_word' id='word_1_130' title='bbox 850 1663 1067 1739; x_wconf 90' lang='lat' dir='ltr'><strong>passim</strong></span> <span class='ocrx_word' id='word_1_131' title='bbox 1117 1662 1385 1720; x_wconf 84' lang='lat' dir='ltr'><strong>victimae</strong></span> <span class='ocrx_word' id='word_1_132' title='bbox 1441 1678 1651 1720; x_wconf 91' lang='lat' dir='ltr'><strong>caesae</strong></span> <span class='ocrx_word' id='word_1_133' title='bbox 1711 1679 1917 1740; x_wconf 90' lang='lat' dir='ltr'><strong>sparso</strong></span> <span class='ocrx_word' id='word_1_134' title='bbox 1971 1678 2081 1740; x_wconf 89' lang='lat' dir='ltr'><strong>per</strong></span> <span class='ocrx_word' id='word_1_135' title='bbox 2133 1660 2259 1720; x_wconf 86' lang='lat' dir='ltr'><strong>vias</strong></span> 
     </span>
     <span class='ocr_line' id='line_1_18' title="bbox 258 1743 2258 1824; baseline -0.003 -17"><span class='ocrx_word' id='word_1_136' title='bbox 258 1745 569 1807; x_wconf 85' lang='lat' dir='ltr'><strong>identidem</strong></span> <span class='ocrx_word' id='word_1_137' title='bbox 615 1761 816 1819; x_wconf 88' lang='lat' dir='ltr'><strong>croco,</strong></span> <span class='ocrx_word' id='word_1_138' title='bbox 864 1745 1247 1824; x_wconf 80' lang='lat' dir='ltr'><strong>ingestaeque</strong></span> <span class='ocrx_word' id='word_1_139' title='bbox 1293 1763 1434 1804; x_wconf 83' lang='lat' dir='ltr'><strong>aves</strong></span> <span class='ocrx_word' id='word_1_140' title='bbox 1479 1763 1549 1804; x_wconf 86' lang='lat' dir='ltr'><strong>ac</strong></span> <span class='ocrx_word' id='word_1_141' title='bbox 1589 1744 1853 1804; x_wconf 82' lang='lat' dir='ltr'><strong>lemnisci</strong></span> <span class='ocrx_word' id='word_1_142' title='bbox 1897 1753 1956 1804; x_wconf 90' lang='lat' dir='ltr'><strong>et</strong></span> <span class='ocrx_word' id='word_1_143' title='bbox 1996 1743 2258 1804; x_wconf 89' lang='lat' dir='ltr'><strong>bellaria.</strong></span> 
     </span>
     <span class='ocr_line' id='line_1_19' title="bbox 261 1828 2258 1908; baseline -0.002 -17"><span class='ocrx_word' id='word_1_144' title='bbox 261 1832 472 1892; x_wconf 81' lang='lat' dir='ltr'><strong>Sacrae</strong></span> <span class='ocrx_word' id='word_1_145' title='bbox 504 1846 758 1889; x_wconf 86' lang='lat' dir='ltr'><strong>coronas</strong></span> <span class='ocrx_word' id='word_1_146' title='bbox 790 1829 847 1887; x_wconf 92' lang='lat' dir='ltr'><strong>in</strong></span> <span class='ocrx_word' id='word_1_147' title='bbox 877 1828 1157 1888; x_wconf 90' lang='lat' dir='ltr'><strong>cubiculis</strong></span> <span class='ocrx_word' id='word_1_148' title='bbox 1202 1831 1417 1889; x_wconf 90' lang='lat' dir='ltr'><strong>circum</strong></span> <span class='ocrx_word' id='word_1_149' title='bbox 1459 1828 1651 1888; x_wconf 89' lang='lat' dir='ltr'><strong>lectos</strong></span> <span class='ocrx_word' id='word_1_150' title='bbox 1697 1830 1922 1908; x_wconf 83' lang='lat' dir='ltr'><strong>posuit,</strong></span> <span class='ocrx_word' id='word_1_151' title='bbox 1969 1831 2105 1889; x_wconf 90' lang='lat' dir='ltr'><strong>item</strong></span> <span class='ocrx_word' id='word_1_152' title='bbox 2146 1837 2258 1888; x_wconf 88' lang='lat' dir='ltr'><strong>sta-</strong></span> 
     </span>
     <span class='ocr_line' id='line_1_20' title="bbox 259 1911 2258 1994; baseline -0.003 -18"><span class='ocrx_word' id='word_1_153' title='bbox 259 1925 386 1976; x_wconf 89' lang='lat' dir='ltr'><strong>tuas</strong></span> <span class='ocrx_word' id='word_1_154' title='bbox 418 1931 550 1974; x_wconf 89' lang='lat' dir='ltr'><strong>suas</strong></span> <span class='ocrx_word' id='word_1_155' title='bbox 583 1911 976 1974; x_wconf 88' lang='lat' dir='ltr'><strong>citharoedico</strong></span> <span class='ocrx_word' id='word_1_156' title='bbox 1006 1912 1202 1974; x_wconf 89' lang='lat' dir='ltr'><strong>habitu</strong></span> <span class='ocrx_word' id='word_1_157' title='bbox 1232 1915 1376 1994; x_wconf 89' lang='lat' dir='ltr'><strong>(qua</strong></span> <span class='ocrx_word' id='word_1_158' title='bbox 1407 1922 1544 1973; x_wconf 87' lang='lat' dir='ltr'><strong>nota</strong></span> <span class='ocrx_word' id='word_1_159' title='bbox 1585 1914 1754 1973; x_wconf 89' lang='lat' dir='ltr'><strong>etiam</strong></span> <span class='ocrx_word' id='word_1_160' title='bbox 1801 1930 2083 1972; x_wconf 89' lang='lat' dir='ltr'><strong>nummum</strong></span> <span class='ocrx_word' id='word_1_161' title='bbox 2128 1930 2258 1991; x_wconf 91' lang='lat' dir='ltr'><strong>per-</strong></span> 
     </span>
    </p>

    <p class='ocr_par' dir='ltr' id='par_1_6' title="bbox 186 1996 2258 2413">
     <span class='ocr_line' id='line_1_21' title="bbox 186 1996 2258 2078; baseline -0.003 -17"><span class='ocrx_word' id='word_1_162' title='bbox 186 2010 241 2052; x_wconf 81' lang='lat'><strong>20</strong></span> <span class='ocrx_word' id='word_1_163' title='bbox 262 1999 493 2076; x_wconf 88' lang='lat' dir='ltr'><strong>cussit.)</strong></span> <span class='ocrx_word' id='word_1_164' title='bbox 581 1999 674 2059; x_wconf 90' lang='lat' dir='ltr'><strong>Ac</strong></span> <span class='ocrx_word' id='word_1_165' title='bbox 706 2007 837 2078; x_wconf 90' lang='lat' dir='ltr'><strong>post</strong></span> <span class='ocrx_word' id='word_1_166' title='bbox 871 1997 1018 2058; x_wconf 90' lang='lat' dir='ltr'><strong>haec</strong></span> <span class='ocrx_word' id='word_1_167' title='bbox 1052 2007 1264 2058; x_wconf 89' lang='lat' dir='ltr'><strong>tantum</strong></span> <span class='ocrx_word' id='word_1_168' title='bbox 1298 1998 1438 2058; x_wconf 86' lang='lat' dir='ltr'><strong>afuit</strong></span> <span class='ocrx_word' id='word_1_169' title='bbox 1468 2016 1500 2059; x_wconf 91' lang='lat' dir='ltr'><strong>a</strong></span> <span class='ocrx_word' id='word_1_170' title='bbox 1522 1997 1864 2058; x_wconf 89' lang='lat' dir='ltr'><strong>remittendo</strong></span> <span class='ocrx_word' id='word_1_171' title='bbox 1890 1996 2258 2075; x_wconf 86' lang='lat' dir='ltr'><strong>laxandoque</strong></span> 
     </span>
     <span class='ocr_line' id='line_1_22' title="bbox 259 2081 2257 2162; baseline -0.002 -18"><span class='ocrx_word' id='word_1_172' title='bbox 259 2082 470 2159; x_wconf 89' lang='lat' dir='ltr'><strong>studio,</strong></span> <span class='ocrx_word' id='word_1_173' title='bbox 508 2091 568 2142; x_wconf 85' lang='lat' dir='ltr'><strong>ut</strong></span> <span class='ocrx_word' id='word_1_174' title='bbox 600 2081 1036 2143; x_wconf 85' lang='lat' dir='ltr'><strong>conservandae</strong></span> <span class='ocrx_word' id='word_1_175' title='bbox 1067 2083 1233 2143; x_wconf 85' lang='lat' dir='ltr'><strong>vocis</strong></span> <span class='ocrx_word' id='word_1_176' title='bbox 1261 2084 1447 2160; x_wconf 83' lang='lat' dir='ltr'><strong>gratia</strong></span> <span class='ocrx_word' id='word_1_177' title='bbox 1489 2100 1679 2162; x_wconf 91' lang='lat' dir='ltr'><strong>neque</strong></span> <span class='ocrx_word' id='word_1_178' title='bbox 1722 2081 1933 2142; x_wconf 88' lang='lat' dir='ltr'><strong>milites</strong></span> <span class='ocrx_word' id='word_1_179' title='bbox 1973 2099 2257 2160; x_wconf 88' lang='lat' dir='ltr'><strong>umquam,</strong></span> 
     </span>
     <span class='ocr_line' id='line_1_23' title="bbox 259 2165 2257 2246; baseline -0.002 -18"><span class='ocrx_word' id='word_1_180' title='bbox 259 2168 368 2228; x_wconf 86' lang='lat' dir='ltr'><strong>nisi</strong></span> <span class='ocrx_word' id='word_1_181' title='bbox 414 2168 625 2227; x_wconf 87' lang='lat' dir='ltr'><strong>absens</strong></span> <span class='ocrx_word' id='word_1_182' title='bbox 664 2176 761 2227; x_wconf 89' lang='lat' dir='ltr'><strong>aut</strong></span> <span class='ocrx_word' id='word_1_183' title='bbox 804 2166 919 2227; x_wconf 87' lang='lat' dir='ltr'><strong>alio</strong></span> <span class='ocrx_word' id='word_1_184' title='bbox 968 2167 1148 2228; x_wconf 88' lang='lat' dir='ltr'><strong>verba</strong></span> <span class='ocrx_word' id='word_1_185' title='bbox 1203 2168 1633 2246; x_wconf 87' lang='lat' dir='ltr'><strong>pronuntiante,</strong></span> <span class='ocrx_word' id='word_1_186' title='bbox 1691 2165 2016 2245; x_wconf 89' lang='lat' dir='ltr'><strong>appellaret</strong></span> <span class='ocrx_word' id='word_1_187' title='bbox 2066 2183 2257 2245; x_wconf 88' lang='lat' dir='ltr'><strong>neque</strong></span> 
     </span>
     <span class='ocr_line' id='line_1_24' title="bbox 259 2250 2256 2332; baseline -0.002 -20"><span class='ocrx_word' id='word_1_188' title='bbox 259 2254 564 2332; x_wconf 89' lang='lat' dir='ltr'><strong>quicquam</strong></span> <span class='ocrx_word' id='word_1_189' title='bbox 596 2252 752 2312; x_wconf 86' lang='lat' dir='ltr'><strong>serio</strong></span> <span class='ocrx_word' id='word_1_190' title='bbox 782 2252 993 2311; x_wconf 86' lang='lat' dir='ltr'><strong>iocove</strong></span> <span class='ocrx_word' id='word_1_191' title='bbox 1028 2253 1235 2330; x_wconf 89' lang='lat' dir='ltr'><strong>egerit,</strong></span> <span class='ocrx_word' id='word_1_192' title='bbox 1267 2252 1377 2311; x_wconf 89' lang='lat' dir='ltr'><strong>nisi</strong></span> <span class='ocrx_word' id='word_1_193' title='bbox 1408 2260 1629 2312; x_wconf 89' lang='lat' dir='ltr'><strong>astante</strong></span> <span class='ocrx_word' id='word_1_194' title='bbox 1656 2250 1978 2330; x_wconf 88' lang='lat' dir='ltr'><strong>phonasco,</strong></span> <span class='ocrx_word' id='word_1_195' title='bbox 2010 2250 2106 2327; x_wconf 92' lang='lat' dir='ltr'><strong>qui</strong></span> <span class='ocrx_word' id='word_1_196' title='bbox 2135 2266 2256 2309; x_wconf 88' lang='lat' dir='ltr'><strong>mo-</strong></span> 
     </span>
     <span class='ocr_line' id='line_1_25' title="bbox 259 2335 2258 2413; baseline 0 -19"><span class='ocrx_word' id='word_1_197' title='bbox 259 2344 448 2410; x_wconf 87' lang='lat' dir='ltr'><strong>neret,</strong></span> <span class='ocrx_word' id='word_1_198' title='bbox 485 2341 784 2413; x_wconf 83' lang='lat' dir='ltr'><strong>parceret</strong></span> <span class='ocrx_word' id='word_1_199' title='bbox 824 2335 1078 2397; x_wconf 77' lang='lat' dir='ltr'><strong>arteriis</strong></span> <span class='ocrx_word' id='word_1_200' title='bbox 1120 2353 1199 2397; x_wconf 85' lang='lat' dir='ltr'><strong>ac</strong></span> <span class='ocrx_word' id='word_1_201' title='bbox 1236 2335 1564 2396; x_wconf 78' lang='lat' dir='ltr'><strong>sudarium</strong></span> <span class='ocrx_word' id='word_1_202' title='bbox 1617 2335 1704 2395; x_wconf 85' lang='lat' dir='ltr'><strong>ad</strong></span> <span class='ocrx_word' id='word_1_203' title='bbox 1740 2353 1812 2395; x_wconf 78' lang='lat' dir='ltr'><strong>os</strong></span> <span class='ocrx_word' id='word_1_204' title='bbox 1861 2335 2217 2413; x_wconf 77' lang='lat' dir='ltr'><strong>applicaret</strong></span> <span class='ocrx_word' id='word_1_205' title='bbox 2227 2357 2258 2404; x_wconf 84' lang='lat'><strong>,-</strong></span> 
     </span>
    </p>

    <p class='ocr_par' dir='ltr' id='par_1_7' title="bbox 187 2417 2255 2583">
     <span class='ocr_line' id='line_1_26' title="bbox 187 2417 2255 2498; baseline 0 -21"><span class='ocrx_word' id='word_1_206' title='bbox 187 2438 244 2479; x_wconf 80' lang='lat'><strong>25</strong></span> <span class='ocrx_word' id='word_1_207' title='bbox 262 2419 574 2497; x_wconf 29' lang='lat' dir='ltr'><strong>multisque,</strong></span> <span class='ocrx_word' id='word_1_208' title='bbox 598 2419 693 2479; x_wconf 87' lang='lat' dir='ltr'><strong>vel</strong></span> <span class='ocrx_word' id='word_1_209' title='bbox 726 2421 1030 2480; x_wconf 87' lang='lat' dir='ltr'><strong>amicitiam</strong></span> <span class='ocrx_word' id='word_1_210' title='bbox 1059 2438 1218 2480; x_wconf 91' lang='lat' dir='ltr'><strong>suam</strong></span> <span class='ocrx_word' id='word_1_211' title='bbox 1247 2420 1523 2498; x_wconf 90' lang='lat' dir='ltr'><strong>optulerit</strong></span> <span class='ocrx_word' id='word_1_212' title='bbox 1549 2419 1645 2480; x_wconf 84' lang='lat' dir='ltr'><strong>vel</strong></span> <span class='ocrx_word' id='word_1_213' title='bbox 1671 2418 2013 2479; x_wconf 87' lang='lat' dir='ltr'><strong>simultatem</strong></span> <span class='ocrx_word' id='word_1_214' title='bbox 2038 2417 2255 2478; x_wconf 86' lang='lat' dir='ltr'><strong>indixe-</strong></span> 
     </span>
     <span class='ocr_line' id='line_1_27' title="bbox 260 2503 1832 2583; baseline -0.001 -19"><span class='ocrx_word' id='word_1_215' title='bbox 260 2506 356 2580; x_wconf 88' lang='lat' dir='ltr'><strong>rit,</strong></span> <span class='ocrx_word' id='word_1_216' title='bbox 390 2511 561 2582; x_wconf 87' lang='lat' dir='ltr'><strong>prout</strong></span> <span class='ocrx_word' id='word_1_217' title='bbox 588 2503 832 2582; x_wconf 86' lang='lat' dir='ltr'><strong>quisque</strong></span> <span class='ocrx_word' id='word_1_218' title='bbox 864 2521 929 2563; x_wconf 87' lang='lat' dir='ltr'><strong>se</strong></span> <span class='ocrx_word' id='word_1_219' title='bbox 960 2505 1146 2582; x_wconf 87' lang='lat' dir='ltr'><strong>magis</strong></span> <span class='ocrx_word' id='word_1_220' title='bbox 1176 2506 1488 2583; x_wconf 82' lang='lat' dir='ltr'><strong>parciusve</strong></span> <span class='ocrx_word' id='word_1_221' title='bbox 1520 2503 1832 2563; x_wconf 88' lang='lat' dir='ltr'><strong>laudasset.</strong></span> 
     </span>
    </p>

    <p class='ocr_par' dir='ltr' id='par_1_8' title="bbox 262 2585 2341 2835">
     <span class='ocr_line' id='line_1_28' title="bbox 387 2585 2341 2665; baseline 0.003 -18"><span class='ocrx_word' id='word_1_222' title='bbox 387 2587 783 2663; x_wconf 87' lang='lat' dir='ltr'><strong>Petulantiam,</strong></span> <span class='ocrx_word' id='word_1_223' title='bbox 819 2585 1133 2665; x_wconf 89' lang='lat' dir='ltr'><strong>libidinem,</strong></span> <span class='ocrx_word' id='word_1_224' title='bbox 1165 2587 1469 2664; x_wconf 84' lang='lat' dir='ltr'><strong>luxuriam,</strong></span> <span class='ocrx_word' id='word_1_225' title='bbox 1503 2589 1820 2664; x_wconf 87' lang='lat' dir='ltr'><strong>avaritiam,</strong></span> <span class='ocrx_word' id='word_1_226' title='bbox 1857 2587 2255 2648; x_wconf 88' lang='lat' dir='ltr'><strong>crudelitatem</strong></span> <span class='ocrx_word' id='word_1_227' title='bbox 2272 2598 2341 2653; x_wconf 82' lang='lat'><strong>26</strong></span> 
     </span>
     <span class='ocr_line' id='line_1_29' title="bbox 262 2670 2258 2750; baseline -0.001 -18"><span class='ocrx_word' id='word_1_228' title='bbox 262 2671 477 2732; x_wconf 89' lang='lat' dir='ltr'><strong>sensim</strong></span> <span class='ocrx_word' id='word_1_229' title='bbox 521 2671 750 2750; x_wconf 71' lang='lat' dir='ltr'><strong>quid’em</strong></span> <span class='ocrx_word' id='word_1_230' title='bbox 794 2673 978 2750; x_wconf 86' lang='lat' dir='ltr'><strong>primo</strong></span> <span class='ocrx_word' id='word_1_231' title='bbox 1033 2680 1091 2731; x_wconf 90' lang='lat' dir='ltr'><strong>et</strong></span> <span class='ocrx_word' id='word_1_232' title='bbox 1148 2670 1382 2732; x_wconf 90' lang='lat' dir='ltr'><strong>occulte</strong></span> <span class='ocrx_word' id='word_1_233' title='bbox 1439 2680 1497 2731; x_wconf 89' lang='lat' dir='ltr'><strong>et</strong></span> <span class='ocrx_word' id='word_1_234' title='bbox 1549 2671 1710 2730; x_wconf 87' lang='lat' dir='ltr'><strong>velut</strong></span> <span class='ocrx_word' id='word_1_235' title='bbox 1763 2671 1997 2730; x_wconf 85' lang='lat' dir='ltr'><strong>iuvenili</strong></span> <span class='ocrx_word' id='word_1_236' title='bbox 2057 2688 2258 2731; x_wconf 89' lang='lat' dir='ltr'><strong>errore</strong></span> 
     </span>
     <span class='ocr_line' id='line_1_30' title="bbox 263 2754 2261 2835; baseline -0.001 -19"><span class='ocrx_word' id='word_1_237' title='bbox 263 2756 549 2832; x_wconf 87' lang='lat' dir='ltr'><strong>exercuit,</strong></span> <span class='ocrx_word' id='word_1_238' title='bbox 590 2754 694 2815; x_wconf 88' lang='lat' dir='ltr'><strong>sed</strong></span> <span class='ocrx_word' id='word_1_239' title='bbox 723 2764 785 2815; x_wconf 88' lang='lat' dir='ltr'><strong>ut</strong></span> <span class='ocrx_word' id='word_1_240' title='bbox 817 2764 950 2816; x_wconf 89' lang='lat' dir='ltr'><strong>tunc</strong></span> <span class='ocrx_word' id='word_1_241' title='bbox 997 2773 1227 2835; x_wconf 82' lang='lat' dir='ltr'><strong>quoque</strong></span> <span class='ocrx_word' id='word_1_242' title='bbox 1273 2754 1503 2815; x_wconf 88' lang='lat' dir='ltr'><strong>dubium</strong></span> <span class='ocrx_word' id='word_1_243' title='bbox 1543 2755 1753 2815; x_wconf 91' lang='lat' dir='ltr'><strong>nemini</strong></span> <span class='ocrx_word' id='word_1_244' title='bbox 1795 2755 1978 2832; x_wconf 84' lang='lat' dir='ltr'><strong>foret,</strong></span> <span class='ocrx_word' id='word_1_245' title='bbox 2022 2763 2261 2815; x_wconf 90' lang='lat' dir='ltr'><strong>naturae</strong></span> 
     </span>
    </p>

    <p class='ocr_par' dir='ltr' id='par_1_9' title="bbox 189 2838 2263 3594">
     <span class='ocr_line' id='line_1_31' title="bbox 189 2838 2259 2918; baseline 0.001 -23"><span class='ocrx_word' id='word_1_246' title='bbox 189 2838 365 2900; x_wconf 79' lang='lat' dir='ltr'><strong>anilla</strong></span> <span class='ocrx_word' id='word_1_247' title='bbox 394 2840 551 2916; x_wconf 81' lang='lat' dir='ltr'><strong>vitia,</strong></span> <span class='ocrx_word' id='word_1_248' title='bbox 581 2857 695 2899; x_wconf 91' lang='lat' dir='ltr'><strong>non</strong></span> <span class='ocrx_word' id='word_1_249' title='bbox 731 2842 935 2901; x_wconf 87' lang='lat' dir='ltr'><strong>aetatis</strong></span> <span class='ocrx_word' id='word_1_250' title='bbox 966 2858 1120 2900; x_wconf 89' lang='lat' dir='ltr'><strong>esse.</strong></span> <span class='ocrx_word' id='word_1_251' title='bbox 1197 2840 1338 2901; x_wconf 88' lang='lat' dir='ltr'><strong>Post</strong></span> <span class='ocrx_word' id='word_1_252' title='bbox 1372 2840 1779 2918; x_wconf 88' lang='lat' dir='ltr'><strong>crepusculum</strong></span> <span class='ocrx_word' id='word_1_253' title='bbox 1802 2840 1991 2899; x_wconf 87' lang='lat' dir='ltr'><strong>statim</strong></span> <span class='ocrx_word' id='word_1_254' title='bbox 2015 2838 2259 2917; x_wconf 87' lang='lat' dir='ltr'><strong>adrepto</strong></span> 
     </span>
     <span class='ocr_line' id='line_1_32' title="bbox 261 2921 2263 3004; baseline -0 -22"><span class='ocrx_word' id='word_1_255' title='bbox 261 2922 442 3004; x_wconf 87' lang='lat' dir='ltr'><strong>pilleo</strong></span> <span class='ocrx_word' id='word_1_256' title='bbox 473 2922 569 2983; x_wconf 80' lang='lat' dir='ltr'><strong>vel</strong></span> <span class='ocrx_word' id='word_1_257' title='bbox 612 2922 817 3001; x_wconf 88' lang='lat' dir='ltr'><strong>galero</strong></span> <span class='ocrx_word' id='word_1_258' title='bbox 860 2926 1105 3003; x_wconf 87' lang='lat' dir='ltr'><strong>popinas</strong></span> <span class='ocrx_word' id='word_1_259' title='bbox 1144 2923 1322 2983; x_wconf 90' lang='lat' dir='ltr'><strong>inibat</strong></span> <span class='ocrx_word' id='word_1_260' title='bbox 1364 2925 1694 3003; x_wconf 85' lang='lat' dir='ltr'><strong>circumque</strong></span> <span class='ocrx_word' id='word_1_261' title='bbox 1734 2925 1900 2983; x_wconf 88' lang='lat' dir='ltr'><strong>vicos</strong></span> <span class='ocrx_word' id='word_1_262' title='bbox 1941 2921 2263 2999; x_wconf 85' lang='lat' dir='ltr'><strong>vagabatur</strong></span> 
     </span>
     <span class='ocr_line' id='line_1_33' title="bbox 259 3005 2263 3088; baseline -0.001 -19"><span class='ocrx_word' id='word_1_263' title='bbox 259 3006 622 3084; x_wconf 74' lang='lat' dir='ltr'><strong>ludibunduS,</strong></span> <span class='ocrx_word' id='word_1_264' title='bbox 659 3026 770 3068; x_wconf 88' lang='lat' dir='ltr'><strong>nec</strong></span> <span class='ocrx_word' id='word_1_265' title='bbox 804 3009 929 3067; x_wconf 87' lang='lat' dir='ltr'><strong>sine</strong></span> <span class='ocrx_word' id='word_1_266' title='bbox 963 3009 1224 3088; x_wconf 89' lang='lat' dir='ltr'><strong>pernicie</strong></span> <span class='ocrx_word' id='word_1_267' title='bbox 1257 3017 1466 3069; x_wconf 90' lang='lat' dir='ltr'><strong>tamen.</strong></span> <span class='ocrx_word' id='word_1_268' title='bbox 1557 3006 1851 3088; x_wconf 86' lang='lat' dir='ltr'><strong>Siquidem</strong></span> <span class='ocrx_word' id='word_1_269' title='bbox 1884 3005 2180 3066; x_wconf 89' lang='lat' dir='ltr'><strong>redeuntis</strong></span> <span class='ocrx_word' id='word_1_270' title='bbox 2229 3023 2263 3066; x_wconf 89' lang='lat' dir='ltr'><strong>a</strong></span> 
     </span>
     <span class='ocr_line' id='line_1_34' title="bbox 261 3089 2259 3172; baseline -0.001 -19"><span class='ocrx_word' id='word_1_271' title='bbox 261 3109 442 3153; x_wconf 90' lang='lat' dir='ltr'><strong>caena</strong></span> <span class='ocrx_word' id='word_1_272' title='bbox 473 3090 790 3153; x_wconf 83' lang='lat' dir='ltr'><strong>verberare</strong></span> <span class='ocrx_word' id='word_1_273' title='bbox 822 3110 893 3152; x_wconf 90' lang='lat' dir='ltr'><strong>ac</strong></span> <span class='ocrx_word' id='word_1_274' title='bbox 923 3100 1318 3172; x_wconf 87' lang='lat' dir='ltr'><strong>repugnantes</strong></span> <span class='ocrx_word' id='word_1_275' title='bbox 1342 3091 1650 3152; x_wconf 87' lang='lat' dir='ltr'><strong>vulnerare</strong></span> <span class='ocrx_word' id='word_1_276' title='bbox 1678 3091 2011 3169; x_wconf 86' lang='lat' dir='ltr'><strong>cloacisque</strong></span> <span class='ocrx_word' id='word_1_277' title='bbox 2037 3089 2259 3151; x_wconf 87' lang='lat' dir='ltr'><strong>demer-</strong></span> 
     </span>
     <span class='ocr_line' id='line_1_35' title="bbox 259 3174 2259 3255; baseline 0 -21"><span class='ocrx_word' id='word_1_278' title='bbox 259 3194 405 3253; x_wconf 82' lang='lat' dir='ltr'><strong>gere</strong></span> <span class='ocrx_word' id='word_1_279' title='bbox 434 3185 716 3254; x_wconf 88' lang='lat' dir='ltr'><strong>assuerat,</strong></span> <span class='ocrx_word' id='word_1_280' title='bbox 740 3176 1011 3237; x_wconf 87' lang='lat' dir='ltr'><strong>tabernas</strong></span> <span class='ocrx_word' id='word_1_281' title='bbox 1032 3178 1202 3237; x_wconf 85' lang='lat' dir='ltr'><strong>etiam</strong></span> <span class='ocrx_word' id='word_1_282' title='bbox 1225 3176 1541 3255; x_wconf 82' lang='lat' dir='ltr'><strong>effringere</strong></span> <span class='ocrx_word' id='word_1_283' title='bbox 1567 3185 1624 3236; x_wconf 89' lang='lat' dir='ltr'><strong>et</strong></span> <span class='ocrx_word' id='word_1_284' title='bbox 1648 3174 1942 3255; x_wconf 84' lang='lat' dir='ltr'><strong>expilare;</strong></span> <span class='ocrx_word' id='word_1_285' title='bbox 1976 3174 2259 3249; x_wconf 87' lang='lat' dir='ltr'><strong>Quintana</strong></span> 
     </span>
     <span class='ocr_line' id='line_1_36' title="bbox 193 3258 2258 3341; baseline -0.002 -21"><span class='ocrx_word' id='word_1_286' title='bbox 193 3279 244 3320; x_wconf 78' lang='lat' dir='ltr'><strong>as</strong></span> <span class='ocrx_word' id='word_1_287' title='bbox 264 3260 417 3320; x_wconf 88' lang='lat' dir='ltr'><strong>domi</strong></span> <span class='ocrx_word' id='word_1_288' title='bbox 441 3262 771 3339; x_wconf 89' lang='lat' dir='ltr'><strong>constituta,</strong></span> <span class='ocrx_word' id='word_1_289' title='bbox 796 3261 893 3320; x_wconf 90' lang='lat' dir='ltr'><strong>ubi</strong></span> <span class='ocrx_word' id='word_1_290' title='bbox 916 3270 1117 3341; x_wconf 87' lang='lat' dir='ltr'><strong>partae</strong></span> <span class='ocrx_word' id='word_1_291' title='bbox 1142 3270 1200 3321; x_wconf 91' lang='lat' dir='ltr'><strong>et</strong></span> <span class='ocrx_word' id='word_1_292' title='bbox 1228 3260 1302 3321; x_wconf 91' lang='lat' dir='ltr'><strong>ad</strong></span> <span class='ocrx_word' id='word_1_293' title='bbox 1321 3261 1700 3321; x_wconf 88' lang='lat' dir='ltr'><strong>licitationem</strong></span> <span class='ocrx_word' id='word_1_294' title='bbox 1723 3258 2065 3319; x_wconf 85' lang='lat' dir='ltr'><strong>dividendae</strong></span> <span class='ocrx_word' id='word_1_295' title='bbox 2092 3275 2258 3338; x_wconf 86' lang='lat' dir='ltr'><strong>prae-</strong></span> 
     </span>
     <span class='ocr_line' id='line_1_37' title="bbox 263 3342 2257 3424; baseline -0.002 -21"><span class='ocrx_word' id='word_1_296' title='bbox 263 3343 370 3404; x_wconf 88' lang='lat' dir='ltr'><strong>dae</strong></span> <span class='ocrx_word' id='word_1_297' title='bbox 400 3346 646 3424; x_wconf 86' lang='lat' dir='ltr'><strong>pretium</strong></span> <span class='ocrx_word' id='word_1_298' title='bbox 682 3344 1097 3406; x_wconf 87' lang='lat' dir='ltr'><strong>absumeretur.</strong></span> <span class='ocrx_word' id='word_1_299' title='bbox 1186 3344 1278 3405; x_wconf 86' lang='lat' dir='ltr'><strong>Ac</strong></span> <span class='ocrx_word' id='word_1_300' title='bbox 1304 3363 1490 3424; x_wconf 86' lang='lat' dir='ltr'><strong>saepe</strong></span> <span class='ocrx_word' id='word_1_301' title='bbox 1523 3346 1578 3403; x_wconf 92' lang='lat' dir='ltr'><strong>in</strong></span> <span class='ocrx_word' id='word_1_302' title='bbox 1611 3346 1736 3404; x_wconf 88' lang='lat' dir='ltr'><strong>eius</strong></span> <span class='ocrx_word' id='word_1_303' title='bbox 1758 3342 1914 3404; x_wconf 91' lang='lat' dir='ltr'><strong>modi</strong></span> <span class='ocrx_word' id='word_1_304' title='bbox 1943 3345 2085 3402; x_wconf 84' lang='lat' dir='ltr'><strong>rixis</strong></span> <span class='ocrx_word' id='word_1_305' title='bbox 2121 3359 2257 3401; x_wconf 91' lang='lat' dir='ltr'><strong>ocu-</strong></span> 
     </span>
     <span class='ocr_line' id='line_1_38' title="bbox 262 3424 2259 3509; baseline -0.003 -23"><span class='ocrx_word' id='word_1_306' title='bbox 262 3427 447 3487; x_wconf 87' lang='lat' dir='ltr'><strong>lorum</strong></span> <span class='ocrx_word' id='word_1_307' title='bbox 487 3438 545 3488; x_wconf 92' lang='lat' dir='ltr'><strong>et</strong></span> <span class='ocrx_word' id='word_1_308' title='bbox 595 3431 751 3490; x_wconf 83' lang='lat' dir='ltr'><strong>vitae</strong></span> <span class='ocrx_word' id='word_1_309' title='bbox 793 3430 1110 3508; x_wconf 89' lang='lat' dir='ltr'><strong>periculum</strong></span> <span class='ocrx_word' id='word_1_310' title='bbox 1150 3427 1323 3506; x_wconf 89' lang='lat' dir='ltr'><strong>adiit,</strong></span> <span class='ocrx_word' id='word_1_311' title='bbox 1367 3448 1400 3490; x_wconf 90' lang='lat' dir='ltr'><strong>a</strong></span> <span class='ocrx_word' id='word_1_312' title='bbox 1442 3428 1688 3509; x_wconf 90' lang='lat' dir='ltr'><strong>quodam</strong></span> <span class='ocrx_word' id='word_1_313' title='bbox 1728 3427 2053 3502; x_wconf 82' lang='lat' dir='ltr'><strong>laticlavio,</strong></span> <span class='ocrx_word' id='word_1_314' title='bbox 2097 3424 2259 3483; x_wconf 90' lang='lat' dir='ltr'><strong>cuius</strong></span> 
     </span>
     <span class='ocr_line' id='line_1_39' title="bbox 260 3511 2255 3594; baseline -0.004 -23"><span class='ocrx_word' id='word_1_315' title='bbox 260 3528 504 3572; x_wconf 85' lang='lat' dir='ltr'><strong>uxorem</strong></span> <span class='ocrx_word' id='word_1_316' title='bbox 530 3511 975 3591; x_wconf 85' lang='lat' dir='ltr'><strong>adtrectaverat,</strong></span> <span class='ocrx_word' id='word_1_317' title='bbox 1005 3532 1196 3594; x_wconf 88' lang='lat' dir='ltr'><strong>prope</strong></span> <span class='ocrx_word' id='word_1_318' title='bbox 1229 3512 1300 3573; x_wconf 90' lang='lat' dir='ltr'><strong>ad</strong></span> <span class='ocrx_word' id='word_1_319' title='bbox 1328 3531 1534 3573; x_wconf 90' lang='lat' dir='ltr'><strong>necem</strong></span> <span class='ocrx_word' id='word_1_320' title='bbox 1560 3531 1785 3573; x_wconf 88' lang='lat' dir='ltr'><strong>caesus.</strong></span> <span class='ocrx_word' id='word_1_321' title='bbox 1876 3511 2069 3586; x_wconf 84' lang='lat' dir='ltr'><strong>Quare</strong></span> <span class='ocrx_word' id='word_1_322' title='bbox 2103 3522 2255 3565; x_wconf 91' lang='lat' dir='ltr'><strong>num-</strong></span> 
     </span>
    </p>
   </div>
  </div>
 </body>
</html>
