2553 3960
1044 126 1065 136 ⁵
1086 173 1435 223 firmamus.
2079 169 2238 233 ι113

217 327 533 410 nepotibus
578 346 856 407 parsurus
890 328 1178 406 creditur,
1211 346 1341 389 cum
1374 340 1433 391 et
1468 331 1668 393 Gaium
1700 343 2035 413 suspectum
2060 335 2237 398 babe-

214 424 337 492 ret,
391 422 451 474 et
494 411 788 473 Tiberium
837 422 897 472 ut
951 429 1049 472 ex¹
1077 412 1363 476 adulterio
1422 425 1771 496 conceptum
1806 428 2235 498 aspernaretur.

212 498 341 560 Nec
384 496 663 560 abhorret
706 514 956 567 a-vero;
1007 515 1253 577 namque
1293 498 1606 560 identidem
1641 500 1884 578 felicem
1924 502 2238 566 Priamum

212 581 504 658 vocabat,
542 581 712 661 quod
739 588 1062 660 superstes
1089 582 1356 643 omnium
1386 601 1643 646 suorum
1675 586 1998 648 extitisset.

167 683 192 723 s
338 668 521 742 Quam
561 667 712 725 inter
749 666 898 727 haec
935 667 1057 726 'non
1093 666 1270 727 modo
1321 669 1543 729 invisus
1591 688 1661 731 ac
1690 669 2089 751 detestabilis,
2133 673 2239 734 sed
2254 684 2325 740 63

213 748 618 833 praetrepidus
642 767 876 830 quoque
900 759 1074 830 atque
1098 751 1268 812 etiam
1295 753 1661 814 contumeliis
1689 753 1978 816 obnoxius
2000 758 2233 836 vixerit,

212 836 390 897 multa
428 834 643 895 indicia
670 843 819 896 sunt.
886 834 1248 914 Haruspices
1275 846 1513 899 secreto
1551 856 1620 899 ac
1651 841 1777 899 sine
1808 840 2056 900 testibus
2096 858 2233 902 con·

212 921 324 982 suli
367 921 568 980 vetuit.
627 920 836 981 Vicina
863 937 1010 980 vero
1040 919 1169 979 urbi
1202 921 1440 982 oracula
1472 924 1642 984 etiam
1671 924 1956 985 dissicere
1992 934 2236 986 conatus

214 1014 337 1083 est,
379 1003 484 1064 sed
520 1004 825 1065 maiestate
865 1003 1370 1064 Praenestinarum
1419 1009 1660 1068 sortium
1705 1010 1940 1069 territus
1991 1008 2234 1087 destitit,

145 1109 195 1151 ιο
216 1106 343 1152 cum
382 1088 722 1166 obsignatas
766 1088 1167 1167 devectasque
1192 1089 1434 1150 Romam
1469 1108 1586 1152 non
1615 1095 1981 1173 repperisset
2006 1095 2065 1153 in
2097 1113 2236 1156 arca

210 1176 323 1236 nisi
364 1172 549 1233 relata
591 1191 791 1233 rursus
834 1172 904 1232 ad
934 1173 1230 1252 templum.
1293 1174 1480 1235 Unum
1510 1185 1569 1236 et
1596 1176 1838 1242 alterum
1868 1178 2232 1255 consulares,

213 1258 427 1321 oblatis
456 1257 777 1337 provinciis
806 1274 923 1317 non
954 1272 1125 1318 ausus
1155 1276 1188 1318 a
1217 1277 1283 1318 se
1313 1258 1620 1338 dimittere,
1654 1279 1837 1341 usque
1867 1279 1941 1321 eo
1973 1261 2232 1340 detinuit,

213 1343 406 1404 donec
453 1359 841 1402 successores
893 1351 1032 1421 post
1083 1342 1309 1422 aliquot
1363 1362 1547 1404 annos
1588 1346 1995 1423 praesentibus
2036 1346 2231 1417 daret;

213 1445 342 1489 cum
393 1428 622 1487 interim
669 1434 937 1487 manente
988 1427 1168 1487 officii
1210 1427 1377 1487 titulo
1424 1430 1597 1489 etiam
1640 1429 1947 1507 delegaret
1989 1430 2235 1510 plurima

142 1534 191 1576 15
211 1510 474 1589 assidue,
523 1528 670 1589 quae
716 1511 801 1570 illi
849 1529 958 1590 per
996 1510 1230 1588 legatos
1273 1519 1333 1570 et
1376 1511 1668 1573 adiutores
1710 1530 1849 1573 suos
1890 1513 2232 1593 exequenda

211 1605 499 1659 curarent.
554 1594 771 1655 Nurum
810 1612 881 1656 ac
915 1604 1168 1675 nepotes
1205 1613 1512 1674 numquam
1552 1597 1721 1658 aliter
1750 1605 1888 1676 post
1917 1597 2318 1669 damnatio-64

206 1698 342 1742 nem
372 1697 541 1759 qnam
570 1689 869 1741 catenatos
900 1679 1225 1758 obsutaque
1255 1680 1468 1740 lectica
1499 1680 1638 1741 loco
1663 1683 1874 1759 movit,
1920 1682 2230 1761 prohibitis

207 1783 322 1846 per
364 1763 600 1825 militem
643 1764 837 1825 obviis
885 1781 957 1824 ac
997 1763 1317 1824 viatoribus
1355 1766 1662 1845 respicere
1692 1783 1935 1846 usquam
1961 1766 2057 1825 vel
2093 1783 2231 1826 con·

209 1852 443 1910 sistere.

137 1956 191 1997 20
337 1934 605 1995 Seianum
646 1951 746 1995 res
786 1951 973 1995 novas
1017 1932 1389 2013 molientem,
1434 1934 1692 2016 quamvis
1729 1935 1839 1995 iam
1882 1943 1941 1996 et
1985 1934 2231 2017 natalem
2248 1950 2313 2006 65

211 2020 338 2079 eius
366 2018 603 2098 publice
639 2018 927 2080 celebrari
959 2027 1019 2079 et
1046 2019 1333 2096 imagines
1365 2038 1574 2080 aureas
1600 2019 1717 2080 coli
1742 2021 1958 2099 passim
1983 2019 2228 2098 videret,

207 2105 308 2164 vix
344 2103 572 2164 tandem
607 2111 666 2163 et
695 2111 823 2164 astu
850 2104 1036 2182 magis
1065 2121 1136 2164 ac
1169 2103 1306 2164 dolo
1338 2122 1507 2184 quam
1535 2105 1842 2184 principali
1883 2106 2229 2166 auctoritate

209 2188 512 2249 subvertit.
574 2186 719 2248 Nam
751 2189 940 2267 primo
959 2233 976 2264 ,
1024 2196 1087 2246 ut
1129 2205 1161 2248 a
1190 2205 1255 2248 se
1284 2206 1393 2267 per
1422 2190 1683 2267 speciem
1711 2189 1953 2249 honoris
1988 2189 2229 2250 dimitte-

207 2282 334 2350 ret,
368 2273 663 2350 collegam
692 2271 804 2332 sibi
828 2272 1146 2350 adsumpsit
1174 2272 1230 2331 in
1260 2274 1458 2352 quinto
1484 2273 1817 2350 consulatu,
1854 2291 2024 2352 quem
2048 2273 2229 2352 longo

133 2366 189 2408 25
209 2357 522 2418 intervallo
557 2356 773 2417 absens
803 2357 880 2417 ob
908 2357 965 2416 id
996 2357 1186 2435 ipsum
1218 2366 1582 2436 susceperat.
1643 2357 1867 2418 Deinde
1898 2376 2006 2437 spe
2045 2358 2228 2419 affini-

207 2443 344 2503 tatis
385 2460 455 2503 ac
483 2441 826 2501 tribuniciae
857 2443 1165 2520 potestatis
1198 2440 1508 2519 deceptum
1537 2443 1930 2521 inopinantem
1969 2443 2228 2503 crimina·

205 2536 299 2587 tus
332 2535 422 2585 est
453 2525 721 2603 pudenda
749 2524 1194 2603 miserandaque
1226 2526 1521 2602 oratione,
1557 2543 1684 2585 cum
1714 2526 1863 2584 inter
1888 2524 2000 2584 alia
2029 2534 2227 2604 patres

208 2611 582 2689 conscriptos
624 2619 1001 2690 precaretur,
1051 2611 1347 2669 mitterent
1381 2608 1623 2669 alterum
1656 2627 1690 2669 e
1722 2608 2088 2684 consulibus,
2132 2610 2227 2687 qui

205 2714 274 2756 se
316 2712 515 2757 senem
560 2704 617 2755 et
660 2694 847 2754 solum
875 2696 932 2754 in
965 2702 1344 2774 conspectum
1379 2710 1580 2753 eorum
1611 2710 1737 2759 cum
1769 2691 1964 2771 aliquo
1999 2691 2227 2752 militari

131 2805 187 2849 30
210 2779 509 2859 praesidio
537 2779 909 2858 perduceret.
967 2779 1069 2839 Sic
1099 2795 1335 2858 quoque
1373 2777 1640 2837 diffidens
1672 2776 2081 2855 tumultumque
2109 2794 2226 2836 me-

207 2874 412 2941 tuens,
452 2863 701 2924 Drusum
739 2872 1046 2943 nepotem,
1091 2879 1261 2941 quem
1305 2862 1555 2922 vinculis
1593 2861 1781 2922 adhuc
1818 2861 2039 2921 Romae
2088 2876 2226 2920 con-

203 2946 456 3025 tinebat,
488 2947 657 3026 solvi,
691 2949 738 3008 si
772 2965 870 3008 res
901 2954 1212 3027 posceret,
1253 2946 1576 3025 ducemque
1609 2946 1877 3006 constitui
1903 2962 2227 3024 praecepe-

203 3041 316 3093 rat.
380 3030 616 3112 Aptatis
656 3032 827 3093 etiam
864 3030 1106 3093 navibus
1150 3030 1220 3090 ad
1267 3049 1656 3110 quascumque
1689 3030 1959 3107 legiones
1991 3028 2228 3089 medita·

202 3116 378 3177 batur
415 3117 612 3194 fugam
634 3163 650 3193 ,
695 3112 1167 3196 speculabundus
1212 3134 1289 3175 ex
1322 3115 1599 3175 altissima
1633 3131 1777 3194 rupe
1813 3113 2123 3174 identidem
2154 3114 2226 3173 si·
2303 3190 2306 3195 Ι

130 3220 186 3264 ss
206 3219 361 3280 gna,
410 3218 586 3280 quae,
630 3219 706 3261 ne
751 3201 930 3261 nuntii
979 3208 1366 3277 morarentur,
1423 3199 1551 3260 tolli
1585 3197 1826 3279 procul,
1869 3206 1931 3257 ut
1973 3197 2226 3276 quidque

203 3286 429 3346 factum
473 3286 660 3363 foret,
696 3286 1088 3347 mandaverat.
1162 3285 1383 3345 Verum
1407 3292 1472 3343 ⁴et
1507 3300 1792 3363 oppressa
1829 3283 2226 3344 coniuratione

204 3369 406 3431 Seiani
447 3369 627 3430 nihilo
677 3371 941 3431 securior
979 3376 1075 3430 aut
1116 3369 1510 3445 constantior,
1555 3385 1664 3446 per
1686 3383 1899 3436 novem
1927 3365 2229 3445 proximos

201 3471 448 3517 menses
486 3471 604 3513 non
640 3471 920 3533 egressus
949 3462 1041 3514 est
1073 3452 1243 3531 villa,
1276 3470 1424 3532 qnae
1456 3460 1701 3511 vocatur
1727 3450 1908 3519 Iovis.

296 3557 613 3599 sunronnm.
1879 3533 1918 3593 8
