2553 3960
1013 260 1221 309 mvus
1262 261 1518 324 muns.
2185 256 2265 318 35

259 410 491 473 Vestali
540 415 842 473 maximae.
929 414 1171 489 Quintus
1217 414 1451 477 Tubero
1497 417 1696 496 tradit,
1746 419 2025 480 heredem
2069 421 2141 481 ab
2188 441 2263 483 eo

260 494 442 556 scribi
485 495 715 560 solitum
755 515 831 557 ex
873 498 1174 558 consulatu
1227 501 1411 578 ipsius
1456 502 1644 579 primo
1698 521 1881 582 usque
1930 503 2002 564 ad
2047 507 2264 568 initium

265 579 456 639 civilis
492 578 632 640 belli
674 579 796 640 CN.
842 581 1206 661 Pompeium,
1276 582 1451 662 idque
1503 586 1779 647 militibus
1834 605 1942 667 pro
1989 591 2261 651 contione

261 664 586 724 recitatum.
662 663 778 724 Sed
821 666 1138 726 novissimo
1183 675 1529 728 testamento
1575 679 1695 729 tres
1738 672 1979 730 instituit
2012 671 2262 734 heredes

217 763 531 807 ssororum
564 756 852 827 nepoteS,
899 749 1098 809 Gaium
1137 749 1440 811 Octavium
1470 770 1548 812 ex
1580 753 1892 828 dodrante,
1939 763 1998 814 et
2028 754 2261 818 Lucium

261 831 549 891 Pinarium
583 840 643 891 et
678 831 944 906 Quintum
989 833 1226 894 Pedium
1270 853 1346 893 ex
1393 835 1707 913 quadrante
1748 837 2003 917 reliquo:
2050 840 2107 899 in
2150 842 2261 902 ima

263 932 403 975 cera
425 914 626 976 Gaium
658 915 954 976 Octavium
980 919 1149 977 etiam
1179 920 1236 976 in
1272 918 1541 980 familiam
1577 939 1899 1000 nomenque
1934 922 2257 1002 adoptavit3

248 999 583 1079 plerosque
619 1017 1030 1077 percussorum
1064 1003 1121 1061 in
1156 1002 1442 1061 tutoribus
1481 1004 1594 1081 fili,
1628 1007 1677 1064 si
1714 1007 1810 1085 qui
1845 1005 1955 1065 sibi
1990 1024 2259 1068 nascere·

258 1092 381 1160 tur,
423 1084 766 1160 nominavit,
807 1083 1108 1144 Decimum
1139 1084 1374 1145 Brutum
1412 1089 1583 1148 etiam
1622 1090 1679 1148 in
1717 1088 1987 1149 secundis
2033 1090 2259 1151 heredi-

193 1183 241 1221 ιο
260 1166 391 1226 bus.
451 1166 679 1246 Populo
714 1166 916 1228 hortos
964 1171 1120 1229 circa
1171 1168 1427 1230 Tiberim
1474 1172 1741 1251 publice,
1781 1182 1841 1233 et
1886 1175 2097 1234 viritim
2142 1184 2257 1235 tre-

259 1268 445 1311 cenos
495 1253 798 1312 sestertios
841 1252 1079 1330 legavit.

385 1332 618 1395 Funere
661 1334 878 1396 indicto
935 1355 1116 1415 rogus
1160 1349 1489 1401 exstructus
1534 1348 1624 1401 est
1675 1341 1733 1398 in
1775 1339 1984 1402 Martio
2047 1356 2343 1423 campose

255 1420 420 1478 iuxta
452 1417 634 1478 Iuliae
668 1421 937 1480 tumulum
971 1429 1029 1480 et
1065 1438 1176 1501 pro
1221 1426 1428 1484 rostris
1476 1431 1673 1485 aurata
1709 1422 1886 1483 aedes
1921 1424 1992 1485 ad
2028 1425 2252 1488 simula·

260 1519 421 1563 crum
471 1501 671 1581 templi
713 1505 964 1565 Veneris
1008 1505 1334 1567 Genetricis
1377 1508 1694 1576 collocata;
1761 1509 2025 1587 intraque
2069 1509 2256 1570 lectus

191 1602 238 1642 ιε
259 1585 555 1646 eburneus
595 1604 738 1647 auro
781 1605 850 1647 ac
891 1606 1144 1668 purpura
1200 1598 1445 1669 stratus,
1512 1600 1571 1651 et
1621 1589 1692 1650 ad
1741 1598 1913 1668 caput
1956 1600 2258 1671 tropaeum

257 1687 390 1730 cum
427 1679 629 1745 veste,
673 1671 732 1729 in
780 1689 892 1749 qua
934 1673 1124 1734 fuerat
1172 1676 1426 1734 occisus.
1485 1673 1953 1735 Praeferentibus
1996 1692 2254 1755 munera,

258 1756 391 1833 quia
427 1754 775 1814 suffecturus
813 1754 938 1815 dies
971 1774 1088 1815 non
1122 1757 1457 1835 videbatur,
1502 1766 1910 1838 praeceptum,
1955 1768 2016 1819 ut
2041 1761 2255 1820 omisso

257 1837 484 1913 ordine,
507 1837 713 1916 quibus
737 1839 980 1919 quisque
1000 1840 1180 1901 vellet
1203 1841 1504 1902 itineribus
1526 1841 1707 1921 urbia,
1730 1850 1990 1924 portaret
2011 1845 2067 1902 in
2094 1842 2255 1904 Cam·

255 1939 412 2002 pum.
458 1920 616 1982 Inter
638 1920 805 1983 ludos
832 1927 1064 2000 cantata·
1086 1934 1216 1987 sunt
1240 1925 1517 2008 quaedam
1540 1926 1611 1991 ad
1638 1928 2062 1990 miserationem
2092 1937 2150 1989 et
2172 1930 2252 1989 in-

185 2007 466 2076 wvidiam
493 2005 689 2071 caedis
722 2013 847 2072 eius
883 2013 1315 2074 accommodata
1340 2033 1415 2073 ex
1436 2014 1652 2075 Pacuvi
1685 2013 1991 2074 Armorum
2021 2012 2252 2075 iudicio:

551 2099 683 2156 Men
713 2114 969 2157 servasse
984 2143 1001 2172 ,
1043 2107 1106 2157 ut
1141 2109 1319 2158 essent
1350 2105 1449 2174 qui
1476 2117 1563 2158 me
1593 2103 1932 2174 perderent?

254 2192 315 2242 et
349 2199 428 2241 ex
459 2180 698 2240 Electra
731 2179 875 2239 Atili
907 2180 979 2241 ad
1028 2181 1271 2241 similem
1307 2183 1668 2242 sententiam.
1719 2181 2084 2242 Laudationis
2115 2183 2252 2245 loco

257 2264 465 2328 consul
502 2264 790 2326 Antonius
825 2283 932 2344 per
954 2282 1310 2343 praeconem
1342 2267 1730 2345 pronuntiavit
1759 2274 1991 2326 senatus
2024 2267 2251 2327 consul—

255 2360 410 2427 tum,
453 2366 569 2427 quo
619 2350 807 2408 omnia
858 2348 1022 2408 simul
1061 2351 1115 2407 ei
1162 2348 1354 2410 divina
1398 2360 1569 2430 atque
1603 2350 1843 2411 humana
1887 2348 2253 2426 decreverat,

182 2436 397 2494 uitem
437 2434 527 2492 ius
556 2431 869 2509 iurandum,
903 2449 1017 2511 quo
1060 2450 1124 2492 se
1159 2435 1350 2493 cuncti
1396 2452 1506 2514 pro
1550 2434 1737 2495 salute
1770 2437 1936 2493 unius
1970 2437 2251 2495 astrinxe-

256 2526 415 2585 rant;
447 2516 653 2595 quibus
685 2534 980 2596 perpauca
1010 2534 1043 2576 a
1070 2534 1136 2576 se
1166 2518 1348 2578 verba
1378 2517 1610 2578 addidit.
1646 2517 1879 2577 Lectum
1910 2534 2018 2596 pro
2048 2517 2253 2580 rostris

255 2603 316 2661 in
358 2601 549 2661 forum
583 2602 952 2677 magistratus
993 2608 1052 2659 et
1095 2599 1415 2662 honoribus
1453 2602 1633 2661 functi
1665 2600 2007 2660 detulerunt.
2072 2602 2254 2677 Quem

259 2702 390 2745 cum
433 2702 573 2764 pars
622 2685 680 2743 in
726 2681 1040 2763 Capitolini
1087 2683 1248 2745 Iovis
1298 2686 1446 2746 cella
1497 2702 1753 2744 cremare
1799 2701 1936 2763 pars
1978 2684 2037 2741 in
2098 2687 2253 2745 curia

255 2768 501 2847 Pompei
553 2766 901 2846 destinaret,
959 2778 1205 2846 repente
1249 2768 1363 2829 duo
1410 2768 1666 2848 quidam,
1713 2766 1924 2845 gladiis
1975 2768 2252 2828 succincti

185 2870 327 2920 mac
381 2852 512 2912 bina
561 2851 751 2912 iacula
802 2860 1135 2930 gestantes,
1195 2853 1527 2913 ardentibus
1571 2854 1760 2913 cereis
1811 2851 2252 2928 succenderunt,

259 2936 683 3014 confestimque
755 2938 1238 2997 circumstantium
1288 2938 1455 2998 turba
1499 2936 1752 3015 virgulta
1801 2934 1959 2997 arida
2011 2945 2069 2996 et
2127 2953 2253 2997 cum

256 3017 554 3079 subselliis
596 3019 930 3096 tribunalia,
981 3021 1252 3099 quicquid
1295 3030 1598 3099 praeterea
1652 3019 1724 3081 ad
1764 3019 1973 3080 donum
2034 3020 2251 3097 aderat,

257 3104 581 3180 congessit.
619 3101 844 3163 Deinde
878 3103 1149 3163 tibicines
1179 3115 1237 3164 et
1260 3106 1481 3165 scenici
1511 3106 1765 3165 artifices
1793 3112 2035 3181 vestem,
2086 3123 2253 3185 quam

255 3204 331 3246 ex
358 3185 774 3265 triumphorum
805 3190 1180 3248 instrumento
1211 3187 1283 3249 ad
1317 3196 1684 3268 praesentem
1722 3205 1886 3249 usum
1930 3189 2250 3267 induerant,

187 3270 575 3333 ”detractam
605 3270 715 3330 sibi
753 3280 923 3350 atque
956 3270 1257 3333 discissam
1299 3275 1555 3332 iniecere
1602 3273 1894 3349 flammae,
1943 3282 2000 3333 et
2027 3282 2249 3333 vetera-

252 3371 458 3415 norum
500 3354 739 3415 militum
788 3354 1097 3433 legionarii
1152 3374 1308 3417 arma
1358 3375 1491 3434 sua,
1562 3357 1767 3436 quihus
1819 3356 2034 3417 exculti
2083 3356 2253 3414 funus

256 3438 665 3508 celebrabant3
701 3448 995 3499 matronae
1030 3441 1199 3499 etiam
1229 3441 1548 3520 pleraeque
1579 3448 1910 3501 ornamenta
1939 3456 2065 3513 sua,
2102 3453 2251 3515 quae

250 3523 571 3601 gerebant,
608 3531 667 3582 et
700 3523 1014 3583 liberorum
1043 3522 1231 3584 bullas
1262 3532 1433 3603 atque
1464 3533 1844 3665 praetextag.*
