2553 3960
323 217 407 280 34
503 231 563 279 o.
591 230 890 279 samoni
925 230 1180 291 mmo.
1211 233 1307 280 DE
1339 234 1507 281 vrrA
1543 234 1910 283 CAEsARou
1938 236 2079 283 Lm.
2105 235 2152 282 1.

323 385 468 447 alias
504 401 631 446 cum
671 385 816 445 Iove
858 385 1119 447 dextram
1162 388 1434 464 iungere;
1482 396 1542 447 et
1592 387 1902 469 Calpurnia
1951 407 2103 450 uxor
2123 391 2299 469 imagi

323 479 454 531 nata
479 477 602 549 est,
648 468 878 529 conlabi
910 472 1201 548 fastigium
1234 471 1436 530 domus
1470 475 1847 551 maritumque
1868 474 1926 532 in
1959 477 2188 552 gremio
2214 494 2321 535 suo
2412 500 2425 510 ·

327 554 595 626 confodi;
637 571 710 616 ac
739 554 930 614 subito
969 555 1219 614 cubiculi
1255 556 1418 615 fores
1452 565 1663 636 sponte
1692 566 2016 636 patuerunt.

450 638 540 698 Ob
577 639 727 699 haec
755 637 922 697 simul
955 646 1013 698 et
1045 638 1121 698 ob
1160 640 1440 699 infirmam
1468 640 1838 702 valitudinem
1871 641 1965 702 diu
1998 650 2323 725 cqnctatus,

325 742 397 786 an
437 742 503 784 se
539 724 866 783 contineret
888 730 948 781 et
990 739 1137 800 quae
1182 722 1335 803 apud
1392 734 1650 785 senatum
1701 734 2093 804 proposuerat
2141 745 2369 804 ageres

324 808 617 884 differret,
667 804 898 866 tandem
944 805 1192 866 Decimo
1247 806 1427 867 Bruto
1472 809 1847 886 adhortante,
1883 828 1957 877 ne
2000 811 2327 889 frequentis

325 911 397 954 ac
424 894 535 953 iam
560 889 769 951 dudum
802 891 1164 969 opperientis
1198 890 1576 971 destitueret,
1617 895 1812 972 quinta
1855 894 1982 955 fere
2012 894 2159 956 hora
2188 911 2326 974 pro-

325 995 568 1056 gressus
606 983 698 1035 est
734 973 1111 1054 libellumque
1148 975 1480 1037 insidiarum
1524 977 1807 1055 indicem,
1863 978 1935 1038 ab
1970 978 2147 1039 obvio
2182 995 2324 1057 quo·

326 1061 454 1121 dam
485 1068 854 1144 porrectum,
898 1057 1116 1120 libellis
1149 1063 1396 1138 ceteris,
1438 1078 1587 1139 quos
1622 1062 1851 1123 sinistra
1888 1080 2055 1122 manu
2088 1062 2330 1123 tenebat

327 1147 488 1225 quasi
519 1160 660 1204 mox
699 1142 988 1221 lecturus,
1034 1145 1413 1204 commiscuit.
1456 1145 1606 1205 Dein
1646 1145 1908 1225 pluribus
1937 1145 2155 1205 hostiis
2191 1164 2324 1207 cae-
2347 1165 2396 1206 ιο

327 1231 440 1306 sis,
489 1245 617 1288 cum
648 1226 816 1286 litare
841 1241 960 1287 non
1004 1236 1243 1308 posset,
1289 1230 1511 1289 introiit
1556 1231 1770 1290 curiam
1805 1239 2002 1311 spreta
2032 1230 2329 1307 religione

327 1314 784 1393 Spurinnamque
819 1308 1065 1371 irridens
1098 1320 1157 1371 et
1189 1321 1252 1372 ut
1280 1312 1487 1373 falsum
1519 1332 1807 1392 arguens,
1854 1314 2007 1393 quod
2048 1316 2174 1374 sine
2209 1314 2331 1374 ulla

327 1416 431 1459 sua
471 1413 627 1456 noxa
666 1394 802 1455 Idus
839 1394 1080 1455 Martiae
1116 1395 1421 1458 adessent:
1476 1415 1811 1477 quamquam
1843 1399 1894 1457 is
1933 1400 2169 1458 venisse
2205 1399 2328 1477 qui·

241 1495 311 1552 82
333 1483 463 1543 dem
500 1498 602 1541 eas
644 1478 897 1557 diceret,
941 1478 1046 1540 sed
1083 1498 1202 1541 non
1240 1484 1613 1560 praeterisse.
1678 1481 2047 1542 Assidentem
2092 1482 2328 1561 conspi-

330 1569 437 1628 rati
482 1566 687 1645 specie
727 1563 908 1625 officii
951 1565 1481 1635 circumsteterunt;
1537 1566 1793 1645 ilicoque
1830 1566 2063 1627 Cimber
2098 1564 2330 1643 Tillius,
2351 1587 2402 1628 ιε»

329 1653 424 1732 qui
468 1652 683 1730 primas
725 1657 925 1729 partes
970 1659 1343 1729 susceperat,
1392 1652 1555 1729 quasi
1603 1650 1817 1729 aliquid
1849 1659 2159 1727 rogaturus
2192 1666 2329 1728 pro-

328 1738 458 1817 pius
503 1737 790 1811 accessit,
826 1735 1207 1813 renuentique
1260 1742 1321 1793 et
1370 1744 1543 1812 gestu
1597 1737 1653 1793 in
1705 1733 1857 1794 aliud
1897 1742 2123 1813 tempus
2165 1732 2330 1794 diffe-

328 1821 476 1881 renti
510 1817 582 1879 ab
615 1827 861 1896 utroque
896 1835 1098 1878 umero
1150 1826 1350 1895 togam
1388 1817 1796 1898 adprehendit;
1842 1817 2047 1878 deinde
2082 1817 2327 1879 claman-

328 1914 477 1966 tem:
521 1899 662 1964 Ista
692 1900 935 1983 quidem
961 1902 1059 1963 vis
1095 1908 1187 1962 est
1204 1947 1222 1978 ,
1265 1901 1413 1963 alter
1444 1921 1479 1963 e
1510 1902 1712 1963 Cascis
1749 1920 2014 1964 aversum
2042 1901 2329 1978 vulnerat,

330 1988 564 2070 paulum
615 1987 762 2046 infra
802 1986 1076 2063 iugulum.
1150 1985 1370 2048 Caesar
1421 1985 1647 2048 Cascae
1691 1987 1986 2048 brachium
2035 1995 2399 2066 arreptnmm
2489 2040 2496 2047 ,

330 2072 579 2153 graphio
614 2071 870 2148 traiecit,
926 2080 1284 2150 conatusque
1327 2071 1601 2151 prosilire
1647 2071 1763 2132 alio
1798 2071 2038 2131 vulnere
2072 2070 2330 2130 tardatus

332 2165 453 2226 est;
496 2163 671 2234 utque
710 2155 1111 2216 animadvertit
1153 2156 1402 2235 undique
1441 2175 1506 2216 se
1540 2156 1756 2216 strictis
1791 2154 2141 2235 pugionibus
2186 2156 2331 2234 peti,

332 2251 474 2319 toga
502 2247 674 2318 caput
704 2237 1002 2317 obvolvit,
1048 2240 1215 2299 simul
1255 2242 1487 2300 sinistra
1509 2257 1677 2299 manu
1701 2241 1883 2300 sinum
1917 2238 1987 2300 ad
2019 2241 2128 2299 ima
2161 2256 2334 2299 crura

334 2325 600 2401 deduxit,
679 2340 793 2401 quo
847 2323 1150 2384 honestius
1202 2324 1440 2384 caderet
1502 2324 1673 2384 etiam
1728 2324 2006 2384 inferiore
2057 2323 2331 2403 corporis

333 2418 499 2490 parte
544 2407 755 2467 velata.
822 2406 1016 2488 Atque
1064 2410 1143 2468 ita
1193 2408 1376 2468 tribus
1425 2416 1485 2468 et
1524 2408 1725 2485 viginti
1776 2408 1967 2487 plagis
2018 2407 2402 2467 confossuszs

334 2502 454 2570 est,
498 2509 613 2552 uno
668 2490 842 2552 modo
883 2492 954 2553 ad
1000 2495 1243 2572 primum
1293 2494 1467 2551 ictum
1510 2492 1726 2568 gemitu
1769 2493 1894 2551 sine
1938 2507 2087 2550 voce
2138 2489 2329 2557 edito:

335 2579 446 2639 etsi
491 2576 844 2637 tradiderunt
888 2576 1115 2656 quidam
1150 2575 1352 2638 Marco
1394 2575 1573 2636 Bruto
1619 2577 1857 2634 irruenti
1904 2573 2151 2634 dixisse:
2195 2566 2333 2634 Καὶ

334 2651 423 2724 σύ
470 2656 742 2735 τέκνον;
784 2660 1114 2737 Exanimis,
1184 2659 1619 2737 diffugientibus
1678 2659 1932 2735 cunctis,
2006 2656 2331 2737 aliquandiu

335 2747 542 2822 iacuit,
588 2745 776 2806 donec
814 2745 1065 2805 lecticae
1093 2746 1454 2824 impositum,
1500 2742 1866 2823 dependente
1899 2741 2163 2819 brachio,
2208 2749 2332 2801 tres

335 2829 558 2891 servoli
604 2829 834 2890 domum
881 2828 1216 2889 retulerunt.
1265 2827 1397 2888 Nec
1437 2830 1496 2887 in
1543 2835 1631 2887 tot
1675 2827 2042 2903 vulneribus,
2094 2834 2158 2885 ut
2211 2825 2403 2885 An-so

335 2916 523 2976 tistius
554 2913 811 2974 medicus
851 2912 1248 2990 existimabat,
1294 2911 1471 2973 letale
1504 2911 1680 2971 ullum
1721 2919 2018 2990 repertum
2052 2917 2175 2986 est,
2219 2910 2331 2969 nisi

336 2998 489 3078 quod
522 2998 778 3059 secundo
811 2998 948 3059 loco
983 2998 1042 3056 in
1074 3006 1318 3077 pectore
1348 3004 1682 3075 acceperat.

460 3080 672 3143 Fuerat
715 3085 935 3143 animus
986 3082 1300 3142 coniuratis
1344 3097 1558 3158 corpus
1603 3080 1789 3139 occisi
1826 3079 1885 3137 in
1923 3076 2175 3138 Tiberim
2217 3083 2330 3136 tra-

336 3165 512 3241 here,
553 3165 707 3226 bona
728 3166 1064 3246 publicare,
1104 3174 1233 3227 acta
1265 3163 1634 3240 rescindere,
1680 3161 1786 3222 sed
1819 3169 1973 3222 metu
2007 3159 2186 3222 Marci
2211 3157 2331 3219 An-

252 3249 465 3317 estoni
506 3249 760 3310 consulis
808 3259 866 3311 et
891 3250 1152 3327 magistri
1194 3249 1446 3327 equitum
1483 3247 1686 3326 Lepidi
1722 3246 2081 3307 destiterunt.
2129 3243 2403 3304 Postu-35

338 3333 496 3393 laute
546 3349 691 3408 ergo
729 3333 909 3396 Lucio
952 3334 1164 3394 Pisone
1206 3350 1419 3393 socero
1464 3339 1865 3392 testamentum
1906 3331 2032 3398 eius
2076 3328 2334 3406 aperitur

339 3417 730 3491 recitaturque
775 3419 834 3475 in
882 3417 1096 3479 Antoni
1146 3416 1350 3493 domo,
1431 3414 1588 3495 quod
1637 3414 1833 3476 Idibus
1892 3409 2332 3491 Septembribus

341 3498 619 3575 proximis
674 3500 732 3556 in
770 3498 1058 3560 Lavicano
1101 3518 1208 3561 sno
1251 3501 1477 3561 fecerat
1520 3498 2075 3576 demandaveratque
2119 3494 2332 3572 virgini
