2553 3960
307 191 429 253 232
472 203 532 251 C.
569 201 871 250 stm'rom
893 201 1152 261 TRANQ.
1185 201 1281 248 ms:
1310 201 1472 248 vrrA
1509 200 1879 249 GAEsARmu
1904 202 2215 249 12113.vm.

232 365 299 421 14
436 357 798 418 Offensarum
831 356 1363 435 inimicitiarumque
1395 356 1623 416 minime
1663 373 1886 416 memor
1921 366 2306 438 executorve,

303 442 523 504 Vitellii
537 440 719 500 hostis
735 439 824 500 sui
840 439 1012 500 filiam
1026 439 1466 519 spendidissime
1481 441 1765 500 maritavit
1778 440 2117 520 dotavitque
2130 444 2306 505 etiam

217 562 224 570 ·
304 537 361 590 et
383 526 669 585 instruxit.
722 523 1035 603 Trepidum
1063 542 1191 583 eum
1219 523 1530 585 interdicta
1559 524 1690 585 aula
1723 523 1828 584 sub
1857 523 2092 585 Nerone
2126 545 2302 606 quae-

303 619 660 688 rentemque,
697 608 963 688 quidnam
994 615 1202 686 ageret
1232 616 1328 668 aut
1358 626 1471 687 quo
1505 607 1711 685 abiret,
1745 607 1973 687 quidam
1999 627 2074 669 ex
2099 611 2301 672 officio

305 693 668 757 admissionis
704 692 867 753 simul
900 691 1230 771 expellens,
1256 689 1445 752 abire
1473 689 1870 754 Morbouiam
1905 694 2173 754 iusserat.
2232 695 2297 757 ln
2328 717 2357 756 s

304 780 453 840 hunc
481 786 686 857 postea
718 776 1130 856 deprecantem
1163 774 1314 835 baud
1342 777 1490 837 ultra
1517 776 1701 837 verba
1732 776 2057 854 excanduit,
2090 787 2149 837 et
2181 780 2301 858 qui-

306 864 436 924 dem
457 861 694 924 totidem
723 861 850 920 fere
879 869 1057 938 atque
1089 858 1311 920 eadem.
1366 859 1510 921 Nam
1540 868 1600 920 ut
1626 861 1962 940 suspicione
1988 861 2178 941 aliqua
2203 861 2300 921 vel

305 954 459 1008 metu
488 946 560 1007 ad
593 947 918 1026 perniciem
947 946 1284 1022 cuiusquam
1310 943 1763 1024 compelleretur
1784 953 1999 1004 tantum
2028 946 2187 1022 afuit,
2218 954 2299 1022 ut,

306 1030 670 1092 monentibus
729 1029 929 1090 amicis
986 1027 1303 1089 cavendum
1350 1047 1486 1089 esse
1534 1029 1792 1090 Mettium
1835 1029 2297 1107 Pompusianum,

310 1114 463 1194 quod
493 1113 672 1191 volgo
706 1112 1043 1174 crederetur
1077 1114 1341 1189 genesim
1372 1112 1590 1173 habere
1639 1114 2101 1192 imperatorIam,
2149 1115 2298 1173 insu·
2324 1133 2374 1175 ιο

310 1217 418 1278 per
452 1196 750 1257 consulem
785 1196 1012 1274 fecerit,
1054 1196 1349 1275 spondens
1381 1196 1727 1277 quandoque
1775 1196 2045 1258 beneficii
2088 1214 2299 1258 memo·

308 1300 429 1343 rem
464 1281 731 1342 futurum.

233 1390 290 1443 [5
425 1364 557 1425 Non
587 1373 807 1425 temere
840 1364 967 1444 quis
1000 1364 1230 1442 punitus
1260 1364 1463 1425 insons
1494 1365 1855 1445 reperietur,
1903 1367 2011 1426 nisi
2059 1366 2299 1427 absente

308 1468 381 1510 eo
416 1459 475 1509 et
502 1452 707 1527 ignaro
733 1459 828 1509 aut
854 1457 1014 1508 certe
1037 1449 1216 1508 invito
1248 1456 1421 1526 atque
1444 1447 1716 1527 decepto.
1769 1448 2040 1509 Helvidio
2069 1450 2296 1526 Prisco,

310 1537 404 1614 qui
439 1543 496 1593 et
522 1551 822 1593 reversum
851 1551 919 1593 se
949 1550 1025 1592 ex
1054 1531 1221 1607 Syria
1252 1532 1414 1591 solus
1461 1535 1687 1612 privato
1729 1534 1956 1594 nomine
1985 1536 2296 1612 Vespasia·
2324 1556 2373 1596 is

306 1637 438 1679 num
468 1618 822 1679 salutaverat
848 1619 993 1677 etin
1035 1625 1307 1695 praetura
1352 1615 1614 1677 omnibus
1659 1616 1866 1677 edictis
1913 1618 2037 1677 sine
2076 1617 2300 1678 honore

309 1722 379 1765 ac
405 1703 695 1763 mentione
729 1701 845 1762 ulla
877 1700 1295 1777 transmiserat,
1332 1718 1449 1761 non
1480 1710 1611 1761 ante
1644 1702 1977 1761 succensuit
2018 1719 2186 1782 quam
2218 1700 2298 1762 al-

308 1785 726 1848 tercationibus
777 1784 1242 1846 insolentissimis
1306 1802 1493 1864 paene
1560 1786 1623 1844 in·
1680 1785 1942 1846 ordinem
2006 1784 2298 1846 redactus.

306 1871 472 1932 Hunc
504 1888 770 1950 quoque,
806 1870 1064 1948 quamvis
1092 1868 1417 1946 relegatum
1448 1869 1665 1948 primo,
1707 1869 1914 1930 deiude
1955 1879 2019 1931 et
2055 1870 2302 1930 interfici

309 1957 543 2032 iussum,
578 1954 771 2033 magni
803 1953 1125 2015 aestimavit
1156 1971 1397 2014 servare
1430 1970 1666 2033 quoquo
1715 1954 1923 2032 modo,
1967 1955 2157 2015 missis
2203 1954 2370 2034 quiae

312 2056 693 2120 percussores
722 2047 1099 2107 revocarent:
1143 2046 1202 2097 et
1228 2046 1559 2116 servasset,
1603 2039 1712 2099 nisi
1745 2040 1855 2099 iam
1886 2041 2116 2118 perisse
2147 2040 2298 2100 falso

308 2124 686 2186 renuntiatum
735 2130 912 2181 esset.
1000 2118 1270 2182 Ceterum
1319 2139 1510 2200 neque
1566 2122 1747 2183 caede
1800 2125 2131 2203 cuiusquam
2184 2141 2299 2182 um-

312 2225 480 2286 quam
508 2205 543 2243 *
573 2205 740 2265 iustis
766 2203 1079 2284 suppliciis·
1099 2203 1485 2265 inlacrimavit
1512 2207 1685 2267 etiam
1715 2215 1773 2267 et
1804 2208 2102 2286 ingemuit.

232 2317 293 2371 15
431 2289 573 2349 Sola
619 2297 735 2365 est,
778 2290 840 2348 in.
871 2306 982 2369 qua
1042 2290 1250 2348 merito
1305 2289 1603 2369 culpetur,
1658 2295 1940 2370 pecuniae
1992 2290 2295 2370 cupiditas.

307 2371 440 2435 Non
469 2373 618 2432 enim
657 2381 960 2433 contentus
991 2374 1203 2440 omissa
1237 2373 1343 2433 sub
1373 2374 1554 2435 Galba
1603 2376 1918 2453 vectigalia
1958 2392 2294 2451 revocasse,
2314 2394 2367 2435 2³

217 2490 222 2493 ’
309 2476 459 2519 nova
490 2465 547 2517 et
575 2457 777 2535 gravia
806 2456 1129 2534 addidisse,
1162 2458 1396 2518 auxisse
1431 2458 1642 2520 tributa
1681 2460 2028 2538 provinciis,
2061 2456 2298 2519 nonnul-

310 2542 384 2602 lis
414 2551 471 2601 et
501 2541 852 2621 duplicasse,
887 2543 1318 2619 negotiationes
1350 2559 1582 2622 quoque
1611 2543 1708 2603 vel
1741 2546 1968 2623 privato
2002 2542 2299 2624 pudendas

311 2626 610 2706 propalam
635 2626 922 2702 exercuit,
945 2626 1265 2687 coemendo
1292 2626 1823 2705 quaedam,.tantum
1846 2637 1905 2688 ut
1927 2628 2111 2708 pluris
2138 2635 2296 2705 post-

312 2729 381 2771 ea
424 2709 791 2771 distraheret.
870 2708 960 2769 Ne
995 2709 1310 2770 candidatis
1354 2710 1582 2789 quidem
1625 2710 1916 2789 honores,
1960 2712 2154 2771 reisve
2184 2720 2296 2770 tam

310 2796 564 2855 innoxiis
603 2811 770 2872 quam
815 2793 1159 2854 nocentibus
1206 2793 1608 2855 absolutiones
1650 2794 1947 2856 venditare
1996 2803 2365 2857 cunctatusso

312 2888 419 2939 est.
482 2877 749 2940 Creditur
780 2879 951 2939 etiam
981 2887 1422 2956 procuratorum
1446 2880 1881 2960 rapacissimum
1914 2897 2199 2960 quemque
2226 2877 2298 2938 ad

312 2962 594 3044 ampliora
627 2961 820 3024 officia
852 2980 927 3021 ex
964 2959 1241 3022 industria
1286 2962 1492 3023 solitus
1549 2981 1931 3042 promovere,
1976 2980 2093 3044 quo
2135 2963 2296 3022 locu·

313 3047 596 3126 pletiores
625 3064 761 3107 mox
799 3045 1239 3115 condemnaret;
1275 3046 1482 3126 quibus
1516 3047 1747 3127 quidem
1774 3048 1956 3125 volgo
1992 3064 2100 3127 pro
2118 3064 2294 3126 spon-

312 3133 440 3207 geis
470 3131 768 3192 dicebatur
800 3131 910 3209 uti,
953 3128 1109 3209 quod
1136 3131 1301 3210 quasi
1333 3140 1392 3192 et
1419 3134 1615 3192 siccos
1657 3131 2049 3193 madefaceret
2093 3140 2154 3190 et
2194 3149 2295 3190 ex-

316 3215 588 3292 primeret
617 3216 881 3274 umentis.
2316 3228 2368 3270 35

439 3296 678 3372 Quidam
709 3307 911 3359 natura
943 3297 1371 3378 cupidissimum
1401 3299 1648 3374 tradunt,
1686 3299 1858 3379 idque
1884 3298 2297 3379 exprobratum

312 3382 366 3438 ei
399 3399 430 3441 a
465 3398 604 3438 sene
637 3378 910 3459 bubulco,
945 3384 1069 3461 qui,
1105 3391 1318 3461 negata
1351 3382 1462 3442 sibi
1489 3384 1738 3460 gratuita
1772 3382 2076 3460 libertate,
2128 3399 2297 3460 quam

307 3461 606 3540 imperium
637 3461 903 3541 adeptum
935 3466 1275 3546 suppliciter
1303 3465 1523 3543 orabat,
1561 3466 2032 3546 proclamaverit,
2053 3465 2298 3545 vulpem
