2553 3960
993 178 1086 223 m:
1135 178 1636 226 GRAMMATICIS.
2177 168 2299 229 259

302 329 684 409 maticumque
711 331 1084 391 notissimum.
1120 332 1261 391 Sunt
1278 333 1374 410 qui
1396 332 1706 392 litteratum
1723 351 1755 393 a
1773 333 2095 394 litteratore
2108 333 2300 393 distin-

303 423 511 491 guant,
558 423 617 473 ut
655 414 861 475 Graeci
891 417 1325 493 grammaticum
1362 435 1394 476 a
1425 417 1846 493 grammatista,
1891 426 1949 476 et
1992 417 2148 477 illum
2180 419 2299 501 qui·

304 496 433 556 dem
464 496 756 576 absolute,
795 498 944 558 hunc
972 499 1346 560 mediocriter
1377 499 1608 560 doctum
1638 502 1984 562 existiment.
2049 492 2301 575 Quorum

304 581 633 660 opinionem
664 582 917 643 Orbilius
956 585 1127 644 etiam
1159 583 1448 663 exemplis
1482 585 1810 655 confirmat3
1854 602 1978 644 nam
2024 603 2097 643 ue
2135 585 2306 664 apud

256 680 281 720 s
304 665 575 726 maiores
614 666 725 742 ait,
776 683 911 726 cum
945 666 1198 746 familia
1239 667 1506 729 alicuius
1547 667 1789 728 venalis
1823 685 1945 746 pro
1993 673 2301 744 aceretur,

301 767 425 810 non
457 754 678 817 temere
706 766 879 828 quem
908 751 1243 812 litteratum
1271 752 1338 811 in
1390 750 1597 828 titulo,
1629 751 1744 811 sed
1771 752 2193 814 litteratorem
2188 751 2299 813 in

301 831 497 892 scribi
521 832 765 892 solitum
796 850 961 910 esse,
1009 835 1193 914 quasi
1219 853 1343 896 non
1368 834 1713 914 perfectum
1748 835 2003 912 litter-ie,
2041 837 2157 896 sed
2191 837 2299 897 im-

304 915 529 976 butum.

427 1001 680 1061 Veteres
700 1003 1057 1079 grammatici
1090 1012 1148 1062 et
1172 1003 1523 1064 rhetoricam
1549 1002 1839 1064 docebant
1854 1049 1872 1081 ,
1905 1022 1975 1063 ac
1995 1004 2302 1064 multorum

232 1102 281 1144 ιο
299 1083 372 1144 de
404 1091 646 1163 utraque
676 1094 800 1145 arte
832 1087 1222 1147 commentarii
1252 1086 1530 1148 feruntur.
1604 1087 1928 1147 Secundum
1964 1104 2130 1166 quam
2164 1106 2301 1149 cou-

301 1166 656 1229 suetudinem
689 1172 1054 1248 posteriores
1094 1189 1326 1252 quoque
1359 1174 1656 1249 existimo,
1702 1189 2026 1250 quanquam
2050 1173 2158 1232 iam
2189 1170 2299 1232 dis-

300 1254 477 1312 cretis
502 1253 995 1332 professionibus,
1032 1255 1210 1318 nihilo
1242 1256 1427 1315 minus
1461 1256 1554 1316 vel
1579 1257 1887 1315 retinuisse
1909 1255 2004 1315 vel
2028 1257 2299 1316 instituis-

301 1354 366 1395 se
394 1338 490 1395 et
474 1353 639 1414 ipsos
666 1338 943 1415 quaedam
968 1357 1188 1417 genera
1212 1342 1625 1399 institutionum
1639 1339 1711 1399 ad
1727 1339 2116 1418 eloquentiam
2132 1358 2299 1418 prae-

302 1417 640 1498 parandam,
683 1429 743 1480 ut
779 1421 1174 1500 problemata,
1221 1423 1627 1502 paraphrasis,
1673 1422 2090 1498 allocutioneS,
2138 1423 2298 1483 etho·

232 1520 282 1562 15
303 1504 493 1583 logias
524 1513 694 1583 atque
735 1505 846 1565 alia
876 1505 992 1565 hoc
1025 1524 1240 1584 genus3
1282 1523 1357 1566 ne
1402 1507 1630 1566 scilicet
1672 1506 1814 1565 sicci
1852 1507 2082 1566 omnino
2129 1516 2300 1606 atque

299 1587 440 1648 aridi
487 1588 651 1667 pueri
691 1587 1020 1649 rhetoribus
1056 1588 1438 1649 traderentur.
1507 1590 1671 1664 Quae
1716 1589 1945 1667 quidem
1976 1591 2158 1650 omitti
2190 1593 2301 1650 iam

299 1671 495 1747 video,
518 1670 735 1730 desidia
762 1672 1118 1750 quorundam
1142 1682 1200 1732 et
1224 1673 1490 1741 infantia;
1515 1690 1629 1733 non
1654 1675 1803 1732 enim
1827 1673 2058 1733 fastidio
2083 1683 2295 1751 putem.

298 1755 393 1815 Me
420 1754 648 1833 quidem
672 1754 1141 1834 adolescentulo,
1174 1765 1382 1835 repeto
1410 1756 1691 1836 quendam
1715 1756 2043 1836 Principem
2066 1759 2296 1818 nomine

299 1840 537 1899 alternis
568 1837 768 1898 diebus
800 1839 1162 1917 declamare,
1195 1841 1435 1901 alternis
1466 1841 1759 1921 disputare
1778 1886 1795 1916 ,
1830 1841 2120 1901 nonnullis
2146 1859 2290 1902 vero

229 1933 280 1975 ²⁰
298 1940 466 1984 mane
513 1922 840 2003 disserere,
905 1933 1043 2004 post
1086 1924 1384 1985 meridiem
1427 1934 1652 1986 remoto
1693 1925 1917 2005 pulpito
1969 1924 2298 1986 declamare

299 2007 543 2068 solitum
591 2008 910 2070 Audiebam
944 2010 1146 2086 etiam,
1181 2012 1455 2069 memoria
1482 2019 1703 2090 patrum
1735 2009 2013 2088 quosdam
2046 2028 2080 2069 e
2110 2028 2296 2087 gram-

296 2094 487 2162 matici
513 2094 700 2153 statim
733 2092 867 2154 ludo
899 2094 1175 2154 transisse
1208 2096 1266 2153 in
1298 2094 1485 2154 forum
1521 2102 1691 2173 atque
1722 2095 1777 2152 in
1808 2111 2101 2153 numerum
2130 2112 2295 2172 prae-

296 2177 769 2237 stantissimorum
799 2186 1169 2258 patronorum
1204 2186 1503 2257 receptos.

429 2257 586 2321 Clari
626 2261 998 2339 professores
1042 2271 1099 2322 et
1130 2262 1202 2322 de
1230 2261 1437 2341 quibus
1472 2259 1638 2368 prodi
1682 2262 1869 2339 possit
1905 2259 2122 2340 aliquid
2166 2259 2295 2319 dum

224 2362 278 2401 25
298 2352 456 2403 taxat
483 2361 517 2403 a
547 2344 746 2421 nobie,
778 2345 905 2405 fere
933 2346 991 2406 hi
1016 2346 1267 2406 fuerunt

416 2426 625 2488 Sevius
646 2427 901 2489 Nicanor
928 2432 1142 2508 primus
1165 2428 1237 2490 ad
1260 2429 1469 2489 famam
1494 2428 2001 2506 dignationemque
2025 2425 2292 2487 docendo
2319 2447 2353 2497 5

300 2513 597 2591 pervenit,
624 2512 881 2590 fecitque
906 2521 1142 2591 praeter
1167 2514 1612 2573 commentarios
1629 2556 1646 2587 ,
1676 2528 1915 2590 quorum
1938 2520 2127 2571 tamen
2156 2529 2293 2589 pars

300 2597 543 2655 maxima
565 2597 891 2675 intercepta
913 2596 1142 2674 dicitur,
1192 2606 1512 2672 satyram
1545 2613 1812 2674 quoque,
1844 2596 1901 2653 iu
1925 2612 2035 2673 qua
2076 2594 2294 2655 liberti·

301 2696 434 2738 num
464 2697 528 2738 se
570 2697 640 2739 ac
672 2678 889 2758 duplici
922 2682 1264 2759 cognomine
1298 2699 1430 2741 esse
1470 2697 1575 2760 per
1606 2679 1754 2738 haec
1784 2677 2025 2739 indicat:

226 2776 283 2818 3ο
634 2766 826 2826 Sevius
851 2768 1100 2825 Nicanor
1125 2769 1318 2825 Marci
1340 2769 1562 2824 libertus
1590 2767 1838 2839 negabit.-

287 2876 292 2881 ·
633 2851 826 2910 Sevius
844 2849 984 2927 post
1000 2854 1160 2910 huius
1183 2845 1214 2885 *
1244 2854 1389 2909 idem
1419 2867 1486 2907 ac
1515 2850 1753 2907 Marcus
1783 2850 2003 2907 docebit.

301 2933 445 2992 Sunt
485 2933 580 3012 qui
630 2931 889 3009 tradant,
934 2932 1009 2993 ob
1047 2932 1332 2993 infamiam
1376 2930 1660 3011 quandam
1703 2949 1829 2991 eum
1875 2931 1932 2988 in
1973 2929 2293 2992 Sardiniam

300 3018 625 3078 secessisse
655 3016 850 3097 ibique
878 3017 1029 3077 diem
1060 3017 1276 3077 obisse.

425 3099 699 3161 Aurelius
742 3100 999 3181 Opilius,
1054 3101 1333 3181 Epicurei
1374 3098 1665 3161 cuiusdam
1708 3098 1980 3175 libertus,
2030 3099 2289 3179 philoso-
2314 3116 2348 3171 6

228 3184 494 3265 asphiam
544 3186 765 3265 primo,
825 3184 1033 3246 deinde
1071 3186 1454 3261 rhetoricam,
1501 3184 1818 3243 novissime
1859 3186 2289 3261 grammaticam

301 3268 513 3346 docuit.
577 3269 824 3330 Dimissa
852 3278 1039 3330 autem
1068 3269 1302 3347 schola,
1341 3267 1613 3330 Rutilium
1646 3267 1853 3327 Rufum
1885 3267 2203 3326 damnatum
2235 3267 2290 3324 in

191 3396 200 3402 -
301 3352 498 3413 Asiam
527 3363 792 3431 secutus,
836 3353 1047 3415 ibidem
1078 3354 1359 3430 Smyrnae
1380 3351 1546 3413 simul
1580 3353 1911 3429 consenuit,
1944 3348 2289 3427 composuit-

304 3453 416 3514 que
451 3438 647 3499 variae
693 3438 1026 3500 eruditionis
1073 3438 1293 3517 aliquot
1334 3436 1656 3513 volumina,
1700 3452 1778 3495 ex
1818 3434 2038 3577 quibus
2073 3446 2287 3490 novem

1856 3521 1893 3575 7
1923 3522 1951 3559 *
