2553 3960
364 199 484 258 174
528 184 606 257 'c.
640 209 942 259 smc‘rom
972 193 1226 270 TRANQ.
1260 211 1357 257 m:
1387 210 1553 258 vrrA
1587 208 1955 258 CAESARUM
1983 209 2122 257 Lm.
2148 210 2245 258 vr.

294 377 330 433 9
489 364 669 426 Orsus
698 366 832 425 hinc
864 383 897 425 a
939 365 1174 445 pietatis
1220 366 1640 443 ostentatione,
1705 363 2002 425 Claudium
2037 366 2359 445 apparatis-

360 452 503 512 simo
535 451 738 510 funere
784 449 993 510 elatum
1036 447 1289 509 laudavit
1328 457 1386 509 et
1432 454 1815 510 consecravit.
1892 449 2208 510 Memoriae
2238 448 2357 510 Do·

357 535 497 595 mitii
532 535 715 613 patris
742 532 1000 594 honores
1028 533 1309 593 maximos
1344 532 1562 593 habuit.
1606 532 1775 594 Matri
1804 551 2077 593 summam
2110 534 2360 595 omnium

356 637 547 680 rerum
582 620 926 697 privatarum
958 616 1433 697 publicarumque
1474 618 1755 697 permisit.
1829 617 2019 678 Primo
2054 620 2224 678 etiam
2257 618 2357 678 im-

358 704 506 783 perii
540 700 632 762 die
666 704 888 780 signum
924 700 1232 762 excubanti
1268 700 1497 761 tribuno
1539 699 1696 762 dedit
1740 698 2048 779 Optimam
2074 708 2351 779 matrem,
2380 719 2409 760 s

358 806 428 848 ac
460 786 741 865 deinceps
770 786 1026 846 eiusdem
1059 802 1240 863 saepe
1269 784 1484 845 lectica
1513 803 1622 864 per
1646 785 1937 865 publicum
1962 785 2128 846 simul
2154 795 2359 846 vectus

357 881 464 932 est.
534 870 767 931 Antium
817 870 1105 931 coloniam
1150 868 1415 946 deduxit,
1469 871 1739 949 ascriptis
1784 871 2077 930 veteranis
2112 889 2145 930 e
2192 888 2357 949 prae-

354 957 509 1016 torio
545 954 866 1035 additisque
899 973 1020 1034 per.
1050 952 1326 1013 domicilii
1361 954 1793 1014 translationem
1836 953 2128 1014 ditissimis
2167 954 2357 1033 primi·

358 1040 653 1119 pilarium3
686 1038 783 1098 ubi
815 1048 873 1098 et
907 1047 1136 1117 portum
1167 1038 1370 1115 operis
1399 1038 1878 1115 sumptuosissimi
1909 1039 2069 1098 fecit.

271 1133 341 1187 10
483 1121 675 1203 Atque
701 1130 763 1182 ut
785 1124 1094 1182 certiorem
1118 1120 1304 1181 adhuc
1328 1118 1578 1181 indolem
1603 1120 1969 1199 ostenderet,
1994 1139 2075 1181 cx
2095 1118 2362 1201 Anqusti
2378 1137 2426 1179 m

350 1206 751 1286 praescripto
793 1205 1198 1284 imperaturum
1243 1223 1309 1264 se
1365 1205 1698 1283 professus,
1752 1223 1944 1285 neque
1996 1205 2359 1267 liberalitatis

353 1308 544 1371 neque
578 1288 953 1366 clementiae,
987 1307 1060 1349 ne
1095 1290 1380 1349 comitatis
1412 1287 1640 1369 quidem
1672 1288 2033 1350 exhibendae
2062 1288 2236 1350 ullam
2261 1307 2359 1351 oc·

356 1376 647 1436 casionem
680 1374 889 1433 omisit.
951 1372 1229 1434 Graviora
1260 1374 1578 1451 vectigalia
1606 1382 1700 1434 aut
1731 1373 1990 1434 abolevit
2016 1383 2111 1434 aut
2139 1374 2355 1434 minuit.

353 1459 609 1521 Praemia
642 1458 962 1519 delatorum
993 1457 1209 1536 Papiae
1242 1457 1396 1535 legis
1426 1457 1497 1517 ad
1528 1466 1763 1538 quartas
1792 1458 2040 1536 redegit.
2140 1456 2357 1518 Divisis

354 1543 576 1623 populo
615 1543 823 1603 viritim
861 1542 1272 1622 quadringenis
1307 1543 1579 1619 nummiS,
1625 1551 1952 1602 senatorum
1995 1541 2428 1603 nobilissimum

355 1630 596 1707 cuique,
651 1625 755 1687 sed
789 1645 820 1687 a
844 1644 909 1686 re
945 1624 1210 1686 familiari
1242 1624 1517 1686 destituto
1546 1644 1730 1686 annua
1761 1626 2003 1703 salaria,
2036 1635 2096 1686 et
2128 1625 2357 1705 quibus·

354 1712 482 1772 dam
518 1712 840 1791 quingena,
893 1710 1215 1786 constituit,
1259 1710 1395 1769 item
1441 1710 1824 1788 praetorianis
1866 1710 2203 1771 cohortibus
2240 1710 2356 1770 fru-

351 1804 600 1855 mentum
644 1803 992 1854 menstruum
1035 1794 1362 1871 gratuitum.
1450 1793 1527 1853 Et
1565 1812 1692 1853 cum
1724 1792 1796 1854 de
1845 1793 2135 1873 supplicio
2170 1796 2356 1854 cuius-

353 1880 481 1939 dam
519 1880 710 1957 capite
753 1877 997 1939 damnati
1040 1886 1096 1937 ut
1139 1896 1216 1937 ex
1254 1895 1418 1938 more
1471 1876 1868 1938 subscriberet
1918 1878 2354 1938 admoneretur:

355 1961 554 2038 Quam
594 1961 844 2040 vellem,
884 1962 1094 2042 inquit,
1129 1961 1373 2023 nescire
1400 1961 1681 2023 litteras!
1728 1959 1922 2022 Omnis
1956 1961 2192 2023 ordines
2222 1960 2357 2022 sub·
2374 1982 2426 2023 πο

353 2046 486 2107 inde
531 2066 601 2107 ac
646 2048 976 2106 memoriter
1006 2045 1295 2106 salutavit.
1354 2046 1572 2123 Agenti
1605 2048 1829 2106 senatui
1858 2049 2076 2124 gratias
2112 2063 2357 2126 respon-

353 2132 466 2191 dit:
520 2128 671 2191 Cum
710 2147 1014 2190 meruero.
1074 2128 1168 2189 Ad
1214 2139 1574 2209 campestres
1609 2131 2060 2191 exercitationes
2091 2149 2225 2190 suas
2260 2129 2358 2190 ad-

350 2215 502 2274 misit
534 2222 592 2273 et
623 2213 889 2292 plebem,
936 2212 1396 2293 declamavitque
1433 2216 1668 2293 saepius
1701 2213 1964 2292 publice:
2001 2215 2271 2275 recitavit
2301 2222 2363 2274 et

352 2300 638 2374 carmina,
671 2316 786 2358 non
817 2298 988 2358 modo
1024 2297 1174 2357 domi
1204 2297 1310 2358 sed
1355 2306 1414 2357 et
1457 2299 1513 2357 in
1561 2298 1821 2374 theatro,
1869 2306 2025 2358 tanta
2056 2299 2357 2358 universo-

350 2400 472 2441 rum
496 2380 713 2442 laetitia
731 2426 748 2458 ,
781 2391 838 2442 ut
862 2382 938 2442 ob
969 2383 1368 2443 recitationem
1398 2381 1748 2460 supplicatio
1774 2381 2011 2443 decreta
2035 2383 2137 2460 sit,
2166 2398 2358 2461 eaque
2376 2400 2432 2442 25

350 2485 488 2546 pars
522 2466 832 2525 carminum
864 2467 1056 2526 aureis
1092 2465 1301 2526 litteris
1331 2465 1459 2527 Iovi
1491 2464 1820 2545 Capitolino
1853 2465 2059 2526 dicata.

265 2558 330 2611 11
477 2549 957 2629 Spectaculorum
987 2551 1231 2629 plurima
1265 2560 1322 2611 et
1350 2552 1508 2610 varia
1540 2568 1759 2627 genera
1792 2549 1995 2611 edidit:
2033 2550 2358 2627 iuvenales,

351 2635 682 2711 circenseS,
729 2637 998 2696 scenicos
1034 2634 1236 2712 ludos,
1281 2634 1685 2711 gladiatorium
1711 2653 1930 2694 munus,
1984 2631 2358 2693 Iuvenalibus

348 2737 523 2779 senes
552 2736 784 2799 quoque
818 2719 1158 2779 consulares
1191 2736 1448 2798 anusque
1471 2727 1764 2779 matronas
1794 2719 2021 2798 recepit
2046 2715 2118 2778 ad
2148 2716 2357 2777 lusum.

349 2801 723 2863 Circensibus
759 2801 895 2863 loca
928 2803 1107 2882 equiti
1136 2811 1366 2862 secreta
1395 2820 1428 2861 a
1461 2802 1674 2862 ceteris
1709 2802 1922 2879 tribuit,
1957 2803 2429 2880 commisitqueso

349 2888 517 2947 etiam
553 2885 902 2947 camelorum
939 2886 1271 2966 quadrigas.
1344 2884 1538 2962 Ludis,
1571 2903 1721 2965 quos
1753 2904 1864 2966 pro
1890 2886 2231 2947 aeternitate
2256 2887 2356 2943 im-

346 2971 496 3050 perii
520 2979 831 3049 susceptos
855 2970 1144 3049 appellari
1175 2989 1229 3030 m
1247 2970 1431 3030 axim
1448 2987 1482 3029 o
1500 2987 1529 3029 s
1552 2970 1756 3048 voluit,
1784 2989 1859 3029 ex
1883 2979 2127 3050 utroque
2154 2966 2358 3028 ordine

348 3062 406 3113 et
461 3073 606 3115 sexu
664 3054 931 3135 plerique
983 3053 1238 3114 ludicras
1302 3062 1500 3132 partes
1555 3056 1970 3123 sustinuerunt:
2026 3052 2359 3113 notissimus

349 3154 531 3215 eques
556 3139 628 3198 R.
664 3139 982 3219 elephanto
1017 3138 1394 3218 supersidens
1426 3155 1535 3216 per
1566 3138 1954 3199 catadromum
1997 3136 2355 3205 decucurrit:

347 3218 576 3278 inducta
606 3219 809 3281 Afrani
849 3230 1071 3299 togata,
1104 3239 1252 3302 quae
1285 3220 1718 3281 Incendium
1740 3221 2087 3298 inscribitur,
2113 3237 2356 3281 conces·
2376 3237 2430 3278 35

348 3318 587 3379 sumque
620 3310 682 3361 ut
711 3306 965 3365 scaenici
1013 3305 1267 3365 ardentis
1318 3305 1519 3366 domus
1565 3305 1995 3384 supellectilem
2037 3303 2360 3383 diriperent

348 3401 416 3443 ac
462 3383 572 3441 sibi
611 3383 921 3458 haberent:
954 3406 1161 3467 sparsa
1209 3398 1266 3449 et
1310 3389 1531 3468 populo
1580 3390 1825 3450 missilia
1870 3389 2114 3451 omnium
2159 3404 2360 3447 rerum

343 3483 454 3541 per
482 3483 683 3525 omnes
719 3466 875 3530 dies:
903 3473 1130 3550 singula
1156 3471 1369 3534 cotidie
1388 3472 1558 3533 milia
1583 3476 1770 3534 avium
1797 3474 2071 3553 cuiusque
2094 3471 2357 3549 generis,
