2553 3960
522 225 565 275 (ζ’
1185 225 1602 274 PRAEFATIO.

517 394 583 447 31
631 388 908 443 maximus
940 377 956 467 Ι
987 388 1100 461 filio
1144 391 1412 459 parentes
1452 392 1678 458 coynato
1717 376 1729 465 Ι
1766 390 1835 444 32
1888 391 1939 439 et
1976 385 2252 441 ludricum

518 478 589 531 33
615 471 883 527 ludricum
915 472 1066 544 quod

642 560 774 627 316,
819 562 850 613 1
903 557 1130 611 alterius
1167 560 1228 610 ut
1268 555 1457 610 melice
1497 559 1555 608 at
1589 568 1781 609 casum
1817 554 2085 609 miserari
2113 557 2320 609 tantum

519 638 781 710 affectum
808 639 1033 694 insontis
1058 639 1297 694 amicitia
1334 634 1345 709 Ι
1381 644 1415 696 2
1437 636 1668 693 mutilati
1692 653 1890 693 versus
1911 637 2086 707 Verg.
2115 638 2308 708 Georg

524 730 570 787 1,
601 726 705 782 466
735 727 789 777 et
816 726 883 780 41
934 720 946 791 Ι
992 730 1027 783 3
1054 737 1195 794 opus
1219 725 1272 777 si
1294 723 1468 793 ipsius
1502 713 1514 800 Ι
1552 729 1584 780 5
1620 720 1819 792 futura
1838 722 2113 792 prospicit
2141 720 2327 777 Isido-

521 806 692 861 dorus
731 806 961 863 Arevali
1010 801 1020 883 Ι
1071 811 1139 864 12
1176 821 1350 878 opera
1401 798 1412 883 Ι
1461 813 1525 865 15
1553 804 1742 859 alterio
1790 795 1803 883 Ι
1855 810 1919 865 19
1948 806 2267 875 quantitatis
2312 797 2325 883 Ι

519 896 585 948 21
619 889 885 945 hominem
915 890 1130 962 quidem
1167 883 1177 967 Ι
1214 895 1285 950 23
1328 892 1499 944 noctis
1535 893 1596 944 ut
1624 890 1861 944 interdiu
1890 889 1998 943 diei
2024 889 2272 944 Bondam
2310 892 2323 955 Ι

517 978 585 1032 25
636 976 872 1029 omniam
919 976 1173 1030 noticiam
1210 966 1221 1053 Ι
1256 979 1327 1034 26
1375 974 1572 1045 aliquis
1606 974 1708 1027 scit
1742 964 1753 1049 Ι
1790 978 1859 1032 29
1890 970 2163 1045 Nefarius
2212 979 2265 1027 et
2308 965 2322 1049 Ι

516 1061 586 1115 34
627 1063 681 1111 et
715 1058 854 1112 oliva
893 1062 946 1113 et
986 1060 1149 1114 olium
1189 1064 1242 1113 et
1279 1054 1420 1114 vol'a
1471 1056 1698 1129 fructus
1733 1048 1744 1134 Ι
1781 1063 1848 1117 35
1892 1058 2137 1112 olivetum
2177 1057 2326 1111 unde

513 1140 708 1195 olivum
741 1142 1000 1212 liquorem
1025 1143 1310 1214 appellant
1326 1146 1388 1197 ut
1412 1146 1770 1213 querquetum
1784 1145 2099 1213 prynetum.
2132 1154 2322 1195 verum

639 1228 742 1283 317
757 1262 775 1293 ,
837 1230 874 1283 3
927 1230 1087 1280 ovata
1136 1231 1235 1280 aut
1274 1239 1446 1295 super
1483 1239 1717 1296 aequum
1768 1217 1780 1302 Ι
1827 1229 1860 1284 7
1919 1240 2082 1296 quam
2128 1226 2246 1278 oris
2307 1215 2317 1300 Ι

513 1314 550 1367 8
593 1311 869 1378 precatur
908 1314 1005 1363 aut
1039 1300 1050 1387 Ι
1099 1313 1168 1366 14
1204 1310 1349 1364 oculi
1379 1306 1391 1383 Ι
1429 1315 1496 1368 15
1531 1309 1800 1363 interdum
1839 1307 2092 1363 tenebrae
2127 1323 2248 1362 nox
2306 1312 2319 1375 Ι

516 1398 582 1451 16
610 1390 935 1462 corporibus
959 1393 1018 1447 in
1047 1393 1198 1447 caelo
1218 1394 1555 1464 conspicitur
1578 1402 1638 1446 ut
1665 1399 1897 1447 comeete
1933 1382 1945 1469 Ι
1983 1395 2047 1450 17
2081 1393 2318 1463 coynitu.

516 1476 760 1530 fortasse
782 1475 999 1531 modum
1023 1482 1262 1532 naturae
1293 1478 1539 1548 coqnitae
1575 1469 1585 1552 Ι
1623 1477 1901 1549 eyreditur
1931 1489 2164 1545 serpens
2194 1490 2318 1529 cum

505 1558 740 1630 pedibus
781 1557 1036 1615 aut'cum
1073 1551 1084 1635 Ι
1121 1566 1190 1620 23
1230 1575 1476 1631 peccora
1529 1558 1619 1614 his
1658 1554 1667 1636 Ι
1716 1566 1783 1619 29
1826 1574 1962 1614 vasa
2016 1558 2171 1615 Hand
2211 1573 2318 1631 pro

513 1642 709 1698 bacha.
794 1641 911 1698 Alii
949 1643 1083 1699 libri
1127 1660 1303 1717 vaqa,
1341 1660 1545 1708 vacua,
1586 1645 1741 1715 virya
1772 1644 1978 1699 habent
2013 1634 2024 1720 Ι
2059 1649 2131 1702 30
2156 1659 2315 1697 ama-2

512 1727 620 1782 leta
657 1720 667 1804 Ι
703 1732 771 1787 35
801 1728 1051 1783 dominus
1075 1730 1352 1800 proprius
1391 1732 1473 1783 est
1512 1727 1661 1782 locus
1699 1720 1711 1805 Ι
1745 1733 1810 1787 37
1838 1728 2107 1797 spicatar-

630 1816 766 1881 318,
801 1816 835 1867 2
877 1810 1072 1867 dubiae
1113 1814 1200 1866 rei
1225 1813 1502 1883 prospicit
1538 1810 1770 1883 fordmd
1812 1811 2080 1882 spicatur.
2166 1810 2316 1865 Pro·

511 1893 718 1949 biberet
751 1890 762 1969 Ι
798 1898 835 1951 4
850 1910 1030 1965 porro
1062 1895 1248 1950 iubere
1286 1886 1297 1974 Ι
1333 1902 1369 1955 8
1399 1895 1641 1952 fortasse
1668 1895 1952 1950 obesorum
1978 1893 2255 1949 hominum
2305 1885 2316 1971 Ι

511 1984 579 2035 12
619 1984 671 2034 et
717 1979 904 2050 reyale
941 1971 951 2056 Ι
989 1985 1059 2038 14
1102 1980 1464 2052 relinquimur
1498 1972 1510 2058 Ι
1550 1985 1616 2038 16
1666 1980 1893 2035 dicimus
1929 1978 2048 2034 olea
2090 1976 2318 2049 fructus

508 2068 591 2117 est
616 2062 756 2119 oliva
786 2062 959 2118 arbor
985 2065 1265 2120 multitudo
1296 2064 1494 2119 dicitur
1522 2064 1767 2133 relictos,
1801 2062 1907 2118 cfr.
1937 2079 1992 2135 p.
2022 2067 2126 2122 316
2144 2103 2162 2131 ‚
2194 2067 2266 2120 34
2300 2054 2312 2139 Ι

508 2151 578 2205 18
610 2145 925 2202 Recidivum
964 2152 1015 2201 et
1046 2147 1368 2204 Redivivum
1416 2147 1547 2203 olim
1592 2146 1697 2202 fuit
1732 2139 1745 2226 Ι
1780 2165 1814 2203 v
1853 2148 2021 2201 literis
2059 2139 2069 2220 Ι
2105 2151 2175 2203 20
2218 2145 2313 2199 de·

504 2227 729 2300 fructi‘s.
765 2230 1093 2286 Addendum
1109 2238 1360 2303 paratur
1396 2222 1409 2310 Ι
1444 2236 1719 2291 27servus
1748 2236 1801 2287 et
1829 2233 2020 2302 iasper
2054 2222 2068 2308 Ι
2104 2235 2171 2288 29
2191 2242 2314 2283 sce·

509 2312 717 2368 leratus
744 2318 924 2369 autem
953 2320 1036 2368 est
1059 2329 1160 2370 suo
1196 2306 1209 2393 Ι
1255 2321 1322 2375 31
1354 2314 1580 2387 infamis
1609 2321 1789 2370 autem
1820 2328 2056 2368 scerum.

635 2402 738 2456 319
753 2439 767 2464 ,
801 2404 830 2454 1
862 2398 1189 2453 dissimilare
1224 2396 1235 2477 Ι
1273 2398 1654 2454 dissimilamus
1689 2390 1701 2475 Ι
1737 2402 1769 2458 7
1799 2396 2089 2452 cruhorem
2126 2389 2138 2474 Ι
2174 2402 2210 2456 8
2236 2401 2317 2451 est

508 2494 570 2535 eo
603 2480 751 2551 quod
781 2472 794 2558 Ι
831 2484 901 2538 14
924 2482 1014 2536 ine
1051 2482 1245 2537 ceteris
1283 2478 1293 2559 Ι
1333 2490 1397 2542 15
1426 2483 1665 2553 inopiam
1696 2483 1983 2536 multorum
2016 2481 2076 2535 id
2109 2473 2119 2556 Ι
2159 2485 2226 2540 16
2254 2481 2312 2534 in

505 2577 700 2618 sensus
736 2555 746 2642 Ι
786 2570 852 2624 19
881 2564 1248 2620 substractum
1293 2558 1306 2645 Ι
1351 2567 1630 2621 immineat
1664 2557 1674 2642 Ι
1712 2571 1783 2624 20
1817 2566 1997 2620 simitu
2033 2563 2310 2620 Arevalua

507 2663 611 2720 pro
643 2648 913 2702 similitum
948 2641 962 2725 Ι
998 2654 1064 2705 21
1099 2650 1371 2704 similitum
1402 2651 1508 2704 loci
1540 2641 1552 2726 Ι
1586 2654 1656 2706 22
1686 2654 1965 2722 tamquam
1991 2650 2262 2703 similitum
2296 2639 2307 2722 Ι

506 2736 577 2788 24
599 2736 931 2787 monstrator
951 2734 1235 2804 sanquinis
1271 2727 1281 2808 Ι
1318 2739 1385 2792 25
1408 2734 1505 2804 qui
1517 2734 1664 2806 quod
1685 2733 1812 2788 dicit
1844 2724 1856 2811 Ι
1893 2739 1961 2792 29
1982 2733 2266 2787 voluntatis
2296 2731 2307 2795 Ι

507 2821 575 2874 30
601 2819 822 2886 teryora
846 2843 919 2855 -
942 2814 1172 2870 hominis
1211 2816 1411 2872 absunt
1442 2817 1510 2872 ab
1544 2818 1868 2890 apographo
1905 2814 2264 2872 Dflbneriano
2296 2803 2307 2890 Ι

506 2904 571 2958 31
606 2902 657 2951 et
682 2903 835 2969 terya
868 2900 1122 2954 animalis
1160 2891 1169 2977 Ι
1206 2906 1279 2959 33
1302 2900 1438 2955 Tum
1471 2906 1525 2954 et
1542 2905 1654 2958 tur.
1686 2908 1801 2954 tum
1826 2901 2035 2954 ordinis
2060 2896 2239 2971 siqu-if
2252 2893 2308 2953 ’c‘

506 2982 762 3052 temporis
798 2975 809 3058 Ι
846 2986 912 3041 37
944 2999 980 3037 a
1007 2981 1099 3038 nb'
1127 2985 1444 3054 accipimus.

629 3071 766 3136 320,
796 3071 829 3124 6
859 3067 1027 3121 vades
1057 3068 1154 3138 qui
1181 3081 1282 3122 vas
1308 3068 1487 3139 ipsum
1510 3074 1606 3123 aut
1630 3068 1767 3122 aliut
1800 3059 1810 3144 Ι
1847 3073 1883 3126 8
1902 3066 2147 3138 praedes
2172 3067 2270 3137 qui
2294 3058 2305 3142 Ι

490 3151 786 3221 praesenti
810 3150 883 3204 du
912 3155 965 3205 et
987 3150 1129 3204 idem
1161 3150 1258 3204 dat
1291 3149 1301 3222 Ι
1342 3157 1408 3209 12
1440 3151 1682 3208 umidum
1708 3155 1938 3221 ponitur
1966 3149 2230 3221 infectum
2258 3157 2311 3204 et

500 3235 776 3290 madidum
816 3225 828 3310 Ι
869 3239 936 3292 13
979 3251 1014 3288 a
1065 3234 1299 3289 medium
1336 3226 1348 3311 Ι
1387 3239 1451 3294 17
1505 3235 1599 3291 Vis
1640 3236 1787 3292 vires
1822 3226 1833 3312 Ι
1870 3239 1936 3293 21
1982 3233 2222 3296 Verecor
2258 3239 2308 3288 e'i

498 3331 790 3375 reverecor
831 3316 921 3371 his
958 3313 972 3393 Ι
1007 3322 1077 3377 23
1106 3318 1286 3391 playa
1322 3310 1334 3397 Ι
1368 3320 1503 3374 exiit
1536 3319 1545 3388 1
1583 3324 1651 3378 25
1679 3319 1855 3391 playa
1889 3309 1902 3396 Ι
1938 3322 2005 3377 27
2045 3316 2304 3388 Volupta-

499 3407 604 3455 tem
643 3406 696 3455 et
723 3401 1087 3471 volupitatem.
1130 3403 1393 3458 volumtas
1426 3394 1443 3480 Ι
1477 3408 1546 3462 30
1578 3401 1724 3475 quod
1760 3400 2043 3458 virtutibus
2080 3401 2252 3456 modis
2290 3392 2304 3475 Ι

495 3489 565 3543 32
593 3483 868 3556 differtur.
