2553 3960
959 216 1168 265 DIVUS
1208 216 1589 266 AUGUSTUS.
2199 214 2281 275 45

254 380 388 450 cta,
434 373 576 432 utin
602 389 753 433 nave
799 371 989 430 victor
1027 373 1481 449 pernoctaverit.
1546 372 1641 432 Ab
1672 371 1845 434 Actio
1890 393 2017 435 cum
2053 378 2279 440 Samum

253 458 320 516 in
347 455 595 517 hiberna
626 474 693 517 se
725 457 1092 534 recepisset,
1139 454 1642 516 turbatusnuntiis
1673 457 1747 518 de
1790 458 2073 520 seditione
2104 480 2275 541 prae·

255 542 377 600 mia
411 550 470 600 et
499 542 835 601 missionem
865 542 1261 617 poscentium,
1312 557 1459 619 quos
1500 558 1574 602 ex
1606 544 1759 602 omni
1798 560 2034 604 numero
2078 549 2283 608 confe—

258 634 359 685 cta
408 627 655 685 victoria
691 622 1052 684 Brundisium
1086 626 1500 703 praemiserat,
1536 628 1787 705 repetita
1814 625 2013 705 Italia,
2059 639 2282 710 tempe-

207 727 236 766 ε
260 717 416 769 state
459 712 518 769 in
562 712 808 770 traiectu
852 705 942 767 bis
1000 708 1364 769 conflictatus
1417 711 1635 789 (primo
1681 712 1833 771 inter
1882 717 2278 791 promunturia

260 793 662 871 Peloponnesi
693 802 864 872 atque
889 792 1197 869 Aetoliae,
1243 811 1444 853 rursus
1488 796 1646 856 circa
1675 804 1902 856 montes
1935 794 2275 877 Ceraunios,

261 876 574 957 utrubique
614 886 786 958 parte
830 876 1242 937 liburnicarum
1289 877 1585 957 demersa,
1644 879 1809 940 simul
1848 882 2006 959 eius,
2066 883 2123 941 in
2166 902 2276 964 qua

259 960 626 1038 vehebatur,
672 961 816 1027 fusis
864 963 1230 1022 armamentis
1271 971 1333 1021 et
1373 961 1774 1041 gubernaculo
1821 963 2121 1044 diffracto)
2165 985 2277 1027 nec

261 1045 514 1125 amplius
548 1064 718 1126 quam
739 1053 970 1125 septem
1006 1054 1065 1105 et
1093 1048 1299 1123 viginti
1329 1045 1473 1124 dies,
1505 1046 1692 1108 donec
1723 1047 2012 1111 desideria
2039 1050 2276 1111 militum

184 1150 239 1193 ιο
264 1129 707 1208 ordinarentur,
750 1129 1037 1189 Brundisii
1089 1139 1510 1209 commoratus,
1572 1131 1750 1193 Asiae
1794 1134 2116 1215 Syriaeque
2162 1139 2272 1196 cir-

259 1216 419 1275 cuitu
450 1215 788 1294 Aegyptum
820 1216 969 1294 petit
995 1212 1357 1295 obsessaque
1389 1215 1797 1295 Alexandrea,
1842 1236 1956 1296 quo
1987 1218 2273 1280 Antonius

258 1317 391 1359 cum
427 1297 749 1379 Cleopatra
787 1299 1170 1376 confugerat,
1209 1299 1377 1360 brevi
1421 1303 1639 1379 potitus
1679 1312 1788 1362 est.
1855 1301 1933 1362 Et
1964 1303 2274 1364 Antonium

259 1382 528 1464 quidem,
568 1401 733 1444 seras
765 1382 1129 1444 conditiones
1154 1387 1319 1462 pacis
1351 1393 1744 1463 temptantem,
1777 1386 1847 1447 ad
1876 1397 2119 1448 mortem
2139 1388 2272 1449 ade-

258 1469 348 1547 git
382 1467 641 1549 viditque
668 1476 971 1528 mortuum.
1043 1466 1433 1548 Cleopatrae,
1467 1487 1635 1548 quam
1665 1480 1955 1532 servatam
1984 1472 2272 1552 triumpho

187 1575 238 1616 ιε
259 1570 626 1632 magnopere
673 1552 979 1631 cupiebat,
1037 1554 1211 1612 etiam
1252 1553 1481 1631 psyllos
1527 1553 1807 1631 admovit,
1853 1558 1949 1634 qui
1989 1574 2272 1616 venenum

259 1656 331 1698 ac
374 1639 533 1697 virus
578 1645 937 1715 exugerent,
993 1636 1147 1716 quod
1190 1640 1420 1718 perisse
1462 1654 1658 1697 morsu
1692 1638 1909 1717 aspidis
1944 1638 2269 1717 putabatur.

258 1720 562 1783 Ambobus
596 1738 956 1781 communem
988 1721 1326 1800 sepulturae
1365 1720 1647 1781 honorem
1675 1721 1871 1782 tribuit
1900 1741 1969 1782 ac
1999 1723 2271 1784 tumulum

261 1804 333 1868 ab
376 1807 523 1886 ipsis
566 1805 895 1866 inchoatum
936 1806 1143 1884 perlici
1173 1808 1357 1866 iussit.
1430 1805 1740 1866 Antonium
1768 1808 2064 1884 iuvenem,
2096 1810 2270 1868 maio·

260 1908 383 1952 rem
411 1889 484 1950 de
534 1889 757 1951 duobus
799 1888 1003 1950 Fulvia
1034 1891 1279 1968 genitis,
1326 1890 1633 1951 simulacro
1664 1891 1797 1951 Divi
1838 1889 1978 1969 Iuli,
2016 1893 2087 1953 ad
2118 1892 2271 1973 quod

186 2001 241 2042 20
264 1985 399 2057 post
434 1975 641 2036 multas
673 1984 732 2036 et
762 1976 955 2035 irritas
984 1993 1198 2054 preces
1230 1976 1595 2053 confugerat,
1627 1975 1928 2057 abreptum
1959 1978 2266 2039 interemit.

257 2062 402 2122 Item
448 2059 895 2137 Caesarionem,
945 2076 1116 2138 quem
1146 2078 1222 2119 ex
1255 2058 1512 2121 caesare
1558 2059 1875 2140 Cleopatra
1920 2065 2269 2142 concepisse

257 2142 668 2226 praedicabat,
715 2152 1035 2206 retractum
1080 2161 1114 2203 e
1158 2143 1301 2222 fuga
1335 2145 1627 2224 supplicio
1673 2144 1906 2207 adfecit.
1986 2147 2269 2226 Reliquos

255 2230 495 2291 Antonii
534 2231 895 2308 reginaeque
924 2245 1256 2288 communes
1297 2229 1520 2289 liberos
1547 2247 1663 2290 non
1693 2248 1865 2291 secus
1901 2249 1969 2291 ac
2010 2233 2268 2292 necessi-

254 2313 453 2375 tudine
485 2316 712 2374 iunctos
730 2313 840 2374 sibi
870 2321 930 2372 et
958 2316 1332 2374 conservavit
1362 2322 1421 2373 et
1448 2330 1582 2374 mox
1598 2332 1706 2393 pro
1735 2315 2066 2376 conditione
2082 2318 2265 2376 cuius·

186 2422 239 2463 25
261 2416 373 2477 que
406 2399 671 2459 sustinuit
701 2416 771 2458 ac
809 2399 975 2458 fovit.
1033 2397 1148 2457 Per
1177 2397 1328 2458 idem
1372 2407 1597 2478 tempus
1635 2399 2015 2460 conditorium
2049 2409 2108 2460 et
2138 2417 2264 2460 cor·
2287 2409 2352 2462 18

258 2502 367 2563 pus
394 2482 592 2561 Magni
623 2480 979 2558 Alexandri,
1042 2500 1170 2541 cum
1202 2483 1488 2560 prolatum
1522 2501 1555 2542 e
1596 2484 1885 2563 penetrali
1921 2484 2267 2544 subiecisset

257 2565 476 2645 oculis,
509 2585 730 2627 corona
766 2584 943 2627 aurea
977 2567 1247 2645 imposita
1284 2586 1353 2627 ac
1384 2565 1625 2627 floribus
1664 2569 1923 2647 aspersis
1952 2577 2266 2628 veneratus

258 2660 380 2729 est,
428 2651 875 2731 consultusque,
919 2668 1051 2710 num
1092 2660 1152 2710 et
1174 2651 1571 2711 Ptolemaeum
1599 2652 1897 2730 inspicere
1926 2650 2135 2729 vellet,
2164 2670 2261 2711 re-

210 2754 221 2779 *
254 2753 389 2816 qem
415 2753 485 2796 se
511 2736 786 2798 voluisse
812 2738 891 2796 ait
916 2734 1152 2812 videre,
1183 2753 1310 2797 non
1334 2740 1633 2796 mortuos.
1684 2735 2020 2815 Aegyptum
2049 2736 2107 2793 in
2129 2753 2261 2814 pro·

191 2843 243 2884 so
264 2821 491 2881 vinciae
528 2820 771 2880 formam
803 2819 1099 2880 redactam
1125 2828 1186 2879 ut
1217 2820 1568 2881 feraciorem
1602 2819 2062 2900 habilioremque
2090 2837 2264 2879 anno-

259 2923 366 2965 nae
396 2892 637 2965 urbicae
666 2902 969 2981 redderet,
1006 2904 1200 2965 fossas
1231 2907 1449 2983 omnis,
1482 2906 1539 2964 in
1570 2923 1713 2985 quas
1744 2904 1912 2965 Nilus
1942 2913 2264 2980 exaestuat,

254 2988 562 3050 oblimatas
621 2989 800 3068 longa
835 2996 1128 3048 vetustate
1171 2988 1403 3050 militari
1444 3007 1629 3069 opere
1674 2989 1937 3050 detersit.
2019 2989 2265 3070 Quoque

257 3075 540 3134 Actiacae
568 3074 851 3134 victoriae
886 3075 1164 3133 memoria
1202 3073 1557 3134 celebratior
1586 3083 1646 3134 et
1671 3077 1729 3134 in
1759 3082 2055 3154 posterum
2080 3084 2261 3151 esset,

256 3157 455 3218 urbem
484 3157 816 3238 Nicopolim
857 3157 1009 3237 apud
1051 3157 1284 3218 Actium
1321 3158 1901 3238 condiditvludosque
1939 3158 2060 3219 illic
2103 3161 2260 3240 quin-

194 3263 241 3305 as
262 3242 577 3323 quennales
624 3244 920 3303 constituit
959 3251 1019 3302 et
1047 3242 1320 3322 ampliato
1355 3252 1561 3304 vetere
1589 3242 1883 3322 Apollinis
1928 3244 2147 3324 templo
2176 3244 2261 3303 lo·

259 3345 385 3387 cum
439 3336 795 3405 castrorum,
855 3327 1061 3407 quibus
1115 3326 1308 3388 fuerat
1350 3346 1516 3405 usus,
1580 3335 1917 3388 exornatum
1963 3326 2261 3388 navalibus

259 3412 461 3492 spoliis
490 3408 762 3492 Neptuno
794 3430 864 3473 ac
893 3412 1064 3473 Marti
1095 3413 1485 3472 consecravit.
2329 3454 2348 3467 ι
2461 3476 2466 3483 ,

380 3496 677 3557 Tumultus
710 3496 957 3576 posthac
995 3505 1054 3556 et
1081 3515 1274 3557 rerum
1307 3513 1585 3574 novarum
1620 3497 1778 3556 initia
1811 3493 2260 3555 coniurationes-
2281 3501 2345 3552 19
