2553 3960
515 259 616 306 Ln
1187 255 1587 304 PRAEFATIO
1596 285 1614 303 .

514 418 649 475 Nam
680 415 734 471 in
757 413 1176 474 Polentouianis
1213 413 1465 487 scriptis,
1498 430 1729 485 quorum
1763 415 1945 486 gratia
1980 413 2166 471 scelus
2193 413 2335 471 illud

517 499 865 559 commissum
898 515 1025 555 esse
1056 498 1265 568 fertur,
1300 498 1480 553 nullas
1514 498 1772 554 Suetonii
1806 498 2039 554 lacinias
2071 514 2136 553 ac
2167 498 2335 569 plane

516 585 665 641 nulla
707 590 955 640 veterum
1014 583 1348 654 scriptorum
1396 580 1640 651 vestigia
1691 581 1799 637 nisi
1843 583 2193 653 vulgatorum
2233 597 2333 635 ex-

517 675 666 725 stare
699 664 1101 724 demonstravit
1130 666 1341 721 Bitschl
1377 664 1433 720 in
1466 663 1731 735 Parergis
1762 664 2031 721 Plautinis
2057 671 2083 722 1
2119 681 2174 736 p.
2206 669 2334 723 632.

643 749 844 807 Omnes
889 750 1062 819 igitur
1110 748 1203 820 qui
1257 747 1615 803 inveniuntur
1651 748 1880 804 codices
1928 748 2136 805 novicii
2184 754 2335 816 sunt,

516 836 558 891 i.
598 852 648 890 e.
682 835 855 891 altera
884 838 1041 906 parte
1073 832 1286 887 saeculi
1317 830 1420 886 XV
1450 826 1733 906 scriptioe)
1764 838 1825 886 ut
1857 849 1991 888 sane
2026 831 2336 887 mirandum

514 920 591 975 sit
630 924 738 973 tam
771 916 928 973 brevi
977 921 1226 987 tempore
1270 921 1478 970 tantam
1520 915 1824 970 lectionum
1862 915 2244 971 diversitat.m
2275 913 2335 968 in

518 1001 790 1074 exemplis
845 1017 917 1055 ex
966 1015 1072 1054 uno
1128 997 1459 1070 propagatis
1516 998 1779 1055 subnasci
1820 997 2092 1070 potuisse.
2181 996 2338 1051 Haec

519 1085 771 1156 exempla
804 1082 941 1138 nulli
986 1082 1111 1138 usui
1142 1082 1349 1150 forent,
1382 1080 1492 1137 nisi
1526 1081 1676 1137 liber
1714 1082 1812 1137 ille
1848 1082 1916 1138 ab
1946 1081 2213 1136 Henocho
2246 1079 2336 1133 in-

520 1174 713 1224 ventus
744 1167 836 1223 vel
876 1165 1121 1237 perisset
1152 1165 1241 1220 vel
1272 1164 1472 1235 ignoto
1504 1164 1634 1222 loco
1669 1165 1886 1221 lateret.
1973 1162 2127 1218 Nunc
2150 1168 2210 1217 ut
2237 1179 2336 1218 res

519 1268 581 1307 se
609 1252 811 1319 hahet,
848 1248 981 1304 boni
1019 1247 1151 1303 libri
1192 1264 1224 1303 a
1254 1247 1537 1319 corruptis
1576 1246 1955 1319 distinguendi
1987 1250 2193 1303 suntet
2220 1245 2333 1300 cri-

518 1334 631 1391 tico
663 1333 966 1403 diligenter
995 1331 1285 1403 sequendi.

201 1415 500 1508 calceami—
643 1415 841 1472 Libelli
885 1416 954 1471 de
979 1413 1361 1471 Grammaticis
1407 1419 1464 1469 et
1494 1414 1818 1471 rhetoribus
1850 1413 2079 1470 codices
2109 1412 2332 1485 scripti,

315 1479 345 1521 Ρ
384 1492 398 1507 ’
520 1506 777 1574 quantum
804 1514 914 1570 ego
932 1498 1201 1570 comperi,
1234 1496 1483 1553 universi
1509 1497 1865 1569 reperiuntur
1880 1491 2330 1568 numeroXV²⁰).

518 1586 604 1641 Ex
642 1582 715 1639 iis
748 1581 1029 1653 aequabili
1062 1580 1357 1651 diligentia
1395 1580 1465 1636 ad
1503 1581 1943 1636 emendationem
1983 1579 2175 1636 collati
2207 1586 2337 1635 sunt

521 1668 793 1742 quinque:
834 1664 1155 1734 Leidensis,
1202 1681 1363 1737 quem
1391 1664 1669 1734 singulari
1702 1664 1774 1719 de
1815 1680 1981 1719 causa
2013 1662 2337 1718 Perizonia-

521 1769 646 1807 num
678 1750 980 1823 appellant,
1013 1748 1316 1818 Gudianus,
1351 1746 1758 1817 Berolinensis‚
1791 1746 2141 1818 HarleianuS,
2177 1745 2336 1803 Pari-

522 1836 696 1891 sinus.
784 1832 867 1887 De
901 1831 976 1887 iis
1004 1831 1188 1887 statim
1221 1829 1451 1887 uberius
1483 1830 1720 1887 dicetur.
1809 1830 2058 1888 Nondum
2088 1831 2337 1902 diligen-

522 1925 609 1974 ter
640 1915 936 1973 cxaminati
959 1915 1051 1971 vel
1080 1932 1149 1970 ne
1180 1914 1420 1988 inspecti
1451 1916 1672 1987 quidem
1702 1923 1828 1971 sunt
1857 1916 1988 1971 libri
2020 1914 2199 1971 Italici
2231 1930 2339 1970 no·-

523 2018 680 2072 vem,
723 2015 956 2072 quorum
998 1999 1241 2071 quinque
1288 2000 1490 2055 Romae
1537 1999 1592 2055 in
1637 1999 1926 2056 Pontificia
1968 1999 2336 2068 bibliotheca,

524 2084 731 2156 singuli
759 2081 1033 2152 Venetiis‚
1066 2083 1423 2152 Mediolanii,
1455 2082 1772 2140 Florentiae
1791 2123 1807 2152 ,
1838 2082 2074 2155 Neapoli
2102 2098 2338 2138 servan-

524 2175 644 2234 tur;
682 2185 843 2223 unum
868 2165 1200 2222 Havniensis
1233 2165 1575 2222 bibliotheca
1601 2167 1860 2239 possidet
1879 2166 1935 2222 in
1962 2160 2245 2239 naniam).

661 2360 760 2425 28)
793 2363 1056 2413 Annorum
1095 2372 1239 2413 notas
1276 2363 1330 2413 hi
1358 2362 1683 2428 praeferunt:
1720 2361 1854 2413 1460
1876 2362 2160 2425 Leideusis,
2199 2363 2338 2416 1462

526 2432 843 2489 Harleianus‚
883 2431 1018 2483 1464
1047 2432 1291 2492 Venetus,
1326 2433 1460 2483 1477
1487 2430 1851 2482 BerolinensiS.

662 2496 758 2561 29)
798 2500 919 2549 Inde
954 2516 1017 2550 ne
1053 2500 1222 2566 specie
1251 2500 1456 2563 quidem
1490 2493 1598 2548 veri
1634 2498 1803 2548 ornari
1830 2498 1994 2564 potuit
2027 2498 2236 2549 verbnm
2269 2499 2336 2549 ab

526 2567 731 2618 homine
775 2568 1065 2618 doctissimo
1120 2568 1397 2632 eodemque
1441 2565 1821 2617 bibliothecario
1866 2567 2094 2617 Amadeo
2137 2567 2338 2631 Peyron

527 2637 779 2697 iactatum,
817 2636 904 2699 qui
934 2637 983 2686 in
1011 2636 1198 2687 Notitia
1228 2637 1470 2700 librorum
1506 2650 1536 2684 a
1558 2634 1818 2700 Valperga
1852 2635 1972 2685 bibl.
2004 2634 2205 2684 Tauria.
2241 2635 2338 2684 do·—

526 2712 756 2754 natornm
788 2703 925 2770 Lips.
963 2704 1100 2756 1820
1131 2720 1182 2769 p.
1217 2705 1286 2755 85
1322 2704 1550 2764 Inclinat,
1588 2703 1776 2766 inquit,
1807 2705 2006 2753 animus
2043 2715 2098 2752 ut
2132 2705 2338 2753 credam

526 2771 821 2823 Suetonium
862 2773 925 2821 de
964 2773 1307 2838 grammaticis
1323 2809 1338 2833 ,
1387 2774 1527 2821 cuius
1570 2779 1696 2822 teste
1742 2772 2039 2823 Casaubono
2082 2774 2338 2837 ves-&qiam

527 2841 718 2906 quidem
746 2842 928 2890 nullum
962 2843 1015 2891 in
1048 2842 1273 2891 librariis
1305 2843 1385 2890 vel
1416 2842 1805 2903 locupletissimis
1846 2848 2068 2903 apparet
2082 2876 2096 2898 ‚
2143 2842 2205 2890 ab
2240 2841 2338 2890 im-

526 2908 816 2975 postoribus
852 2907 1130 2975 philologis
1173 2909 1348 2958 Italiae
1388 2924 1519 2960 saec.
1552 2908 1651 2959 XV
1684 2923 1798 2959 esse
1829 2909 2127 2975 pefectum.

667 2977 760 3042 30)
795 2977 1137 3028 Romanorum
1170 2977 1302 3026 tituli
1335 2976 1389 3026 hi
1432 2984 1577 3029 suut:
1614 2977 1846 3028 Vaticani
1864 2984 1967 3027 tres
1988 2976 2138 3028 1518.
2180 2976 2337 3027 1862.

528 3043 702 3108 4498,
759 3045 1122 3096 Ottobonianus
1178 3045 1345 3107 1455,
1396 3045 1612 3097 Urbinas
1663 3044 1812 3096 1194.
1885 3046 2073 3096 Eorum
2113 3045 2338 3096 Achilles

539 3114 745 3175 Statius,
779 3129 893 3163 cum
921 3114 1057 3164 hunc
1091 3113 1316 3162 libellum
1351 3129 1398 3165 a.
1438 3114 1571 3164 1565
1608 3115 1797 3164 Romae
1834 3114 2023 3175 ederet,
2057 3115 2203 3174 duos,
2234 3128 2336 3163 non

528 3191 662 3242 tres,
698 3183 950 3232 consuluit
980 3191 1027 3232 et
1061 3181 1293 3246 quidem,
1327 3190 1384 3231 ut
1421 3182 1626 3248 opinor,
1662 3182 1824 3248 primo
1853 3183 1962 3233 loco
1998 3190 2335 3232 enumeratos.

528 3276 599 3286 —
631 3249 856 3300 Venetus
891 3252 1055 3302 codex
1088 3251 1142 3300 in
1175 3250 1431 3300 Marciana
1465 3250 1767 3301 bibliotheca
1803 3250 1966 3302 class.
1998 3249 2138 3311 XIV,
2183 3250 2205 3299 1
2245 3264 2338 3300 no-

529 3325 691 3378 tatus,
727 3319 845 3368 olim
874 3319 1067 3370 Patavii
1102 3319 1155 3368 in
1186 3318 1303 3367 bibl.
1344 3318 1420 3377 S„
1437 3320 1639 3369 Ioannis
1674 3320 1727 3369 in
1765 3318 2034 3369 viridiario
2068 3318 2337 3385 repositus,

530 3386 748 3451 scriptus
784 3394 862 3437 est
888 3388 1146 3439 Bononiae
1183 3402 1231 3437 a.
1256 3387 1420 3447 14643
1459 3383 1554 3440 cfr.
1590 3387 1883 3438 Massmann
1920 3388 1986 3437 ad.
2022 3387 2178 3437 Taciti
2214 3386 2338 3436 Ger·

530 3455 779 3516 maniam,
815 3455 1035 3506 Thomas
1069 3455 1123 3505 in
1160 3454 1437 3505 Miinchner
1471 3455 1573 3521 gel.
1613 3459 1741 3505 Anz.
1787 3455 1921 3507 1853
1959 3471 2043 3507 no.
2088 3455 2136 3507 1.
2173 3457 2224 3505 2.
2268 3478 2337 3491 -—-

531 3521 822 3575 Mediolanii
875 3523 1269 3576 Ambrosianum
1331 3523 1555 3573 codicem
1605 3533 1963 3575 commemorat
2015 3523 2338 3575 Montfau‘con
