2553 3960
961 254 1171 302 mvus
1210 254 1435 302 TITUS.
2079 240 2202 302 237

220 421 531 473 statuarum
562 421 616 470 et
639 410 951 487 imaginum
977 410 1106 468 eius
1134 408 1490 469 multitudine
1523 427 1595 468 ac
1629 409 1804 469 titulis
1849 425 1954 486 per
1999 417 2202 467 utram-

225 515 337 577 que
367 496 741 575 provinciam.

346 580 488 640 Post
517 576 802 657 stipendia
827 577 963 637 foro
996 594 1235 657 operam
1266 576 1443 654 dedit,
1472 574 1775 655 honestam
1817 576 2002 651 magis
2037 592 2204 653 quam

220 664 538 740 assiduam,
584 661 906 740 eodemque
944 670 1209 740 tempore
1266 661 1610 724 Arrecinam
1645 658 1992 735 Tertullam,
2039 668 2203 737 patre

173 759 314 827 ⁵eq.
356 748 429 808 R.
477 746 581 807 sed
625 744 928 824 praefecto
975 744 1260 823 quondam
1317 745 1808 823 praetorianarum
1861 742 2203 819 cohortium,

220 832 381 892 duxit
412 847 651 890 uxorem
676 829 812 888 etin
835 828 1143 890 defunctae
1167 829 1359 889 locum
1380 828 1655 889 Marciam
1675 826 1988 888 Furnillam
2012 826 2204 906 splen·
2338 838 2363 867 N

219 915 333 976 didi
359 916 627 992 generis;
661 930 788 973 cum
815 931 955 991 aqua,
985 913 1207 972 sublata
1237 913 1375 988 lilia,
1407 912 1712 972 divortium
1742 912 1901 971 fecit.

347 998 440 1059 Ex
482 1007 830 1077 quaesturae
857 996 1070 1057 deinde
1100 996 1326 1057 honore
1356 997 1579 1073 legioni
1611 995 2018 1075 praepositus,
2049 995 2205 1056 Tari-

220 1085 397 1144 cheas
427 1092 487 1142 et
513 1081 804 1143 Gamalam
836 1081 1012 1141 urbes
1044 1080 1294 1141 Iudaeae
1329 1080 1711 1142 validissimas
1751 1081 1808 1139 in
1860 1089 2207 1158 potestatem

150 1184 200 1226 ιο
219 1169 478 1246 redegit,
522 1183 674 1245 equo
717 1165 963 1244 quadam
1000 1166 1134 1226 acie
1170 1165 1276 1225 sub
1312 1164 1618 1226 feminibus
1649 1166 1862 1225 amisso
1903 1164 2206 1243 alteroque

219 1255 513 1329 inscenso,
549 1252 710 1310 cuius
743 1259 942 1310 rector
978 1252 1137 1310 circa
1169 1268 1233 1309 se
1269 1249 1548 1309 dimicans
1580 1249 1955 1309 occubuerat.

341 1335 523 1397 Galba
552 1352 688 1394 mox
718 1343 953 1393 tenente
984 1352 1108 1393 rem
1143 1352 1201 1412 p.
1236 1335 1445 1394 missus
1476 1332 1547 1393 ad
1589 1333 2014 1410 gratulandum,
2069 1351 2204 1412 qua·
2236 1341 2268 1392 5

220 1439 333 1500 qua
372 1421 483 1478 iret
527 1418 813 1477 convertit
852 1418 1152 1493 homines,
1201 1418 1365 1495 quasi
1408 1417 1738 1495 adoptionis
1786 1418 1972 1493 gratia
2013 1434 2207 1476 arces-

222 1513 466 1565 seretur.
560 1500 685 1561 :Sed
741 1500 837 1560 ubi
880 1501 1095 1561 turbari
1139 1519 1343 1560 rursus
1382 1509 1597 1560 *cuncta
1652 1502 1867 1577 sensit,
1931 1498 2081 1560 redit
2135 1517 2210 1558 ex

153 1602 204 1642 ιε
224 1589 464 1662 itinere,
498 1585 772 1663 aditoque
801 1584 1058 1663 Paphiae
1092 1585 1343 1643 Veneris
1374 1584 1643 1659 oraculo,
1690 1583 1820 1643 dum
1850 1583 1929 1642 de
1972 1584 2208 1659 naviga·

220 1674 378 1732 tione
411 1669 695 1744 consulit,
725 1669 900 1727 etiam
929 1666 1002 1726 de
1034 1668 1262 1747 imperii
1295 1685 1404 1746 spe
1442 1667 1814 1727 confirmatus
1856 1676 1965 1727 est.
2037 1666 2211 1727 Cuius

221 1754 387 1814 brevi
424 1769 700 1831 compos,
740 1760 800 1811 et
830 1751 901 1811 ad
932 1749 1379 1829 per-domandam
1404 1749 1675 1811 Iudaeam
1705 1750 1975 1826 relictus,
2020 1751 2209 1810 novis-

223 1840 366 1899 sima
389 1835 927 1910 Hierosolymorum
949 1853 984 1895 o
1031 1835 1387 1914 pugnatione
1412 1834 1717 1895 duodecim
1741 1844 2211 1914 propugnatores

224 1921 460 1984 totidem
490 1921 825 1998 sagittarum
854 1854 1110 1979 condecit
1140 1918 1379 1996 ictibus,
1427 1921 1699 1999 cepitque
1733 1937 1803 1979 ea
1844 1919 2019 1979 natali
2061 1919 2211 1978 filiae

152 2017 206 2058 ²⁰
225 2025 366 2068 suae
398 2015 553 2066 tanto
582 2005 818 2064 militum
849 2004 1062 2082 gaudio
1094 2022 1164 2064 ac
1191 2004 1420 2081 favore,
1450 2013 1510 2064 ut
1539 2005 1593 2063 in
1623 2003 2009 2080 gratulatione
2032 2005 2211 2083 impe-

223 2100 476 2152 ratorem
504 2107 632 2149 eum
664 2089 1153 2149 consalutaverint
1183 2098 1242 2148 et
1270 2087 1514 2148 subinde
1559 2086 1941 2148 decedentem
1981 2088 2211 2167 provin·

225 2178 313 2236 cia
351 2174 722 2250 detinuerint,
779 2172 1122 2252 suppliciter
1150 2190 1263 2232 nec
1303 2189 1419 2232 non
1459 2180 1519 2232 et
1555 2172 1855 2232 minaciter
1891 2172 2211 2249 efflagitan-

222 2268 344 2336 tes,
386 2267 483 2319 aut
533 2266 863 2319 remaneret
920 2266 1017 2317 aut
1075 2275 1276 2317 secum
1330 2258 1515 2316 omnis
1580 2257 1800 2335 pariter
1871 2255 2209 2317 abduceret.

222 2342 391 2405 Unde
422 2351 552 2401 nata
584 2343 839 2421 suspicio
872 2350 981 2418 est,
1013 2343 1174 2420 quasi
1211 2340 1549 2401 desciscere
1581 2359 1614 2401 a
1646 2349 1810 2419 patre
1843 2339 2213 2419 Orientisque

151 2437 206 2477 2⁵
228 2421 472 2503 regnum
506 2424 615 2484 sibi
642 2424 938 2485 vindicare
969 2434 1338 2503 temptasset;
1389 2442 1556 2504 quam
1599 2426 1991 2504 suspicionem
2035 2426 2212 2500 auxit,

227 2517 533 2589 postquam
556 2507 965 2569 Alexandriam
990 2518 1199 2587 petens
1221 2510 1278 2567 in
1310 2508 1710 2569 consecrando
1737 2508 1888 2586 apud
1902 2508 2211 2587 Memphim

223 2594 381 2654 bove
408 2593 601 2672 Apide
634 2591 892 2651 diadema
934 2594 1219 2669 gestavit,
1262 2591 1335 2651 de
1366 2610 1527 2652 more
1562 2591 1792 2671 quidem
1825 2594 2056 2672 rituque
2101 2593 2213 2671 pri·

224 2695 366 2738 scae
394 2678 730 2754 religionis;
763 2675 868 2735 sed
897 2693 1014 2735 non
1037 2675 1274 2736 deerant
1298 2678 1395 2754 qui
1421 2677 1655 2754 sequius
1681 2678 2216 2755 interpretarentur.

139 2787 144 2792 ·
228 2763 422 2836 Quare
458 2760 739 2820 festinans
780 2761 839 2819 in
866 2759 1107 2836 ltaliam,
1138 2778 1264 2820 cum
1291 2761 1557 2839 Regium,
1593 2760 1724 2821 dein
1757 2760 2035 2822 Puteolos
2078 2778 2215 2820 one-

153 2845 377 2904 soraria
407 2862 557 2905 nave
586 2844 928 2923 appulisset,
962 2844 1202 2905 Romam
1237 2844 1370 2904 inde
1411 2844 1707 2905 contendit
1750 2844 2219 2923 expeditissimus

225 2930 663 3007 inopinantique
696 2929 875 3007 patri,
910 2928 1069 2989 velut
1097 2947 1349 3006 arguens
1378 2946 1665 2989 rumorum
1706 2928 1780 2989 de
1820 2948 1885 2989 se
1926 2930 2215 2988 temerita-

223 3023 359 3089 tem,
408 3010 558 3074 Vem'
587 3013 786 3091 inquit,
815 3019 1021 3090 pater,
1055 3014 1213 3073 veni.
1275 3013 1481 3092 Neque
1514 3031 1590 3073 ex
1620 3030 1694 3073 eo
1726 3013 1946 3074 destitit
1986 3013 2215 3092 pai-tici·
2247 3023 2281 3076 6

225 3115 359 3177 pem
394 3105 569 3176 atque
601 3099 768 3158 etiam
797 3106 1048 3158 tutorem
1083 3098 1311 3177 imperii
1350 3115 1552 3174 agere.

350 3181 747 3260 Triumphavit
778 3199 906 3241 cum
946 3191 1112 3260 patre
1156 3199 1576 3260 censuramque
1617 3183 1804 3258 gessit
1840 3200 1985 3258 una,
2032 3182 2216 3242 eidem

157 3278 208 3319 85
229 3265 462 3343 collega
491 3276 551 3326 et
583 3268 638 3325 in
681 3264 981 3325 tribunicia
1025 3275 1319 3346 potestate
1360 3275 1419 3326 et
1457 3266 1515 3325 in
1556 3273 1782 3344 septem
1824 3265 2218 3327 consulatibus

227 3351 363 3418 fuit3
395 3359 752 3429 receptaque
786 3349 858 3411 ad
890 3367 955 3410 se
991 3368 1179 3431 prope
1218 3351 1467 3411 omnium
1508 3350 1833 3411 officiorum
1877 3368 2013 3410 cura
2055 3351 2216 3427 (cum

227 3433 407 3510 patris
438 3435 670 3494 nomine
703 3442 761 3494 et
793 3435 1076 3514 epistolas
1105 3438 1234 3515 ipse
1267 3435 1513 3495 dictaret
1543 3443 1606 3494 et
1649 3434 1840 3496 edicta
1884 3431 2215 3494 conscribe-

224 3525 319 3577 ter
356 3519 767 3598 orationesque
805 3520 863 3578 in
908 3528 1110 3580 senatu
1153 3520 1429 3579 recitaret
1474 3519 1642 3578 etiam
1687 3518 2014 3598 quaestoris
2052 3514 2213 3588 vice)
