2553 3960
347 175 429 240 80
516 188 576 235 c.
603 187 903 237 sun-'rom
939 188 1195 248 TRANQ.
1233 189 1330 235 DE
1354 188 1519 235 vrrs.
1546 187 1917 237 cnnsnmm
1939 191 2077 264 mn.
2103 193 2178 241 11.

345 342 535 403 infuso
573 359 752 421 super
780 341 984 404 altaria
1019 360 1184 402 mero
1217 352 1432 403 tantum
1464 343 1726 403 flammae
1758 345 2118 423 emicuisset,
2164 358 2224 408 ut
2258 366 2352 421 su-

296 437 301 442 ’
328 444 666 507 pergi-essa
694 426 983 504 fastigium
1013 426 1212 505 templi
1242 426 1315 486 ad
1348 426 1572 487 caelum
1603 445 1788 506 usqne
1818 428 2104 506 ferretur,
2139 431 2352 510 unique

346 512 577 573 omnino
606 510 822 588 Hagno
860 510 1197 571 Alexandro
1243 510 1397 588 apud
1440 509 1675 570 easdem
1716 528 1849 572 aras
1893 515 2244 575 sacrificanti
2275 516 2348 576 si-

342 594 479 655 mile
531 595 905 674 provenisset
958 603 1261 655 ostentum.
1360 594 1555 672 Atque
1614 596 1784 655 etiam
1839 598 2106 675 sequenti
2160 601 2350 659 statim

342 687 517 739 nocte
560 678 759 738 videre
794 680 954 752 visus
986 686 1077 737 est
1102 678 1278 738 filium
1307 678 1534 737 mortali
1569 680 1773 757 specie
1803 681 2174 758 ampliorem,
2222 701 2349 743 cum
2369 711 2393 749 ⁵
2521 697 2537 739 A

341 763 578 824 fulmine
621 770 680 822 et
719 772 957 840 sceptro
989 763 1330 840 exuviisque
1346 761 1506 821 Iovis
1531 762 1744 841 Optimi
1766 763 1999 824 Maximi
2031 784 2103 825 ac
2131 765 2348 827 radiata

344 864 592 923 corona,
644 864 823 923 super
868 846 1184 908 laureatum
1230 864 1489 922 currum,
1544 845 1635 906 bis
1677 848 1834 907 senis
1878 851 2046 927 equis
2096 849 2348 911 candore
2535 895 2536 900 η

344 931 554 991 eximio
590 929 969 991 trahentibus.
1029 929 1227 991 Infans
1259 929 1476 1007 adhuc,
1513 940 1574 990 ut
1603 933 1881 1011 scriptum
1917 932 2070 1011 apud
2106 931 2176 993 C.
2201 932 2348 993 Dru·
2534 907 2536 1010 l

344 1034 467 1075 sum
499 1023 677 1091 extat,
712 1016 1003 1092 repositus
1033 1031 1286 1093 vespere
1309 1015 1367 1073 in
1400 1032 1577 1075 cunas
1609 1033 1643 1076 a
1672 1016 1954 1076 nutricula
1986 1016 2123 1077 loco
2154 1018 2349 1095 plano,

344 1107 583 1178 postera
614 1098 745 1158 luce
775 1115 891 1157 non
924 1100 1260 1178 comparuit,
1294 1097 1505 1177 dinque
1543 1100 1838 1177 quaesitus
1858 1100 2087 1161 tandem
2108 1102 2165 1160 in
2190 1102 2347 1161 altis-
2370 1116 2420 1157 ιο
2535 1145 2536 1182 ³

343 1184 485 1243 sima
514 1184 654 1241 turri
687 1192 957 1260 repertus
993 1191 1115 1258 est,
1149 1183 1349 1242 iacens
1381 1192 1585 1243 contra
1617 1182 1761 1243 solis
1791 1192 2072 1244 exortum.

467 1263 608 1325 Cum
658 1266 899 1346 primum
942 1267 1050 1328 fari
1095 1267 1424 1344 coepisset,
1471 1267 1527 1325 in
1571 1267 1725 1327 avito
1758 1266 2089 1329 suburbano
2122 1268 2349 1329 obstre-

343 1352 533 1431 pentis
561 1349 715 1411 forte
738 1342 908 1411 rana's
939 1350 1115 1411 silere
1145 1351 1329 1427 iussit,
1363 1359 1537 1429 atque
1562 1368 1639 1409 ex
1662 1367 1735 1410 eo
1762 1360 2047 1428 negantur
2068 1353 2147 1412 ibi
2171 1371 2351 1413 ranae
2535 1419 2536 1428 χ

343 1452 618 1497 coaxare.
685 1434 779 1494 Ad
816 1444 1076 1513 quartum
1131 1433 1384 1514 lapidem
1431 1433 1760 1513 Campanae
1814 1437 1945 1495 viae
2001 1437 2060 1496 in
2109 1454 2351 1497 nemore
2534 1433 2536 1512 4

342 1518 643 1600 prandenti
691 1537 766 1578 ex
806 1520 1106 1597 inproviso
1152 1519 1346 1597 aquila
1386 1536 1593 1597 panem
1635 1520 1688 1578 ei
1730 1537 1765 1579 e
1806 1537 1971 1579 manu
2018 1522 2242 1599 rapuit,
2289 1529 2350 1581 et
2371 1543 2421 1584 ιε

343 1622 470 1664 cum
507 1601 784 1663 altissime
820 1603 1146 1679 evolasset,
1191 1620 1392 1661 rursus
1424 1620 1500 1661 ex
1529 1603 1829 1681 inproviso
1862 1603 2072 1663 leniter
2103 1603 2351 1683 delapsa

339 1687 603 1748 reddidit.

465 1772 536 1847 Q.
571 1769 808 1832 Catulus
852 1780 987 1849 post
1037 1770 1361 1831 dedicatum
1402 1768 1750 1848 Capitolium
1795 1770 2018 1831 duabus
2061 1772 2350 1832 continuis

340 1854 607 1915 noctibus
636 1856 969 1915 somniavit:
999 1857 1200 1934 prima,
1231 1853 1430 1914 Iovem
1463 1853 1749 1932 Optimum
1775 1854 2082 1916 Maximum
2111 1873 2144 1915 e
2176 1873 2345 1935 prae-

341 1940 575 1999 textatis
601 1937 992 2018 compluribus
1023 1940 1239 1999 circum
1263 1955 1417 1999 aram
1441 1937 1767 1999 ludentibus
1792 1957 1961 2000 unum
1989 1940 2343 2017 secrevisse,
2367 1964 2419 2006 ss

341 2032 512 2103 atque
556 2025 615 2082 in
656 2025 780 2082 eius
822 2024 1004 2083 sinum
1035 2041 1158 2083 rem
1193 2042 1252 2101 p.
1287 2041 1454 2103 quam
1481 2041 1647 2083 manu
1679 2033 1944 2101 gestaret
1976 2025 2347 2103 reposuisse;

341 2116 400 2169 at
438 2108 795 2186 insequenti,
836 2106 1319 2169 ‘animadvertisse
1369 2126 1434 2168 se
1475 2109 1533 2167 in
1575 2109 1797 2185 gremio
1843 2105 2155 2187 Capitolini
2187 2107 2349 2169 Iovis

340 2189 583 2251 eundem
632 2209 907 2270 puerum,
964 2209 1131 2271 quem
1185 2210 1314 2251 cum
1372 2191 1595 2253 detrahi
1646 2193 1943 2268 iussisset,
1999 2191 2349 2271 prohibitum

339 2276 555 2335 monitu
595 2274 716 2352 dei,
754 2283 1036 2354 tamquam
1077 2276 1125 2335 is
1157 2275 1228 2336 ad
1258 2276 1493 2336 tutelam
1523 2277 1609 2335 rei
1641 2295 1699 2354 p.
1733 2275 2105 2345 educaretur;
2150 2295 2220 2337 ac
2253 2275 2348 2337 die

341 2360 606 2440 proximo
639 2358 870 2419 obvium
904 2341 1014 2419 sibi
1044 2359 1397 2438 Augustum,
1442 2377 1570 2419 cum
1608 2361 1961 2437 incognitum
1997 2359 2137 2420 alias
2168 2359 2344 2421 habe·
2365 2387 2418 2427 2⁸

339 2451 460 2520 ret,
504 2460 621 2503 non
664 2445 789 2503 sine
831 2443 1205 2504 admiratione
1234 2446 1549 2521 contuitus,
1592 2442 1934 2504 simillimum
1965 2442 2109 2503 dixit
2137 2462 2344 2523 puero,

341 2527 414 2588 de
461 2545 574 2607 quo
607 2528 968 2588 somniasset.
1040 2528 1284 2603 Quidam
1313 2530 1474 2607 prius
1504 2529 1781 2588 somnium
1816 2524 2005 2587 Catuli
2038 2526 2208 2588 aliter
2244 2545 2345 2587 ex-

340 2621 588 2691 ponunt,
623 2613 786 2691 quasi
814 2610 1077 2692 Iuppiter
1106 2612 1500 2692 compluribus
1529 2612 1909 2691 praetextatis
1939 2619 2183 2671 tutorem
2216 2629 2249 2671 a
2277 2630 2346 2670 se

341 2696 750 2775 poscentibus,
791 2714 960 2757 unum
1002 2715 1079 2757 ex
1117 2699 1204 2758 eis
1238 2697 1694 2757 demonstrasset
1723 2695 1794 2756 ad
1825 2712 1997 2774 quem
2026 2695 2215 2756 omnia
2245 2694 2344 2755 de-

341 2775 553 2840 sideria
593 2798 696 2842 sua
738 2780 1060 2859 referrent,
1109 2782 1347 2861 eiusque
1385 2780 1643 2840 osculum
1688 2779 1999 2839 delibatum
2036 2779 2241 2857 ‚digitis
2272 2777 2415 2841 ada·

341 2881 408 2924 os
439 2882 599 2923 suum
629 2864 940 2925 retulisset.

462 2948 538 3010 Μ.
584 2947 792 3010 Cicero
830 2945 896 3008 C.
932 2946 1245 3010 Caesarem
1289 2952 1347 3008 in
1380 2946 1722 3028 Capitolium
1768 2957 2149 3025 prosecutus,
2195 2964 2342 3007 som-

340 3033 491 3090 nium
520 3035 797 3109 pristinae
835 3034 1024 3093 noctis
1053 3031 1430 3093 familiaribus
1459 3033 1620 3093 forte
1643 3030 1945 3092 narrabat:
1989 3049 2230 3110 puerum
2259 3029 2341 3090 fa·
2530 3080 2537 3114 a

343 3113 434 3172 cie
476 3112 734 3194 liberali,
779 3115 1087 3177 demissum
1118 3135 1153 3176 e
1183 3116 1351 3177 caelo
1383 3124 1588 3176 catena
1622 3133 1827 3193 aurea,
1874 3114 1944 3175 ad
1974 3116 2135 3176 fores
2173 3112 2342 3193 Capi-

341 3192 443 3253 toli
485 3201 813 3259 constitisse
856 3202 1025 3281 eique
1069 3200 1268 3260 Iovem
1298 3199 1594 3277 flagellum
1626 3199 1958 3269 tradidisse;
2009 3198 2216 3259 deinde
2251 3215 2410 3257 re-ss

339 3283 515 3353 pente
544 3276 810 3356 Augusto
840 3285 984 3362 viso,
1016 3302 1184 3364 quem
1212 3287 1467 3362 ignotum
1493 3283 1789 3363 plerisque
1819 3281 2004 3343 adhuc
2028 3281 2343 3344 avunculus

340 3355 559 3456 Caesar
617 3361 687 3419 ad
743 3367 1178 3428 sacrificandum
1220 3369 1543 3443 acciverat,
1600 3367 1906 3434 affirmavit
1952 3368 2137 3445 ipsum
2171 3382 2341 3441 esse,

339 3455 498 3498 cuius
529 3458 720 3518 imago
753 3449 1064 3511 secundum
1100 3454 1350 3530 quietem
1380 3450 1489 3511 sibi
1519 3451 1829 3513 obversata
1863 3451 1956 3510 sit.
