2553 3960
508 268 726 317 XCVIII
1192 265 1607 314 PRAEFATIO.

510 445 565 502 p.
595 435 717 498 319,
748 433 818 485 20
844 427 1150 483 traduntur.
1215 424 1331 481 Nec
1363 442 1540 498 pauca
1570 424 1713 497 apud
1744 426 1923 482 bonos
1958 425 2095 480 artis
2126 425 2329 482 docto-

512 527 628 577 res,
659 510 877 567 Festum
911 510 1039 566 dico
1069 516 1125 565 et
1156 504 1572 582 charisiumffi)‚
1607 507 1866 564 similiter
1900 509 2159 565 invenies
2192 527 2326 582 per-

512 595 720 668 scripta
752 601 914 666 atque
954 594 1047 648 hic
1077 593 1413 648 scribuntur.
1499 591 1785 647 Postremo
1833 594 1901 648 ad
1935 593 2325 648 vindicandam

512 668 934 754 tituloqaliquam
959 678 1343 733 auctoritatem
1364 674 1689 744 Hieronymi
1719 675 1878 731 locus
1908 675 2003 747 qui
2035 677 2105 731 de
2129 676 2326 731 Palae-

512 777 674 817 mone
734 762 965 832 eiusque
1008 760 1525 830 distinguendorum
1567 758 1960 815 vocabulorum
2000 759 2190 815 studio
2239 766 2326 815 est

514 845 703 901 facere
735 844 946 917 poterit
966 838 1059 917 ⁹⁷).

639 927 789 984 Haec
819 927 868 983 si
901 933 1057 983 recte
1087 926 1143 982 in
1156 932 1444 997 utramque
1477 932 1687 998 partem
1708 926 1983 998 disputata
2007 942 2136 981 esse
2162 926 2322 982 vide-

512 1012 747 1081 buntur,
783 1027 919 1067 vere
950 1010 1252 1067 Suetonius
1291 1010 1676 1079 homonymica
1715 1010 1981 1080 quaedam
2015 1026 2087 1064 ex
2121 1009 2322 1065 Palae·

513 1094 691 1150 monis
751 1095 899 1151 libro
964 1095 1231 1165 decerpta
1290 1093 1347 1148 in
1408 1092 1624 1148 Pratum
1675 1110 1832 1148 suum
1880 1092 2097 1162 intulit,
2149 1093 2321 1165 idque

513 1183 679 1249 caput
717 1178 1003 1249 posterior
1042 1176 1245 1248 aliquis
1288 1176 1557 1248 magister
1592 1176 1895 1247 descripsit
1929 1176 2321 1247 similibusque

511 1260 845 1317 differentiis
877 1261 1167 1316 adauctum
1199 1265 1255 1314 et
1300 1259 1788 1316 observationibus
1829 1258 2205 1331 grammaticis
2235 1261 2326 1315 di-

510 1344 663 1400 versi
711 1343 938 1415 generis
992 1343 1385 1415 interpolatum
1423 1344 1570 1399 haud
1625 1360 1760 1399 sane
1803 1342 2046 1398 feliciter
2082 1344 2319 1415 amplius

511 1428 661 1483 fecit.
735 1427 1018 1498 Sedquae
1054 1425 1167 1482 sint
1189 1426 1450 1498 antiquae
1475 1427 1859 1497 genuinasque
1889 1426 2069 1482 libelli
2104 1433 2319 1499 partes,

510 1528 653 1583 quae
690 1509 968 1580 noviciae,
999 1509 1054 1566 id
1087 1526 1268 1581 neque
1298 1510 1465 1565 facile
1490 1515 1577 1565 est
1597 1511 1896 1582 explorare
1929 1515 1984 1565 et
2015 1527 2045 1565 a
2080 1507 2320 1566 consilio

509 1595 672 1651 huius
703 1594 966 1650 editionis
991 1593 1248 1650 alienum.
1317 1593 1767 1649 Emendationum
1797 1599 1977 1649 autem
2003 1599 2320 1649 nostrarum

511 1684 567 1734 et
615 1677 945 1735 brevissime
992 1683 1048 1732 et
1088 1676 1533 1733 commodissime
1586 1677 1857 1732 rationem
1898 1677 2228 1747 reddemus,
2269 1677 2320 1732 si

509 1768 767 1818 mutatam
797 1779 827 1818 a
859 1759 1020 1817 nobis
1056 1761 1271 1817 codicis
1302 1761 1598 1816 lectionem
1624 1777 1762 1831 quae
1800 1759 2018 1831 quidem
2051 1760 2316 1816 memoris

510 1845 678 1914 digua
703 1843 983 1916 videatur,
1021 1844 1114 1899 hic
1150 1844 1592 1915 apposuerimus.

632 1932 757 1998 307,
784 1933 820 1988 4
852 1934 1006 1984 terra
1042 1920 1055 2007 Ι
1092 1932 1122 1988 7
1148 1929 1215 2000 fit
1239 1928 1462 1984 honotes
1493 1933 1555 1982 ut
1580 1927 1730 1983 dotes
1757 1928 2071 1983 sacerdotes
2109 1921 2120 2006 Ι
2156 1933 2194 1989 8
2221 1928 2319 1984 ho·

507 2028 673 2070 nores
711 2018 771 2067 ut
806 2012 1035 2068 arbores
1080 2007 1090 2084 Ι
1140 2018 1209 2072 13
1235 2014 1418 2084 possit
1462 2025 1582 2067 esse
1613 2010 1935 2067 absconsum
1967 2028 2098 2066 nam
2136 2028 2262 2069 cum
2307 2004 2318 2057 Ι

508 2104 578 2160 18
601 2097 903 2152 habuntdat
939 2091 948 2173 Ι
986 2101 1052 2154 21
1084 2111 1223 2166 opus
1260 2091 1268 2172 Ι
1307 2102 1374 2153 22
1416 2095 1564 2167 quod
1590 2100 1643 2150 et
1678 2095 1929 2165 anirum,
1959 2112 2128 2168 supra
2158 2110 2188 2150 s
2219 2097 2321 2152 ad-

510 2181 626 2238 dito
666 2197 721 2236 m
757 2175 766 2254 Ι
806 2185 872 2241 27
921 2181 1230 2252 pomerium
1274 2180 1370 2235 ubi
1388 2194 1555 2251 pome
1603 2172 1614 2254 Ι
1662 2184 1732 2239 28
1760 2185 1812 2234 et
1853 2193 2020 2233 sacer
2056 2178 2067 2256 Ι
2104 2185 2174 2240 29
2204 2180 2320 2236 ales

507 2271 636 2321 sunt
670 2259 680 2341 Ι
719 2271 787 2324 32
816 2256 990 2320 velunt
1025 2264 1200 2319 lineae
1249 2256 1260 2341 Ι
1310 2269 1378 2323 36
1410 2268 1467 2318 et
1492 2266 1559 2323 37
1597 2263 1797 2318 absunt
1839 2279 1871 2318 a
1900 2262 2149 2318 Dflbneri
2179 2280 2320 2335 apo-

547 2367 606 2406 ra
647 2351 741 2405 ho.

505 2367 545 2420 g
611 2367 768 2503 p308,
801 2438 837 2491 4
887 2431 1159 2486 amsiitiae
1202 2421 1216 2508 Ι
1266 2435 1299 2490 7
1342 2432 1503 2486 vincti
1548 2422 1558 2508 Ι
1612 2436 1676 2490 11
1702 2444 1868 2487 aenos
1895 2428 2095 2511 fieret}
2140 2437 2206 2492 19
2244 2433 2319 2487 ito

505 2518 664 2572 dator
694 2523 746 2571 et
782 2512 792 2591 Ι
828 2521 896 2572 22
924 2514 1303 2570 circumdatur
1346 2506 1358 2592 Ι
1408 2520 1477 2572 24
1515 2530 1704 2570 annua
1739 2521 1860 2570 vota
1895 2508 1906 2595 Ι
1943 2522 2013 2576 30
2052 2518 2145 2572 cui
2166 2531 2318 2574 usus.

641 2645 735 2708 96)
763 2644 867 2696 Cfr.
897 2645 1077 2694 Festus
1105 2659 1146 2694 s,
1181 2659 1228 2693 v.
1250 2644 1337 2703 ad,
1366 2644 1518 2706 apud,
1544 2645 1799 2705 lacerare,
1824 2647 2002 2707 lustra,
2032 2649 2318 2706 miseratur,

505 2721 784 2774 monstrum,
821 2714 1110 2772 obsecrare,
1143 2727 1448 2775 properare,
1480 2727 1917 2775 super-varanem,
1952 2723 2084 2764 tuor.
2142 2713 2320 2764 Chari—

506 2783 570 2833 sii
617 2782 957 2847 comparanda
1004 2789 1125 2831 sunt
1176 2795 1237 2830 ea
1282 2781 1435 2831 verba
1483 2781 1670 2846 quibus
1715 2797 1769 2849 p.
1816 2783 1881 2832 75
1925 2782 1982 2833 Ρ.
2012 2784 2317 2848 puqillam,

503 2866 556 2916 p.
592 2851 661 2902 85
687 2857 887 2913 pometa
905 2887 919 2910 ,
971 2865 1022 2917 p.
1059 2850 1128 2901 86
1162 2852 1228 2899 mi
1254 2857 1306 2899 et
1335 2849 1477 2909 mihi,
1519 2865 1573 2914 p.
1617 2849 1716 2900 100
1744 2852 1962 2913 plurium
1993 2867 2060 2900 an
2100 2854 2316 2914 plur-um,

504 2935 555 2984 p.
592 2918 689 2971 102
705 2921 837 2982 ficus
862 2934 927 2969 an
954 2921 1084 2980 ficos
1109 2918 1341 2969 illustrat.
1401 2917 1589 2969 Eorum
1627 2933 1756 2982 quae
1786 2934 1839 2985 p.
1864 2918 1983 2980 319,
2015 2921 2063 2970 7.
2098 2918 2217 2975 320,
2247 2917 2319 2968 30

503 2989 759 3053 leguntur,
795 2989 848 3038 in
866 2986 1249 3037 Veronensibus
1293 2985 1496 3037 scholiis
1533 2986 1599 3036 ad
1634 2988 1791 3054 Verg.
1830 2988 1959 3038 Aen.
2005 2988 2032 3038 1
2056 3023 2071 3048 ,
2110 2988 2137 3039 1
2175 2994 2225 3038 et
2262 2987 2315 3046 8,

508 3057 607 3109 100
642 3057 846 3122 gemina
881 3055 1126 3106 iuvenies.

642 3125 737 3184 97)
784 3124 1111 3175 Desideratur
1143 3122 1195 3172 in
1238 3132 1411 3173 nostro
1450 3124 1654 3187 quidem
1685 3123 1853 3175 libello
1900 3124 1988 3173 illa
2028 3123 2318 3174 differentia

504 3191 820 3243 Palaemonis
858 3193 1060 3242 nomine
1095 3191 1374 3253 nobilitata,
1401 3201 1451 3242 et
1480 3192 1581 3241 alia
1601 3192 1789 3258 legitur
1816 3208 1866 3257 p.
1895 3191 2015 3253 319,
2051 3193 2134 3245 27.
2212 3190 2317 3242 Sed

504 3267 555 3309 et
589 3260 727 3309 illam
760 3269 809 3311 et
837 3261 969 3310 hanc
998 3274 1058 3309 ea
1092 3260 1322 3310 collectio
1349 3261 1571 3310 servavit
1599 3275 1728 3324 quae
1764 3261 1946 3311 Isidori
1968 3259 2144 3320 fertur,
2174 3262 2314 3325 apud

507 3328 779 3378 Arevalum
815 3338 864 3379 et
884 3327 1248 3379 Gothofredum
1286 3329 1506 3391 itemque
1541 3328 1594 3378 in
1613 3328 1878 3379 Basilicusi
1904 3329 2078 3379 codice
2103 3330 2314 3393 scripta.

506 3397 683 3458 ltaque
733 3405 953 3447 nostram
1003 3396 1314 3463 farraginem
1350 3397 1437 3460 qui
1486 3398 1805 3462 compilavit,
1853 3410 1953 3446 non
1990 3398 2315 3462 ignoratione

508 3463 719 3579 eguisti}if
731 3465 821 3515 sed
850 3464 1079 3516 consulto
1114 3465 1317 3532 prologi
1354 3466 1516 3516 instar
1540 3466 1835 3530 praeposuit
1870 3466 2009 3514 illam
2044 3466 2311 3515 Palaemo-

506 3544 585 3580 ms
716 3533 969 3583 erentiam.
