2553 3960
1024 215 1234 265 mvus
1281 216 1533 265 muns.
2201 202 2281 265 23

268 390 541 455 quosque
603 369 880 434 Caesaris
937 373 1188 441 amicos;
1266 388 1507 449 quorum
1570 370 1744 432 Gaius
1810 370 2063 450 Oppius,
2120 370 2285 448 quasi

269 459 451 539 plane
513 456 863 517 defensione
892 474 980 517 ·ac
1026 456 1355 535 patrocinio
1399 473 1499 515 res
1547 462 1789 533 egeret,
1834 454 2040 515 librum
2086 454 2284 532 edidit,

269 559 390 602 non
436 559 572 601 esse
629 538 904 601 Caesaris
926 540 1133 617 filium,
1196 556 1367 617 quem
1418 537 1735 618 Cleopatra
1798 537 1971 598 dicat.
2043 538 2286 599 Helvius

273 625 461 687 Cinna
493 624 613 685 ΤΒ.
645 624 753 684 PL.
789 624 1086 706 plerisque
1143 623 1454 683 confessus
1485 632 1579 683 est
1610 622 1884 683 habuisse
1914 641 1981 683 se
2011 625 2287 701 scriptam

224 728 251 766 s
273 718 651 791 paratamque
700 709 927 786 legem,
983 726 1152 787 quam
1188 704 1408 768 Caesar
1449 708 1609 767 ferre
1650 708 1917 767 iussisset
1976 724 2103 766 cum
2160 707 2288 785 ipse

271 794 553 870 abesset,
608 794 689 853 uti
732 810 951 852 uxores
994 791 1310 852 liberorum
1343 791 1805 870 quaerendorum
1851 808 2023 851 causa
2053 808 2197 869 quas
2232 799 2293 850 et

273 887 418 958 quot
449 876 635 938 vellet
664 875 882 936 ducere
916 876 1146 937 liceret.
1192 874 1287 935 Ac
1320 893 1394 934 ne
1427 878 1517 936 cui
1562 874 1793 935 dubium
1830 876 2062 934 omnino
2093 875 2187 951 sit,
2232 882 2291 934 et

271 961 672 1042 impudicitiae
710 968 770 1019 et
816 959 1230 1021 adulteriorum
1273 959 1558 1036 flagrasse
1604 959 1866 1037 infamia,
1911 957 2088 1019 Curio
2124 967 2292 1037 pater

272 1046 522 1126 quadam
565 1063 694 1104 eum
741 1046 1005 1105 oratione
1051 1046 1301 1104 omnium
1346 1043 1647 1104 mulierum
1699 1044 1884 1104 virum
1939 1051 1997 1102 et
2040 1043 2290 1103 omnium

203 1149 252 1190 ιο
274 1132 540 1190 virorum
567 1128 868 1189 mulierem
896 1128 1175 1208 appellat.

406 1215 543 1273 Vini
586 1214 984 1291 parcissimum
1022 1230 1096 1272 ne
1143 1212 1355 1272 inimici
1394 1212 1622 1291 quidem
1655 1221 2038 1291 negaverunt.
2103 1211 2287 1275 Marci
2305 1222 2375 1277 53

274 1297 523 1360 Catonis
571 1306 692 1373 est,
753 1315 940 1358 unum
968 1314 1048 1357 ea:
1077 1295 1361 1358 omnibus
1393 1294 1731 1358 Gaesarem
1769 1297 1859 1357 ad
1896 1296 2291 1359 evertendam

269 1401 408 1445 rem
429 1379 748 1459 publicam
777 1379 1057 1442 sobrium
1091 1380 1456 1442 accessisse.
1499 1381 1645 1443 Nam
1679 1383 1835 1442 circa
1867 1382 2081 1441 victum
2114 1379 2289 1442 Gaius

275 1465 504 1546 Oppius
550 1463 698 1524 adeo
745 1464 1168 1526 indifferentem
1212 1464 1423 1543 docet,
1481 1474 1542 1525 ut
1605 1465 1893 1544 quondam
1940 1465 2012 1525 ab
2056 1464 2288 1543 hospite
2395 1473 2408 1483 '

208 1568 256 1609 ιε
278 1549 573 1611 conditum
603 1548 796 1608 oleum
819 1566 926 1627 pro
959 1548 1125 1608 viridi
1156 1548 1512 1628 adpositum,
1559 1547 2006 1628 aspernantibus
2052 1550 2286 1624 ceteriS,

273 1634 467 1696 solum
497 1634 667 1692 etiam
696 1633 916 1711 largius
950 1634 1250 1712 appetisse
1293 1633 1542 1711 scribat,
1604 1652 1678 1692 ne
1720 1632 2011 1711 hospitem
2052 1641 2148 1692 aut
2188 1649 2285 1691 ne-

272 1718 617 1796 glegentiae
661 1726 756 1777 aut
784 1718 1123 1777 rusticitatis
1166 1716 1462 1776 videretur
1512 1734 1783 1794 arguere.
1862 1714 2286 1776 Abstinentiam
2304 1717 2374 1772 54

274 1819 470 1880 neque
500 1802 558 1860 in
585 1800 847 1879 imperiis
875 1819 1067 1879 neque
1101 1802 1159 1860 in
1190 1799 1620 1878 magistratibus
1657 1801 1964 1879 praestitit.
2028 1800 2108 1862 Ut
2138 1800 2289 1860 enim

276 1884 510 1965 quidam
557 1886 939 1945 monumentis
983 1887 1103 1944 suis
1146 1886 1341 1945 testati
1381 1893 1545 1961 sunt,
1605 1886 1662 1943 in
1715 1884 1991 1964 Hispania
2035 1900 2288 1964 procon-

203 1990 256 2030 ιο
281 1969 412 2031 sule
454 1977 514 2028 et
541 1988 574 2029 a
615 1970 795 2029 sociis
836 1970 1116 2048 pecunias
1164 1970 1397 2049 accepit
1449 1967 1838 2031 emendicatas
1900 1969 1957 2030 in
2018 1967 2289 2030 auxilium

275 2056 434 2115 aeris
489 2052 663 2113 alieni
718 2061 778 2113 et
829 2054 1228 2114 Lusitanorum
1286 2053 1563 2131 quaedam
1626 2053 1874 2133 oppida,
1951 2070 2290 2132 quamquam

274 2155 392 2198 uec
423 2138 703 2216 imperata
734 2137 1129 2198 detrectarent
1156 2145 1216 2196 et
1252 2136 1579 2199 advenienti
1623 2147 1824 2218 portas
1866 2138 2287 2217 patefacerent,

275 2221 515 2300 diripuit
554 2220 866 2282 hostiliter.
924 2220 991 2281 In
1027 2219 1211 2282 Gallia
1250 2221 1385 2282 fana
1420 2222 1750 2301 templaque
1788 2223 1956 2282 deum
1988 2222 2155 2282 donis
2196 2238 2287 2280 re-

275 2306 431 2366 ferta
485 2305 797 2383 expilavit,
841 2305 1019 2365 urbes
1072 2304 1242 2365 diruit
1286 2306 1521 2385 saepius
1563 2304 1638 2366 ob
1679 2305 1954 2386 praedam
2002 2323 2170 2384 qnam
2212 2303 2288 2363 ob

204 2388 584 2456 adelictum3
624 2388 775 2449 unde
805 2390 1053 2466 factum,
1106 2397 1168 2448 ut
1191 2407 1333 2450 auro
1375 2388 1691 2450 abundaret
1721 2391 2019 2470 ternisque
2059 2387 2291 2453 milibus

274 2489 562 2532 nummum
593 2474 649 2533 in
678 2472 859 2533 libras
891 2472 1257 2552 promercale
1300 2492 1406 2553 per
1443 2473 1664 2535 ltaliam
1710 2474 2157 2554 provinciasque
2207 2471 2287 2530 di-

274 2555 580 2616 venderet.
627 2555 692 2615 In
722 2558 905 2636 primo
939 2556 1240 2618 consulatu
1272 2558 1380 2617 tria
1420 2558 1573 2618 milia
1609 2557 1806 2637 pondo
1850 2558 1973 2618 auri
2003 2557 2225 2617 furatus
2254 2573 2289 2614 e

278 2638 608 2720 Capitolio,
660 2639 989 2700 tantundem
1031 2642 1273 2713 inaurati
1310 2642 1464 2700 aeris
1504 2642 1789 2722 reposuit.
1857 2641 2189 2700 Societates
2219 2655 2290 2700 ac

274 2741 464 2802 regna
511 2727 703 2802 pretio
745 2724 937 2801 dedit,
984 2733 1045 2785 ut
1082 2725 1180 2804 qui
1226 2726 1320 2784 uni
1361 2724 1697 2785 Ptolemaeo
1741 2741 1931 2804 prope
1985 2741 2093 2783 sex
2135 2723 2291 2783 milia

203 2824 256 2865 ao
279 2807 630 2868 talentorum
670 2825 775 2868 suo
819 2808 1176 2887 Pompeique
1216 2810 1448 2868 nomine
1494 2807 1822 2869 abstulerit.
1899 2808 2115 2869 Postea
2142 2825 2288 2868 vero

278 2889 730 2951 evidentissimis
775 2892 996 2970 rapinis
1042 2909 1114 2952 ac
1155 2892 1463 2970 sacrilegis
1500 2901 1559 2953 et
1599 2910 1779 2956 onera
1828 2892 2117 2954 bellorum
2152 2892 2287 2952 civi-

274 2975 413 3035 lium
453 2984 513 3034 et
541 2974 963 3054 triumphorum
1005 2994 1077 3036 ac
1115 2992 1414 3036 munerum
1453 2978 1722 3037 sustinuit
1765 2976 2073 3058 impendia.

395 3057 751 3137 Eloquentia
790 3059 1135 3140 militarique
1180 3077 1247 3118 re
1302 3068 1397 3120 aut
1453 3063 1720 3141 aequavit
1765 3062 2285 3141 praestantissimo-
2303 3071 2371 3124 55

275 3159 401 3202 rum
458 3141 710 3220 gloriam
743 3152 841 3204 aut
897 3144 1173 3204 excessit.
1260 3143 1403 3204 Post
1457 3146 1891 3206 accusationem
1940 3143 2289 3207 Dolabellae

207 3243 259 3286 8⁵
280 3225 429 3286 haud
463 3225 638 3286 dubie
668 3226 1028 3309 principibus
1056 3229 1318 3306 patronis
1360 3226 1760 3290 adnumeratus
1794 3238 1903 3290 est.
1985 3227 2160 3290 Certe
2194 3227 2285 3289 Gi-

278 3328 416 3371 cero
449 3309 522 3371 ad
549 3309 819 3390 Brutum,
866 3319 1133 3372 oratores
1175 3329 1549 3390 enumerans,
1593 3321 1771 3389 negat
1811 3332 1878 3374 se
1918 3312 2153 3389 videre,
2195 3311 2286 3372 cui

275 3393 488 3457 debeat
534 3393 758 3456 Caesar
797 3395 1047 3474 cedere,
1090 3397 1284 3473 aitque
1334 3412 1463 3454 eum
1505 3394 1864 3475 elegantem,
1928 3395 2287 3475 splendidam

277 3496 509 3559 quoque
556 3487 733 3560 atque
765 3482 933 3541 etiam
963 3480 1328 3555 magnificam
1358 3487 1417 3538 et
1456 3496 1805 3557 generosam
1836 3479 2084 3560 quodam
2112 3478 2285 3539 modo
