2553 3960
981 245 1076 292 DE
1111 244 1615 294 GRAMMATICIS.
2181 231 2295 292 261

296 417 393 460 sus
423 400 519 464 diu
542 401 601 459 in
634 400 854 478 patria,
900 400 1379 480 quinquagesimo
1423 401 1646 460 demum
1686 416 1836 460 anno
1876 399 2117 459 Romam
2165 416 2301 460 con·-

181 512 186 521 =
294 484 420 544 sule
465 482 755 545 Cicerone
790 485 1014 544 transiit
1062 483 1375 563 docuitque
1420 486 1640 545 maiore
1681 484 1830 544 fama
1875 500 2041 561 quam
2086 483 2300 543 emolu-

291 577 504 628 mento.
564 567 825 646 Namque
869 569 980 630 iam
1020 585 1314 646 persenex
1332 584 1672 647 pauperem
1693 586 1765 628 se
1792 573 1850 628 et
1869 565 2159 627 habitare
2185 565 2301 627 sub

291 652 515 732 tequlis
553 651 801 730 quodam
833 653 1059 730 scripto
1088 651 1318 713 fatetur.
1390 653 1620 714 Librum
1666 654 1867 729 etiam,
1914 653 2005 711 cui
2052 660 2143 710 est
2171 653 2299 712 titu-

251 736 381 795 slus
409 736 790 813 Perialogos‚
826 736 1003 796 edidit
1035 738 1424 797 continentem
1458 738 1730 817 querelas
1762 736 1834 797 de
1872 736 2121 813 iniuriis,
2155 753 2297 814 quas

295 821 672 898 professores
726 819 1107 898 neglegentia
1156 830 1251 881 aut
1317 821 1626 882 ambitione
1698 828 1999 901 parentum
2064 821 2297 898 accipe-

290 914 438 965 rent.
507 903 638 964 Fuit
667 912 859 964 autern
893 913 1132 965 naturae
1177 905 1468 983 acerbae,
1515 920 1631 966 non
1674 904 1847 966 modo
1899 906 1955 963 in
1986 903 2298 983 antisophi-

291 997 442 1066 stas,
486 1005 636 1069 qnos
682 990 836 1049 omni
866 990 925 1049 in
958 989 1274 1049 occasione
1326 990 1638 1067 laceravit,
1682 989 1788 1050 sed
1820 989 1991 1048 etiam
2026 991 2084 1048 in
2126 987 2297 1048 disci-

289 1073 497 1152 pulos,
538 1081 682 1133 utet
709 1072 980 1135 Horatius
1007 1073 1295 1151 significat
1321 1074 1651 1152 plagosum
1685 1090 1813 1134 eum
1845 1073 2154 1152 appellans
2175 1117 2193 1150 ‚
2242 1081 2300 1132 et

225 1175 274 1216 10
288 1156 568 1219 Domitius
600 1157 825 1219 Marsus
856 1155 1156 1218 scribens:

449 1298 451 1304 ,
637 1246 702 1302 Si
726 1261 867 1321 quos
901 1245 1138 1303 Orbilius
1160 1245 1357 1319 ferula
1388 1249 1708 1320 scutis-aque
1737 1247 1946 1302 cecidit.

287 1324 380 1384 Ac
420 1344 494 1386 ne
523 1327 848 1405 principum
880 1326 1109 1405 quidem
1149 1327 1406 1387 virorum
1447 1326 1832 1387 insectatione
1873 1325 2176 1395 abstinuit3
2225 1324 2297 1384 si·

291 1407 520 1487 quidem
551 1411 786 1487 ignotus
832 1409 1018 1471 adhuc
1051 1428 1179 1470 cum
1217 1410 1431 1471 indicio
1462 1411 1748 1491 frequenti
1795 1411 2182 1470 testimonium
2214 1407 2295 1469 di-

292 1501 483 1569 ceret,
510 1495 903 1573 interrogatus
926 1511 958 1554 a
980 1496 1249 1556 Varrone
1278 1495 1545 1557 diversae
1572 1495 1753 1572 partis
1777 1494 2064 1554 advocato
2081 1537 2099 1568 ‚
2135 1493 2295 1572 quid-

222 1592 270 1634 ιε
290 1594 419 1636 nam
449 1586 654 1656 ageret
684 1586 742 1638 et
774 1594 887 1657 quo
911 1577 1165 1638 artificio
1210 1586 1499 1654 uteretur,
1540 1576 1908 1657 qibberosos
1935 1593 2006 1636 se
2046 1577 2123 1636 de
2162 1577 2299 1638 sole

289 1660 354 1719 in
388 1660 672 1721 umbram
708 1660 1060 1740 transferre
1089 1661 1420 1741 respondit;
1454 1660 1609 1740 quod
1641 1660 1879 1722 Murena
1912 1660 2124 1739 gibber
2151 1669 2295 1721 erat.

289 1744 454 1803 Vixit
481 1761 669 1824 prope
694 1744 766 1807 ad
800 1746 1172 1805 centesimum
1196 1747 1401 1807 aetatis
1431 1763 1667 1823 annum,
1700 1747 1907 1806 amissa
1939 1746 2049 1805 iam
2075 1743 2297 1825 pridem

289 1831 563 1888 memoria
581 1873 598 1906 ,
636 1838 698 1889 ut
726 1847 935 1889 versus
962 1827 1222 1890 Bibaculi
1253 1828 1459 1891 docet:

269 1954 278 1959 ν·
685 1917 923 1976 Orbilius
947 1917 1171 1974 ubinam
1203 1923 1309 1988 est,
1347 1920 1655 1974 litterarum
1684 1917 1909 1974 oblivio?

218 2015 271 2055 20
291 1999 488 2059 Statua
522 2000 646 2060 eius
678 1998 997 2060 Beneventi
1030 1997 1352 2059 ostenditur
1377 2000 1434 2058 in
1466 1997 1756 2077 Capitolio
1789 1998 1861 2057 ad
1892 1999 2181 2058 sinistrum
2214 1996 2294 2057 la·

215 2082 222 2088 ’
287 2090 378 2141 tus
422 2100 742 2144 marmorea
782 2082 979 2143 habitu
1021 2083 1281 2143 sedentis
1324 2101 1396 2142 ac
1437 2082 1690 2163 palliati,
1740 2083 2026 2162 appositis
2069 2079 2294 2140 duobus

288 2166 533 2227 scriniis.
569 2167 825 2246 Reliquit
857 2167 1032 2228 lilium
1057 2166 1364 2246 Orbilium,
1395 2176 1453 2227 et
1479 2169 1666 2246 ipsum
1689 2167 2122 2245 grammaticum
2155 2181 2289 2244 pro-

285 2251 594 2311 sessorem.

412 2333 474 2393 L.
507 2335 712 2395 Ateius
741 2335 1083 2413 Philologus
1114 2334 1416 2395 libertinus
1447 2334 1689 2395 Athenis
1720 2342 1810 2393 est
1841 2342 2028 2394 natus.
2110 2329 2293 2392 Hunc
2311 2340 2378 2393 lo

213 2433 267 2474 25
288 2415 494 2496 Capito
526 2417 733 2478 Ateius
764 2428 934 2479 notus
967 2420 1106 2479 iuris
1137 2419 1433 2479 consultus
1466 2420 1624 2479 inter
1660 2417 2107 2497 qrammaticos
2152 2414 2291 2475 rhe-

286 2508 479 2562 torem
501 2547 517 2578 ‚
549 2502 710 2563 iuter
740 2502 1022 2565 rhetores
1050 2504 1521 2582 qrammaticum
1563 2501 1766 2581 fuisse
1797 2503 1894 2563 ait.
1967 2500 2054 2560 De
2088 2499 2296 2560 eodem
2328 2519 2335 2525 ·

287 2584 523 2645 Asinius
556 2585 745 2646 Pollio
792 2587 848 2645 in
892 2585 1077 2662 libro,
1129 2604 1244 2665 quo
1276 2587 1533 2647 Sallustii
1577 2588 1794 2665 scripta
1830 2583 2207 2665 reprehendit
2237 2591 2297 2642 ut

285 2670 456 2729 nimia
488 2672 812 2747 priscorum
842 2669 1150 2746 verborum
1181 2671 1550 2731 affectatione
1595 2670 1806 2747 oblita,
1852 2672 1928 2729 ita
1972 2667 2172 2728 tradit:
2218 2664 2296 2726 In

287 2769 421 2812 eam
449 2770 580 2813 rem
609 2752 985 2814 adiutorium
1016 2755 1075 2814 ei
1096 2753 1250 2833 fecit
1274 2755 1545 2815 maxime
1578 2752 1828 2834 quidam
1862 2750 2080 2813 Ateius
2101 2750 2291 2811 Prae·

214 2853 263 2893 30
287 2842 556 2897 textatus
576 2836 805 2899 nobilis
828 2837 1273 2918 qrammaticus
1302 2836 1582 2916 Latinus,
1621 2837 2093 2898 declamantium
2119 2835 2290 2895 dein-

286 2920 364 2981 de
392 2920 647 2983 auditor
681 2927 866 3001 atque
886 2928 1268 3001 praeceptor
1285 2969 1302 3000 ‚
1348 2921 1436 2982 ad
1461 2939 1760 2983 summam
1802 2921 2161 2999 Philoloqus
2209 2917 2292 2979 ab

283 3011 472 3066 semet
506 3006 880 3067 nominatus.
956 3005 1094 3087 Ipse
1128 3007 1200 3066 ad
1229 3006 1483 3067 Laelium
1511 3006 1778 3067 Hermam
1826 3005 2088 3084 scripsit,
2133 3020 2203 3063 se
2230 3004 2294 3063 in

283 3090 546 3151 Graecis
587 3090 812 3151 litteris
850 3107 1139 3171 maynum
1175 3108 1541 3168 processum
1585 3089 1820 3151 habere
1863 3090 2017 3150 etin
2052 3084 2294 3148 Latinis

282 3174 667 3250 nonnullum,
708 3174 963 3235 audisse
1006 3172 1338 3236 Antonium
1369 3174 1749 3253 Gniphonem
1792 3171 2090 3253 eiusque*
2132 3170 2290 3232 Her-

220 3275 476 3333 tsmam,
502 3265 731 3337 postea
754 3258 1062 3320 docuisse.
1125 3258 1533 3337 Praecepisse
1563 3265 1766 3320 autem
1787 3258 1993 3319 multis
2017 3264 2074 3318 et
2098 3254 2294 3316 claris

285 3340 624 3419 iuvenibus,
648 3343 715 3404 in
735 3344 874 3423 quis
896 3339 1104 3421 Appio
1128 3360 1369 3423 quoque
1391 3350 1450 3404 et
1474 3341 1738 3404 Pulchro
1765 3341 2048 3403 Claudiis
2065 3338 2291 3417 fratri-

288 3422 436 3501 bus,
483 3443 738 3505 quorum
782 3428 966 3487 etiam
1010 3445 1213 3487 conces
1237 3428 1307 3486 in
1341 3426 1676 3505 provincia
1712 3426 1923 3505 fuerit.
1998 3420 2291 3497 Philologi

289 3507 740 3587 appellationem
775 3512 1163 3589 assumpsisse
1187 3510 1442 3589 videtur,
1480 3513 1611 3592 quia
1642 3511 1729 3571 sic
1759 3519 1817 3570 ut
1845 3506 2288 3574 Eratosthenes,
