2553 3960
295 213 417 273 244
467 224 526 273 ο.
554 223 854 273 snmom
886 223 1141 283 TRANQ.
1178 223 1273 270 DE
1308 224 1470 270 VITA
1511 222 1877 270 CAESARUM
1911 223 2051 270 121ss.
2076 224 2228 273 vm.

295 389 353 441 et
385 381 565 459 ipsius
590 381 802 458 imago.
868 377 1219 439 Celebrabat
1258 388 1318 438 et
1364 379 1420 436 in
1468 377 1698 437 Albano
1740 386 1880 455 quot
1919 378 2080 438 annis
2122 379 2298 453 Quin-

296 463 518 543 quatria
564 463 889 540 Minervae,
943 462 1032 523 cui
1088 461 1405 539 collegium
1452 462 1799 537 instituerat,
1851 479 1925 520 ex
1974 479 2088 540 quo
2135 471 2299 524 sorte

294 547 447 607 ducti
481 548 815 625 magisterio
853 547 1231 625 fungerentur
1262 546 1620 623 ederentque
1667 545 1906 605 eximias
1954 546 2298 606 venationes

294 640 351 691 et
391 633 664 692 scenicos
710 631 911 709 ludos,
959 647 1252 709 superque
1301 637 1595 689 oratorum
1644 647 1714 689 ac
1760 638 2060 708 poetarum
2111 638 2295 692 certa-

294 733 465 775 mina.
2317 741 2343 780 s

422 798 794 876 Congiarium
829 798 1050 878 populo
1087 816 1443 858 nummorum
1474 805 1846 857 trecenorum
1882 807 1970 858 ter
1996 796 2172 875 dedit,
2214 807 2298 857 at-

294 901 406 963 que
454 885 603 945 inter
654 883 992 962 spectacula
1044 885 1296 942 muneris
1339 881 1723 959 largissimum
1774 882 2023 960 epulum.
2105 882 2296 960 Septi-

290 968 546 1029 montiali
597 985 767 1027 sacro
817 966 1076 1047 quidem,
1133 967 1356 1027 senatui
1410 966 1703 1045 equitique
1752 968 2036 1044 panariis,
2100 964 2298 1045 plebei

292 1051 593 1130 sportellis
631 1070 758 1111 cum
806 1051 1054 1111 obsonio
1101 1049 1452 1125 distributis,
1501 1050 1717 1109 initium
1758 1049 2032 1111 vescendi
2079 1052 2297 1129 primus

290 1135 459 1204 fecit;
499 1133 707 1213 dieque
744 1137 1010 1213 proximo
1046 1152 1215 1195 omne
1258 1152 1447 1211 genus
1481 1151 1672 1193 rerum
1701 1134 1938 1194 missilia
1963 1135 2208 1213 sparsit,
2236 1141 2298 1192 et
2317 1144 2370 1186 10

292 1220 424 1297 quia
474 1236 610 1297 pars
660 1219 842 1278 maior
892 1221 1037 1278 intra
1088 1217 1393 1296 popularia
1454 1216 1784 1294 deciderat,
1856 1219 2295 1297 quinquagenas

291 1311 548 1362 tesseras
593 1301 651 1360 in
696 1301 958 1380 singulos
1007 1319 1224 1362 cuneos
1265 1302 1555 1380 equestris
1606 1319 1677 1361 ac
1740 1303 2016 1362 senatorii
2078 1300 2296 1361 ordinis

294 1386 703 1465 pronuntiavit.

235 1487 268 1537 5
416 1470 663 1530 Plurima
696 1479 754 1529 et
791 1469 1142 1549 amplissima
1182 1487 1367 1548 opera
1402 1468 1670 1529 incendio
1701 1469 2003 1549 absumpta
2027 1469 2295 1545 restituit,

197 1476 216 1635 ›
290 1557 348 1615 in
394 1556 520 1633 quis
561 1563 619 1614 et
660 1553 1038 1633 Capitolium,
1089 1553 1243 1634 quod
1285 1572 1484 1613 rursus
1527 1561 1776 1622 arserat3
1821 1552 1925 1613 sed
1963 1554 2151 1613 omnia
2186 1551 2294 1612 sub
2320 1572 2371 1614 ιε

189 1638 197 1677 ³
289 1638 453 1699 titulo
479 1647 689 1699 tantum
714 1657 819 1699 suo
859 1657 928 1698 ac
966 1640 1090 1698 sine
1129 1638 1243 1698 ulla
1285 1638 1509 1716 pristini
1545 1636 1797 1697 auctoris
1829 1638 2124 1697 memoria.
2178 1636 2296 1698 No-

234 1732 251 1831 t
290 1741 420 1782 vam
446 1732 635 1784 autem
666 1724 941 1783 excitavit
977 1722 1179 1783 aedem
1211 1723 1268 1781 in
1307 1720 1596 1801 Capitolio
1635 1718 1876 1782 Custodi
1909 1721 2070 1799 Iovi,
2116 1731 2174 1781 et
2209 1721 2297 1782 fo·¹

289 1825 413 1866 rum
450 1806 606 1886 quod
639 1825 791 1866 nunc
823 1806 1056 1867 Nervae
1090 1815 1354 1883 vocatur,
1392 1808 1528 1865 item
1567 1804 1801 1867 Flaviae
1842 1805 2116 1885 templum
2151 1824 2295 1883 gen·

243 1934 248 1959 ÷
289 1893 363 1951 tis
400 1900 459 1950 et
492 1888 733 1952 stadium
771 1899 827 1950 et
863 1890 1065 1951 Odium
1103 1900 1159 1951 et
1198 1889 1629 1967 naumachiam,
1678 1908 1711 1949 e
1766 1890 1926 1951 cuius
1971 1898 2177 1968 postea
2215 1889 2297 1949 la·

241 1972 250 2058 J
292 1975 426 2056 pide
485 1977 764 2036 maximus
814 1976 1037 2053 circus,
1103 1974 1324 2035 deustis
1391 1975 1672 2054 utrimque
1730 1974 2042 2052 lateribus,
2102 1983 2295 2034 extru-
2317 2001 2372 2041 20

294 2069 418 2119 ctus
456 2069 566 2119 est.

237 2154 270 2209 6
421 2142 840 2222 Expeditiones
866 2144 1069 2223 partim
1107 2152 1320 2222 sponte
1356 2143 1636 2221 suscepit,
1677 2145 1883 2221 partim
1920 2143 2296 2204 necessario:

291 2236 500 2305 sponte
525 2226 581 2285 in
628 2224 902 2305 Catthos,
950 2228 1290 2288 necessario
1354 2244 1523 2287 unam
1576 2227 1633 2285 in
1682 2227 2009 2305 Sarmatas,
2060 2226 2299 2303 legione

291 2329 418 2370 cum
453 2310 649 2388 legato
687 2310 851 2370 simul
890 2329 1093 2389 caesa,
1129 2313 1187 2370 in
1223 2310 1422 2371 Dacos
1470 2310 1643 2387 (luas,
1675 2311 1914 2389 primam
1960 2309 2153 2389 Oppio
2192 2309 2297 2369 Sa-

288 2394 425 2454 bino
464 2394 750 2455 consulari
777 2413 1102 2475 oppresso,
1148 2395 1460 2456 secundam
1497 2393 1774 2455 Cornelio
1800 2394 2026 2472 Fusco,
2064 2394 2372 2474 praese-2⁶

292 2487 387 2539 cto
424 2478 744 2539 cohortium
780 2481 1309 2558 praetorianarum,
1351 2480 1442 2539 cui
1492 2478 1634 2538 belli
1684 2496 1955 2539 summam
1992 2480 2294 2539 commise-

288 2572 395 2623 rat.
451 2561 541 2622 De
577 2561 797 2624 Catthis
826 2563 1119 2643 Dacisque
1156 2573 1289 2644 post
1321 2563 1481 2623 varia
1515 2563 1741 2641 proelia
1775 2563 2065 2642 duplicem
2105 2563 2295 2622 trium·

288 2646 460 2727 phnm
510 2648 649 2725 egit.
738 2646 829 2708 De
888 2648 1163 2708 Sarmatis
1220 2648 1477 2708 lauream
1534 2646 1707 2706 modo
1775 2644 2109 2726 Capitolino
2168 2645 2295 2706 Iovi

287 2730 526 2791 rettulit.

408 2813 632 2875 Bellum
665 2814 836 2875 civile
861 2825 1074 2876 motum
1105 2833 1138 2875 a
1162 2814 1224 2874 L.
1262 2814 1549 2890 Antonio,
1589 2815 1909 2895 superioris
1955 2814 2295 2876 Germaniae
2318 2831 2374 2873 ao

287 2898 580 2978 praeside,
617 2899 871 2959 confecit
905 2898 1118 2959 absens
1149 2898 1434 2958 felicitate
1462 2902 1626 2974 mira,
1668 2916 1794 2959 cum
1830 2899 1960 2978 ipsa
1981 2898 2297 2959 dimicatio·

285 2983 376 3042 nis
413 2984 558 3044 hora
601 2983 892 3043 resolutus
927 2992 1175 3062 repente
1208 2982 1446 3043 Rhenus
1490 2985 1830 3043 transituras
1878 2982 1950 3044 ad
1985 2982 2297 3043 Antonium

288 3069 492 3144 copias
533 3067 910 3128 barbarorum
943 3067 1307 3126 inhibuisset.
1393 3065 1482 3126 De
1530 3083 1642 3144 qua
1692 3067 1938 3128 victoria
1970 3067 2299 3147 praesagiis

287 3151 448 3226 prius
512 3169 679 3230 quam
731 3152 940 3212 nuntiis
986 3150 1306 3229 comperit,
1365 3149 1648 3230 siqnidem
1693 3153 1824 3231 ipso
1896 3169 2010 3231 quo
2069 3150 2297 3210 dimica-

286 3240 403 3291 tum
452 3243 576 3293 erat
634 3234 726 3295 die
771 3245 1012 3296 statuam
1075 3237 1198 3295 eius
1242 3235 1466 3295 Romae
1514 3235 1757 3312 insignis
1805 3235 1997 3314 aquila
2047 3237 2373 3294 circum-³⁵

291 3314 463 3391 plexa
502 3318 689 3393 pinnis
722 3319 1034 3397 clangores
1071 3319 1422 3380 laetissimos
1448 3318 1655 3389 edidit;
1693 3319 1985 3399 pauloque
2024 3328 2159 3398 post
2197 3334 2296 3377 oc·

291 3397 469 3457 cisum
493 3399 797 3461 Antonium
835 3403 981 3463 adeo
1008 3405 1300 3481 vulgatum
1332 3412 1441 3480 est,
1477 3410 1539 3463 ut
1589 3412 1760 3482 caput
1809 3422 2043 3483 quoque
2083 3401 2297 3480 adpor-

289 3485 461 3538 tatum
489 3484 612 3541 eius
655 3484 870 3546 vidisse
912 3505 976 3547 se
1017 3488 1284 3567 plerique
1322 3485 1755 3549 contenderent.
