2553 3960
943 255 1510 304 VITELLIUS.
2089 236 2204 299 221

217 422 405 474 torum
439 411 1013 492 publicanorumque,
1052 413 1147 489 qui
1176 428 1444 489 umquam
1475 429 1541 469 se
1572 419 1667 469 aut
1696 407 1918 467 Romae
1959 404 2213 466 debitum

198 508 315 559 aut
341 500 398 557 in
427 498 523 556 via
551 496 870 574 portorium
901 495 1286 572 flagitassent,
1319 496 1418 554 vix
1446 495 1546 554 ulli
1571 492 1868 573 pepercit;
1905 509 1982 550 ex
2005 489 2213 568 quibus

222 580 507 662 quendam
559 580 616 637 in
668 580 796 658 ipsa
850 579 1197 639 salutatione
1248 577 1540 658 supplicio
1593 576 1857 636 traditum
1908 576 2212 652 statimque

218 673 582 740 revocatum,
622 664 846 722 cunctis
878 663 1239 724 clementiam
1280 662 1673 739 laudantibus,
1725 677 1922 720 coram
1970 658 2216 718 interfici

173 773 200 814 s
219 750 407 825 iussit,
441 747 599 807 velle
621 765 687 805 se
723 746 924 807 dicens
955 764 1226 825 pascere
1254 747 1513 818 oculos;
1544 745 1785 806 alterius
1810 760 2041 823 poenae
2066 742 2213 802 duos

220 832 373 894 lilios
407 831 619 891 adiecit
661 830 968 910 deprecari
1014 848 1123 911 pro
1166 839 1333 910 patre
1382 840 1644 891 conatoS.
1702 827 1821 889 Sed
1861 836 1920 888 et
1960 828 2214 906 equitem

216 917 290 978 R.
326 914 810 996 proclamantem,
844 932 970 974 cum
1013 924 1320 994 raperetur
1366 914 1438 975 ad
1482 931 1758 994 poenam:
1807 910 2006 972 Heres
2044 927 2216 970 meus

219 1002 325 1063 es!
352 999 636 1060 exhibere
658 999 985 1058 testamenti
1009 998 1235 1059 tabulas
1262 1000 1479 1077 coegit,
1503 1007 1680 1076 utque
1702 996 1848 1074 legit
1863 994 2215 1056 coheredem

220 1086 330 1146 sibi
361 1084 630 1145 libertum
664 1085 791 1142 eius
832 1085 1179 1162 ascriptum,
1218 1083 1467 1160 iugulari
1500 1101 1628 1142 cum
1653 1080 1864 1142 liberto
1889 1080 2212 1160 imperavit.

153 1195 202 1238 ιο
221 1169 518 1247 Quosdam
550 1177 608 1228 et
650 1166 722 1227 de
764 1167 942 1246 plebe
981 1167 1058 1228 ob
1101 1167 1159 1227 id
1202 1169 1414 1247 ipsum,
1469 1166 1625 1246 quod
1670 1168 1935 1228 Venetae
1973 1163 2214 1224 factioni

223 1254 383 1316 clare
412 1251 564 1313 male
595 1251 877 1329 dixerant,
908 1252 1226 1330 interemit,
1261 1260 1593 1331 contemptu
1624 1251 1712 1312 sui
1743 1259 1802 1309 et
1828 1267 1980 1310 nova
2022 1265 2131 1328 spe
2160 1246 2217 1307 id

223 1356 399 1400 ausos
447 1338 733 1415 opinatus.
803 1336 995 1396 Nullis
1047 1346 1240 1397 tamen
1284 1337 1570 1397 infensior
1603 1354 1771 1414 quam
1798 1332 2129 1394 vernaculis
2157 1341 2218 1392 et

222 1421 657 1498 mathematicis,
685 1429 744 1479 ut
778 1423 1020 1501 quisque
1054 1420 1399 1497 deferretur,
1434 1420 1741 1480 inauditum
1782 1419 1975 1496 capite
2019 1418 2214 1495 punie-

223 1506 338 1584 bat,
373 1503 781 1580 exacerbatus,
814 1504 968 1583 quod
995 1514 1131 1584 post
1161 1504 1413 1564 edictum
1443 1523 1624 1580 suum,
1658 1520 1773 1583 quo
1803 1500 2039 1561 iubebat
2070 1501 2214 1559 intra

155 1601 205 1654 η’
222 1589 316 1652 Kl.
352 1589 480 1650 Oct.
512 1587 659 1648 urbe
692 1587 974 1666 Italiaque
1002 1586 1388 1647 mathematici
1424 1587 1802 1662 excederent,
1836 1585 2026 1645 statim
2048 1583 2215 1643 libel-

223 1676 313 1735 lus
342 1674 683 1753 propositus
722 1680 833 1747 est,
868 1678 927 1731 et
950 1669 1307 1731 Chaldaeos
1339 1670 1569 1747 dicere,
1605 1670 1829 1730 bonum
1852 1667 2111 1747 factum,
2141 1685 2220 1728 ne

230 1757 511 1818 Vitellius
540 1754 948 1815 Germanicus
974 1754 1146 1815 intra
1175 1754 1431 1816 eundem
1464 1753 1885 1816 Calendarum
1919 1752 2078 1813 diem
2110 1769 2212 1811 us-

224 1857 412 1922 quam
440 1845 620 1900 esset.
688 1840 1010 1917 Suspectus
1041 1847 1103 1898 et
1132 1839 1189 1899 in
1218 1848 1407 1905 morte
1428 1840 1623 1900 matris
1648 1839 1774 1914 fuit,
1808 1839 1976 1917 quasi
2001 1854 2215 1913 aegrae

225 1923 499 2007 praeberi
533 1922 721 1985 cibum
753 1922 1165 2004 prohibuisset,
1193 1924 1545 1985 vaticinante
1579 1921 1783 1985 Cattha
1815 1921 2091 1999 muliere,
2126 1922 2216 1979 cui

150 2028 203 2071 κ
224 2009 383 2070 velut
412 2008 652 2071 oraculo
682 2009 1114 2088 adquiescebat,
1149 2010 1230 2069 ita
1265 2009 1490 2069 demum
1527 2009 1766 2069 firmiter
1799 2025 1870 2068 ac
1903 2006 2218 2066 diutissime

221 2098 660 2173 imperaturum,
709 2094 758 2153 si
804 2102 1109 2173 superstes
1153 2095 1380 2173 parenti
1423 2094 1729 2153 extitisset.
1817 2090 1937 2151 Alii
1990 2089 2221 2151 tradunt

221 2181 406 2260 ipsam
449 2178 644 2239 taedio
690 2179 1079 2257 praesentium
1119 2187 1177 2237 et
1218 2178 1627 2237 imminentium
1664 2185 1821 2237 metu
1862 2192 2149 2236 venenum
2186 2192 2221 2235 a

222 2264 342 2325 lilio
376 2264 746 2343 impetrasse,
783 2261 933 2323 haud
961 2280 1102 2323 sane
1136 2261 1467 2322 difficulter.

344 2346 568 2407 Octavo
597 2347 825 2426 imperii
854 2362 1056 2406 mense
1089 2347 1462 2407 desciverunt
1491 2346 1563 2408 ab
1607 2364 1683 2407 eo
1728 2345 2024 2406 exercitus
2056 2344 2300 2409 Moe-15

156 2458 205 2499 25
229 2435 440 2493 siarum
480 2440 653 2510 atque
694 2430 1060 2507 Pannoniae,
1108 2432 1245 2490 item
1292 2450 1369 2491 ex
1410 2430 1804 2491 transmarinis
1848 2428 2116 2489 Iudaicus
2161 2435 2221 2485 et

161 2525 166 2528 '
226 2515 567 2593 SyriaticuS,
598 2533 669 2575 ac
703 2532 841 2593 pars
871 2516 929 2573 in
965 2513 1220 2574 absentis
1250 2532 1390 2592 pars
1420 2515 1478 2573 in
1508 2515 1835 2595 praesentis
1868 2511 2218 2592 Vespasiani

223 2600 406 2662 verba
450 2600 723 2660 iurarunt.
830 2597 924 2657 Ad
968 2598 1326 2658 retinendum
1368 2617 1516 2676 ergo
1563 2607 1890 2659 ceterorum
1931 2596 2220 2657 hominum

225 2685 472 2746 studium
500 2701 570 2743 ac
597 2683 879 2759 favorem,
914 2681 1054 2742 nihil
1089 2700 1206 2742 non
1237 2682 1471 2762 publice
1506 2684 1886 2764 privatimque
1930 2680 2091 2740 nullo
2122 2678 2218 2740 ad-

224 2768 407 2831 hibito
443 2767 616 2827 modo
651 2766 896 2844 largitus
925 2775 1034 2826 est.
1092 2765 1381 2826 Dilectum
1419 2785 1651 2847 quoque
1686 2785 1757 2828 ea
1789 2765 2133 2827 condicione
2165 2763 2220 2821 in

150 2871 207 2915 30
228 2853 373 2915 urbe
407 2852 548 2929 egit,
583 2849 645 2911 ut
672 2850 1016 2911 voluntariis
1047 2869 1163 2911 non
1185 2851 1358 2911 modo
1384 2852 1714 2911 missionem
1738 2859 1874 2929 post
1899 2845 2219 2924 victoriam,

225 2939 328 3000 sed
362 2937 533 2997 etiam
567 2944 976 2996 veteranorum
1009 2936 1310 3014 iustaeque
1344 2936 1581 3012 militiae
1623 2933 1927 2996 commoda
1973 2932 2220 3011 pollice-

220 3033 399 3085 retur.
466 3021 714 3098 Urgenti
751 3019 961 3080 deinde
990 3029 1148 3081 terra
1180 3022 1439 3099 marique
1471 3019 1625 3080 hosti
1659 3019 1793 3080 hinc
1823 3019 2061 3078 fratrem
2093 3034 2222 3077 cum

224 3108 417 3169 classe
449 3124 520 3166 ac
547 3104 829 3165 tironibus
861 3113 918 3165 et
956 3104 1339 3182 gladiatorum
1379 3121 1548 3164 manu
1581 3103 1889 3183 opposuit,
1935 3101 2068 3162 hinc
2111 3099 2220 3161 Be-

223 3193 547 3253 triacenses
579 3192 784 3269 cepias
814 3198 872 3249 et
900 3188 1111 3259 duces;
1160 3198 1334 3268 atque
1374 3188 1592 3267 ubique
1637 3196 1732 3247 aut
1775 3195 2081 3265 superatus
2127 3193 2222 3246 aut

150 3275 513 3357 asproditus,
544 3275 789 3335 salutem
819 3273 929 3333 sibi
975 3283 1032 3333 et
1074 3274 1261 3334 milies
1303 3276 1632 3334 sestertium
1675 3289 1710 3331 a
1752 3271 1956 3332 Flavio
2000 3269 2217 3330 Sabino

222 3360 573 3439 Vespasiani
624 3359 810 3420 fratre
860 3360 1116 3438 pepigit;
1188 3361 1497 3437 statimque
1551 3374 1656 3437 pro
1713 3354 1990 3433 gradibus
2038 3353 2218 3415 Palati

221 3443 373 3523 apud
404 3444 742 3523 frequentes
771 3443 1018 3521 milites,
1064 3443 1281 3519 cedere
1312 3457 1378 3502 se
1412 3443 1658 3521 imperio
1692 3439 1847 3520 quod
1888 3439 2097 3498 invitus
2126 3453 2216 3494 re-

224 3528 517 3607 cepisset,
563 3528 894 3607 professus,
945 3529 1167 3589 cunctis
1209 3524 1655 3588 reclamantibus
1696 3543 1819 3586 rem
1858 3520 2102 3595 distulit,
2148 3535 2219 3579 ac
