2553 3960
1129 253 1391 302 o‘rn0.
2153 241 2276 303 213

281 409 482 480 litavit,
509 427 635 468 cum
659 409 760 469 tali
783 410 1074 471 sacrificio
1100 411 1391 470 contraria
1420 418 1553 470 exta
1579 412 1809 489 potiora
1834 412 1981 488 sint,
2010 417 2068 469 et
2090 411 2276 489 primo

282 509 527 570 egressu
551 493 1013 555 inundationibus
1038 493 1268 556 Tiberis
1294 493 1650 571 retardatuS,
1677 493 1749 555 ad
1779 496 2154 554 vicensimum
2191 502 2272 554 et-

278 579 390 636 iam
412 576 663 656 lapidem
692 579 856 639 ruina
881 578 1278 640 aedificiorum
1303 577 1666 658 praeclusam
1688 579 1840 638 viam
1869 578 2129 639 offendit.
2182 578 2268 637 Si·
2306 584 2342 640 9

278 661 397 720 mili
420 663 764 740 temeritate,
792 666 1053 742 quamvis
1086 661 1317 723 dubium
1353 663 1563 722 nemini
1603 671 1765 723 esset
1802 664 1938 741 quin
1973 662 2119 723 trahi
2153 660 2276 721 bel·

232 769 258 808 5
279 745 395 805 lum
417 754 743 825 oporteret,
770 747 998 826 quando
1028 756 1087 807 et
1119 747 1271 806 fame
1299 755 1357 806 et
1379 748 1662 824 angustiis
1685 746 1946 807 locorum
1975 754 2279 824 urgeretur

277 829 486 906 hostis,
512 846 680 907 quam
705 833 945 910 primum
970 841 1161 891 tamen
1197 830 1506 891 decertare
1541 832 1766 908 statuit,
1807 833 1933 891 sive
1969 832 2277 910 impatiens

278 914 563 991 longioris
589 913 997 976 sollicitudinis
1026 932 1392 995 speransque
1425 923 1555 974 ante
1581 914 1784 975 Vitelli
1812 914 2119 975 adventum
2143 932 2275 994 pro-

274 998 465 1075 fligari
502 997 805 1078 plurimum
832 1017 1034 1080 posse,
1061 1001 1188 1059 sive
1213 1000 1401 1077 impar
1422 998 1661 1059 militum
1686 998 1879 1059 ardori
1905 1016 2158 1079 pugnam
2177 997 2275 1058 de·

273 1084 657 1164 poscentium.
720 1082 849 1145 Nec
873 1083 977 1144 ulli
1000 1101 1233 1164 pugnae
1257 1083 1420 1143 affuit
1441 1081 1814 1161 substititque
1837 1082 2099 1143 Brixelli.

204 1188 255 1229 10
399 1165 474 1227 Et
498 1166 680 1227 tribus
702 1168 934 1246 quidem
973 1186 1175 1228 verum
1208 1166 1602 1227 mediocribus
1644 1166 1868 1246 proelis
1907 1166 2059 1247 apud
2085 1167 2276 1246 Alpes

272 1254 544 1331 circaque
562 1251 915 1314 Placentiam
941 1261 998 1313 et
1020 1251 1092 1313 ad
1118 1250 1402 1326 Castoris,
1427 1251 1583 1329 qnod
1608 1251 1741 1312 loco
1784 1270 1993 1313 nomen
2027 1261 2149 1328 est,
2192 1252 2275 1310 vi·

273 1338 381 1405 cit;
411 1337 731 1397 novissimo
765 1339 1133 1416 maximoque
1176 1334 1330 1416 apud
1364 1334 1691 1397 Betriacum
1729 1335 1930 1397 fraude
1966 1344 2275 1415 superatus

271 1428 382 1497 est,
407 1437 535 1479 cum
559 1437 667 1499 spe
691 1422 987 1500 conloquii
1020 1421 1204 1497 facta,
1233 1421 1397 1498 quasi
1423 1420 1495 1480 ad
1528 1419 1918 1480 conditionem
1942 1421 2106 1499 pacis
2133 1419 2275 1479 mili·

269 1503 424 1564 tibus
449 1503 695 1580 eductis,
721 1523 798 1565 ex
819 1506 1118 1585 inproviso
1144 1512 1318 1582 atque
1349 1503 1409 1562 in
1447 1506 1576 1583 ipsa
1620 1503 2080 1564 consalutatione
2117 1503 2275 1563 dimi-

204 1604 252 1646 ιι
272 1586 515 1648 candum
537 1588 764 1648 fuisset.
829 1588 921 1648 Ac
953 1590 1142 1648 statim
1179 1585 1463 1646 moriendi
1501 1589 1773 1666 impetum
1799 1589 1989 1666 cepit,
2026 1596 2086 1646 ut
2117 1587 2275 1647 multi

269 1690 382 1731 nec
414 1673 624 1731 frustra
649 1674 980 1750 opinantur,
1006 1672 1194 1748 magis
1222 1668 1445 1749 pudore
1467 1688 1543 1729 ne
1560 1679 1720 1730 tanto
1743 1688 1936 1730 rerum
1958 1670 2275 1731 hominum-

271 1773 386 1834 que
410 1754 674 1835 periculo
698 1754 1146 1815 dominationem
1171 1753 1284 1813 sibi
1309 1771 1581 1814 asserere
1623 1764 2068 1833 perseveraret,
2107 1773 2276 1834 quam

272 1838 687 1918 desperatione
711 1839 827 1900 ulla
853 1847 949 1899 ant
971 1838 1290 1900 diffidentia
1310 1839 1641 1918 copiarum:
1671 1841 1892 1919 quippe
1915 1839 2166 1900 residuis
2189 1841 2274 1900 in·

270 1924 573 2002 tegrisque
599 1924 770 1985 etiam
798 1942 948 1984 nunc
973 1941 1117 2004 quas
1144 1940 1342 1984 secum
1368 1922 1442 1985 ad
1479 1923 1769 1984 secundos
1811 1942 1980 1985 casus
2019 1923 2273 1984 detinue-

199 2026 253 2068 πο
273 2017 381 2086 rat,
408 2016 468 2068 et
489 2008 1035 2088 supervenientibus
1059 2008 1188 2069 aliis
1225 2026 1259 2067 e
1284 2007 1566 2069 Dalmatia
1583 2007 1994 2087 Pannoniaque
2032 2017 2091 2069 et
2115 2009 2273 2070 Moe·

285 2095 392 2171 sia,
415 2111 490 2153 ne
511 2094 683 2153 victis
705 2092 935 2172 quidem
956 2092 1104 2153 adeo
1128 2092 1359 2153 afflictis
1382 2101 1443 2152 ut
1475 2110 1590 2152 non
1622 2094 1679 2152 in
1712 2093 1988 2153 ultionem
2031 2095 2272 2171 ignomi-

265 2179 397 2237 niae
422 2176 651 2256 quidvis
675 2176 1022 2239 discriminis
1055 2177 1207 2237 ultro
1233 2185 1291 2235 et
1312 2176 1412 2237 vel
1439 2176 1603 2236 solae
1627 2177 1904 2237 subirent.

299 2275 318 2288 ·
390 2260 655 2322 Interfuit
686 2261 818 2323 huic
849 2261 1010 2322 bello
1040 2269 1208 2341 pater
1235 2278 1401 2322 meus
1439 2261 1749 2322 Suetonius
1780 2262 2024 2339 Laetus,
2066 2264 2269 2323 tertiae
2289 2272 2357 2326 lo

269 2345 531 2406 decimae
554 2345 809 2422 legionis
833 2345 1095 2406 tribunus
1127 2345 1607 2423 angusticlavius.
1654 2346 1712 2407 Is
1736 2364 1871 2406 mox
1894 2345 2119 2406 referre
2147 2365 2271 2407 cre·

201 2446 257 2487 τε
274 2429 381 2489 bro
420 2428 671 2505 solebat,
704 2428 990 2490 Othonem
1013 2430 1185 2490 etiam
1212 2431 1494 2508 privatum
1516 2447 1703 2508 usqne
1744 2430 1892 2491 adeo
1928 2430 2273 2491 detestatum

276 2513 470 2574 civilia
493 2531 678 2590 arma,
710 2521 770 2572 ut
790 2522 1145 2574 memorante
1172 2514 1420 2591 quodam
1444 2516 1595 2573 inter
1614 2515 1821 2594 epulas
1846 2513 1918 2573 de
1939 2511 2106 2575 Cassi
2133 2515 2270 2575 Bru·

272 2599 432 2676 tique
460 2598 620 2657 exitu
654 2596 1050 2666 cohorruerit;
1088 2609 1200 2657 nec
1237 2615 1650 2659 concursurum
1683 2616 1810 2661 cum
1841 2598 2023 2660 Galba
2062 2598 2269 2677 fuisse,

271 2683 386 2741 nisi
419 2680 744 2742 confideret
777 2683 903 2742 sine
927 2681 1085 2741 bello
1123 2698 1248 2740 rem
1279 2684 1523 2759 transigi
1555 2701 1763 2761 posse;
1804 2692 1939 2744 tnnc
1967 2682 2037 2744 ad
2076 2684 2269 2764 despi-

276 2766 538 2826 ciendam
584 2767 761 2826 vitam
799 2764 1071 2844 exemplo
1106 2766 1481 2845 manipularis
1516 2768 1714 2829 militis
1752 2769 2134 2845 concitatum,
2173 2769 2270 2847 qui

200 2865 254 2906 so
278 2868 407 2910 cum
432 2849 656 2910 cladem
684 2850 978 2909 exercitus
1005 2850 1292 2911 nuntiaret
1313 2869 1426 2911 nec
1450 2854 1714 2932 cuiquam
1738 2852 1907 2912 fldem
1931 2852 2174 2930 faceret,
2199 2870 2271 2913 ac

271 2951 424 2993 nunc
444 2935 707 2996 mendaci
729 2951 879 2994 nunc
903 2935 1123 2993 timoris
1148 2936 1315 3012 quasi
1339 2935 1588 3012 fugisset
1625 2955 1701 2997 ex
1736 2938 1864 2997 acie
1903 2945 2267 3014 argueretur,

268 3016 470 3096 gladio
495 3027 627 3078 ante
654 3016 837 3096 pedes
862 3020 986 3078 eins
1010 3017 1354 3079 incubuerit.
1399 3018 1527 3080 Hoc
1549 3023 1677 3080 viso
1711 3018 2110 3100 proclamasse
2140 3038 2268 3081 eum

271 3101 489 3184 aiebat,
508 3119 624 3162 non
648 3102 896 3181 amplius
923 3120 988 3162 se
1013 3102 1070 3161 in
1095 3103 1416 3182 periculum
1439 3104 1570 3164 talis
1595 3114 1823 3183 tamque
1852 3102 2006 3162 bene
2028 3106 2269 3167 meritos

272 3188 686 3247 coniecturum.

201 3289 253 3332 ss
392 3267 656 3333 Fratrem
678 3269 856 3347 igitur
889 3270 1200 3349 fratrisque
1223 3271 1400 3330 lilium
1436 3280 1493 3331 et
1527 3271 1788 3350 singulos
1825 3273 2136 3333 amicorum
2166 3289 2265 3333 co·

268 3355 433 3417 horta
463 3374 528 3415 us
553 3364 614 3414 ut
636 3353 745 3414 sibi
769 3355 1016 3433 quisque
1049 3373 1152 3433 pro
1174 3354 1453 3415 facultate
1488 3355 1848 3433 consuleret,
1883 3356 1954 3415 ab
1996 3356 2268 3434 amplexu

270 3450 329 3498 et
351 3437 559 3502 osculo
584 3455 690 3498 suo
719 3437 931 3498 dimisit
954 3440 1159 3514 omnis,
1187 3447 1539 3517 secretoque
1565 3449 1740 3518 capto
1765 3439 1934 3499 binos
1960 3437 2266 3500 codicillos

269 3530 560 3599 exaravrt,
586 3520 657 3581 ad
681 3538 946 3583 sororem
963 3521 1420 3600 consolatorios„
1448 3523 1589 3584 etad
1603 3521 1974 3583 Messalinam
1989 3522 2264 3599 Neronis,
