2553 3960
345 222 458 277 ΗΒ.
484 230 635 281 COM.

349 307 620 361 [ΙΒΕΚΜΑ

342 389 453 440 8ΕΡ
468 392 715 446 ΓΕΜΒΕΒ
744 395 862 444 1928

345 472 497 524 17636

401 729 544 802 AD
585 726 1152 805 LECTOREM
1195 727 1809 804 PRAEFATIO.

354 1011 703 1091 Suetoniana
727 1034 944 1104 studia,
976 1036 1446 1109 splendidissimis
1478 1036 1613 1094 olim
1640 1036 2013 1095 commendata

198 1119 515 1175 nominibus
539 1118 800 1174 Politiani
828 1119 1041 1175 Erasini
1073 1120 1280 1193 Lipsii‚
1312 1121 1512 1178 deinde
1540 1120 1852 1178 casauboni
1874 1120 2014 1176 Gro-

199 1203 492 1258 noviorum
535 1201 709 1274 patris
766 1208 823 1257 et
861 1203 961 1258 filii
1008 1203 1233 1260 Graevii
1282 1206 1575 1263 Burmanni
1630 1202 2014 1275 Oudendorpii

198 1286 422 1342 Ernesti
463 1285 750 1341 laboribus
787 1286 1115 1357 nobilitata,
1155 1294 1349 1344 nostro
1389 1289 1617 1346 saeculo
1648 1288 1811 1344 valde
1843 1286 2013 1343 resri-

198 1385 440 1440 gescere
482 1375 807 1441 coeperunt.
898 1368 1032 1425 Nam
1064 1371 1155 1442 qni
1188 1372 1460 1443 proximis
1493 1371 1834 1444 temporibus
1869 1370 2013 1427 Sue-

199 1453 353 1508 tonio
396 1453 614 1508 edendo
657 1468 871 1509 manum
916 1454 1310 1525 admoverunt,
1357 1456 1673 1511 scholarum
1709 1452 2012 1509 commodis

198 1537 498 1592 consulere
551 1537 690 1591 satis
739 1536 1052 1592 habuerunt
1105 1543 1162 1592 et
1200 1538 1325 1610 ipse
1366 1539 1684 1595 Fridericus
1724 1535 2011 1606 Augustus

197 1620 387 1690 Wolf,
443 1619 693 1692 quamvis
742 1619 957 1675 criticis
1008 1621 1279 1677 subsidiis
1338 1637 1447 1678 non
1493 1622 1858 1688 deficeretur,
1911 1619 2013 1673 do-

198 1711 409 1760 ctorum
462 1704 742 1759 bominum
787 1703 1195 1775 exspectationi
1236 1704 1412 1776 impar
1451 1705 1605 1759 visus
1652 1709 1755 1758 est.
1845 1702 2012 1758 Prae-

198 1795 351 1843 terea
396 1786 648 1842 nonnulli
683 1786 752 1842 de
784 1786 891 1842 fide
921 1804 1104 1842 rerum
1150 1803 1180 1842 a
1213 1787 1536 1859 Tranquillo
1571 1786 2011 1859 conscriptarum

201 1870 466 1927 laudabili
497 1869 685 1926 studio
719 1876 1127 1941 exposuerunt;
1154 1870 1225 1927 de
1257 1871 1446 1928 verbis
1471 1871 1828 1927 emendandis
1853 1869 2011 1925 libri-

201 1971 303 2027 que
336 1954 531 2027 specie
560 1954 821 2010 universa
853 1954 921 2010 ad
961 1954 1253 2027 pristinam
1286 1955 1662 2027 integritatem
1692 1953 2009 2011 revocanda

196 2038 377 2094 omnia
415 2045 537 2094 acta
568 2054 696 2093 esse
727 2038 848 2094 visa
879 2044 1024 2094 sunt.
1093 2037 1285 2110 Neque
1316 2039 1372 2095 id
1403 2055 1633 2112 prorsus
1669 2038 1847 2103 falso;
1888 2054 2010 2093 nam

197 2124 262 2177 ab
300 2121 554 2191 egregiis
595 2121 710 2177 illis
742 2121 1054 2177 editoribus
1102 2129 1209 2178 tam
1257 2122 1388 2179 libri
1421 2129 1643 2179 veteres
1672 2137 1872 2192 magno
1909 2138 2011 2175 nu-

195 2220 350 2261 mero
383 2206 638 2275 inqui-siti
684 2211 741 2261 et
782 2205 853 2260 ad
885 2206 1329 2261 emendationem
1370 2206 1605 2262 adhibiti
1644 2212 1805 2275 sunt,
1849 2220 2010 2276 quam

194 2287 615 2344 emendationes
641 2288 971 2359 ingeniosae
994 2289 1273 2361 corruptis
1297 2290 1441 2344 locis
1466 2288 1726 2345 inventae
1744 2329 1761 2358 ‚
1793 2294 1852 2342 ut
1874 2304 2009 2344 sane

194 2374 291 2443 qui
312 2372 408 2428 vel
431 2386 688 2428 acervum
712 2371 903 2428 variae
927 2372 1189 2428 lectionis
1222 2389 1433 2443 augere
1456 2371 1777 2428 elaboraret
1797 2371 1887 2426 vel
1911 2372 2010 2425 ba-

195 2454 456 2511 riolando
488 2471 713 2527 operam
743 2456 932 2526 daret,
961 2472 1297 2527 paucorum,
1330 2455 1476 2512 sicut
1503 2472 1624 2511 mea
1655 2455 1763 2510 sert
1794 2454 2010 2527 opinio,

193 2539 434 2610 gratiam
469 2546 622 2594 esset
656 2546 1076 2595 consecuturus.

321 2624 530 2678 Verum
560 2623 669 2678 hoc
708 2622 947 2677 nondum
978 2623 1115 2679 satis
1159 2624 1469 2695 perfectum
1500 2638 1627 2677 esse
1658 2621 1915 2690 videtur,
1954 2628 2013 2677 ut

195 2723 267 2761 ex
313 2706 532 2761 infinito
575 2706 841 2762 librorum
882 2722 1110 2761 numero
1150 2706 1344 2777 optimi
1391 2711 1445 2759 et
1492 2703 1862 2775 antiquissimi
1908 2704 2012 2759 eli-

193 2795 399 2860 gantur
429 2805 495 2845 ac
518 2795 788 2861 tamquam
815 2789 985 2846 duces
1010 2788 1126 2859 fidi,
1162 2805 1301 2861 quos
1334 2805 1600 2860 nusquam
1629 2787 1737 2844 nisi
1769 2787 1825 2842 in
1849 2805 2012 2860 aper-

194 2879 286 2929 tos
332 2889 561 2928 errores
604 2872 905 2928 inciderint
942 2873 1054 2945 ipsi
1083 2873 1353 2928 deserere
1380 2872 1583 2941 liceat,
1621 2873 2009 2928 observentur.

192 2956 384 3011 Multis
423 2956 482 3011 in
518 2958 719 3026 rebus,
760 2973 902 3027 quae
937 2957 1184 3012 leviores
1214 2957 1505 3027 videntur,
1549 2962 1609 3011 nt
1651 2960 1738 3010 est
1765 2955 2013 3011 vocabu-

194 3039 379 3096 lorum
403 3040 704 3096 collocatio
730 3047 822 3096 aut
845 3040 1129 3095 scribendi
1154 3040 1298 3097 ratio
1325 3045 1417 3096 aut
1442 3040 1680 3111 capitum
1705 3036 2013 3108 distinctio,

194 3122 504 3179 editionum
533 3124 782 3196 priorum
814 3130 1103 3179 curatores
1134 3141 1342 3181 morem
1375 3124 1547 3178 semel
1579 3127 1863 3193 receptum
1892 3121 2015 3177 vul-

192 3212 496 3278 gatumque
528 3207 691 3278 sequi
723 3223 882 3279 quam
909 3223 979 3262 ex
1007 3207 1170 3263 libris
1194 3208 1479 3262 immutare
1510 3205 1835 3262 maluerunt.
1904 3203 2015 3261 Sed

194 3296 389 3347 nostra
425 3296 609 3347 aetate
650 3290 994 3346 intellectum
1028 3296 1147 3360 est,
1186 3291 1389 3346 nullam
1420 3305 1548 3344 esse
1589 3289 1860 3343 rationem
1891 3289 2014 3343 vul-

197 3380 366 3444 gatae
398 3373 663 3431 lectionis
695 3391 762 3433 ac
794 3391 863 3429 ne
885 3375 942 3429 in
972 3373 1208 3429 minimis
1236 3374 1457 3444 quidem
1491 3373 1660 3427 rebus
1684 3370 2014 3434 habendam,

195 3456 307 3512 nisi
362 3459 695 3530 optimorum
746 3458 1016 3515 librorum
1063 3458 1363 3513 accederet
1416 3454 1735 3511 auctoritas.
1824 3451 2013 3516 ltaque
