2553 3960
276 227 281 230 ’
310 239 391 305 88
480 252 537 301 c.
566 252 867 302 somom
890 251 1147 312 TRANQ.
1175 213 1271 299 ΒΕ
1294 250 1463 299 ver
1487 248 1855 299 cfflsARnu
1877 250 2016 297 Lm.
2042 248 2145 299 111.

310 409 607 470 consulem
648 410 852 469 iterum
910 424 1331 486 censoremque
1385 407 1686 467 fecissent.
1772 405 2024 484 Drusus,
2071 403 2319 467 hostium

307 492 455 553 duce
476 493 702 554 Drauso
739 492 1054 552 comminus
1082 492 1388 568 trucidat0,
1421 490 1530 551 sibi
1559 491 1930 570 posterisque
1954 490 2072 550 suis
2099 507 2316 568 cogno·

305 596 437 636 men
469 578 705 637 invenit.
797 575 1064 637 Traditur
1091 576 1262 635 etiam
1294 592 1403 654 pro
1434 583 1706 654 praetore
1740 592 1816 633 ex
1847 574 2147 653 provincia
2184 573 2290 637 Gal

307 661 383 722 lia
412 661 684 722 retulisse
715 678 933 737 aurum,
968 659 1298 721 Senonibus
1327 659 1461 720 olim
1494 660 1551 719 in
1582 657 1886 719 obsidione
1919 656 2190 738 Capitolii
2221 658 2317 719 da·

307 754 455 821 tum,
496 763 638 822 nec,
682 754 741 805 ut
768 745 915 805 fama
948 752 1069 818 est,
1117 752 1405 804 extortum
1435 762 1468 805 a
1502 741 1770 804 Camillo.
1857 740 1998 803 Eius
2032 742 2366 822 abnepos,s

305 829 381 889 ob
418 830 683 889 eximiam
712 828 995 890 adversus
1026 826 1327 888 Gracchos
1372 845 1610 907 operam
1647 836 1922 905 patronus
1970 835 2206 888 senatus
2238 826 2318 887 di-

307 922 464 990 ctus,
511 913 685 973 filium
728 912 996 992 reliquit,
1040 930 1210 992 quem
1251 914 1309 971 in
1352 911 1520 972 simili
1552 910 1915 971 dissensione
1950 910 2126 972 multa
2157 912 2320 971 varie

305 997 639 1057 molientem
672 997 900 1057 diversa
930 997 1108 1056 factio
1142 1014 1249 1075 per
1280 996 1539 1058 fraudem
1573 997 1879 1055 interemit.
2091 1013 2098 1018 ·

244 1093 280 1149 4
430 1080 604 1142 Pater
660 1080 889 1157 Tiberi,
954 1088 1227 1160 quaestor
1274 1078 1340 1141 G.
1387 1079 1658 1142 Caesaris
1709 1078 2104 1141 Alexandrino
2158 1077 2318 1140 bello

310 1165 483 1226 classi
514 1167 914 1245 praepositus,
952 1164 1251 1244 plurimum
1286 1164 1357 1225 ad
1384 1166 1684 1225 victoriam
1716 1163 1971 1224 contulit.
2034 1164 2226 1239 Quare
2258 1171 2319 1225 et
2339 1185 2394 1228 ιο

308 1249 574 1328 pontifex
616 1251 671 1309 in
714 1249 905 1309 locum
945 1247 1009 1308 P.
1044 1249 1336 1328 Scipionis
1375 1248 1712 1309 substitutus
1754 1257 1814 1308 et
1848 1248 1917 1308 ad
1950 1247 2320 1309 deducendas

306 1335 363 1392 in
396 1331 636 1393 Galliam
670 1332 958 1410 colonias,
1002 1334 1060 1391 in
1103 1333 1230 1412 quis
1258 1333 1457 1394 Narbo
1497 1342 1556 1393 et
1585 1331 1827 1393 Arelate
1870 1341 2065 1411 erant,
2112 1332 2321 1392 missus

308 1426 415 1477 est.
477 1416 690 1477 ¹Tamen
717 1415 973 1478 Caesare
1007 1419 1243 1495 occiso,
1282 1419 1505 1478 cunctis
1541 1416 1832 1478 turbarum
1862 1424 2016 1476 metu
2055 1416 2318 1477 abolitio·

306 1519 437 1561 nem
479 1501 619 1561 facti
659 1500 1141 1579 decernentibus,
1198 1503 1369 1563 etiam
1407 1501 1478 1562 de
1524 1501 1794 1581 praemiis
1838 1500 2320 1577 tyrannicidarum

304 1585 677 1646 referendum
707 1586 948 1646 censuit.
1011 1584 1292 1646 Praetura
1320 1585 1527 1647 deinde
1557 1585 1807 1663 functuS,
1841 1604 1965 1645 cum
2000 1586 2157 1646 exitu
2189 1586 2319 1645 anni
2340 1606 2394 1649 ιε

307 1669 596 1730 discordia
638 1673 788 1730 inter
832 1671 1160 1731 triumviros
1201 1680 1330 1731 orta
1381 1679 1568 1740 essen
1627 1672 1869 1730 retentis
1922 1669 2072 1730 ultra
2113 1673 2320 1730 iustum

308 1763 532 1832 tempus
567 1754 889 1833 insignibus
932 1754 995 1815 L.
1030 1752 1340 1815 Antonium
1372 1754 1699 1831 consulem,
1739 1755 2015 1815 triumviri
2056 1754 2317 1832 fratrem,

308 1837 379 1898 ad
408 1837 706 1899 Perusiam
732 1847 988 1916 secutus,
1024 1837 1316 1899 deditione
1346 1856 1379 1899 a
1410 1840 1622 1899 ceteris
1650 1838 1827 1916 facta,
1863 1837 2022 1899 solus
2054 1856 2318 1919 perman·

306 1923 461 1983 sitin
493 1922 755 2002 partibus
788 1940 856 1983 ac
880 1924 1066 2002 prImo
1095 1921 1431 2002 Praeneste,
1458 1921 1589 1984 inde
1618 1921 1926 2002 Neapolim
1958 1924 2161 2002 evasit,
2195 1940 2316 1983 ser-

306 2007 510 2087 visque
547 2006 617 2067 ad
648 2007 887 2087 pilleum
916 2007 1132 2069 frustra
1165 2009 1390 2069 vocatis
1431 2009 1487 2067 in
1532 2007 1786 2068 Siciliam
1832 2008 2108 2086 profugit.
2199 2006 2316 2067 Sed
2336 2024 2392 2068 2⁰

305 2089 538 2167 indigne
580 2091 815 2169 ferens,
863 2110 975 2151 nec
1004 2093 1197 2152 statim
1235 2111 1302 2152 se
1351 2094 1408 2151 in
1455 2101 1833 2170 conspectum
1877 2092 2039 2153 Sexti
2078 2091 2318 2171 Pompei

308 2173 611 2234 admissum
640 2184 699 2235 et
726 2175 968 2234 fascium
998 2194 1103 2235 usu
1130 2176 1511 2255 prohibitum,
1543 2176 1615 2236 ad
1641 2175 1717 2238 Μ.
1747 2176 2058 2237 Antonium
2088 2177 2320 2237 traiecit

305 2260 361 2318 in
389 2255 687 2320 Achaiam.
780 2257 921 2320 Cum
951 2277 1096 2339 quo,
1132 2258 1299 2320 brevi
1333 2260 1713 2321 reconciliata
1754 2263 1904 2321 inter
1932 2263 2114 2321 omnis
2144 2278 2315 2340 pace,

302 2343 542 2403 Romam
570 2342 736 2422 redit,
765 2361 1121 2423 uxoremque
1150 2344 1368 2405 Liviam
1393 2344 1724 2422 Drusillam,
1758 2354 1817 2405 et
1848 2353 1981 2405 tunc
2017 2344 2315 2423 gravidam

307 2435 365 2486 et
394 2434 527 2486 ante
559 2428 668 2487 iam
700 2427 850 2508 apud
881 2445 946 2488 se
966 2428 1146 2489 filium
1175 2430 1422 2507 enixam,
1453 2431 1673 2508 petenti
1700 2427 1965 2507 Augusto
2000 2428 2310 2490 concessit.
2333 2447 2388 2490 2⁸

303 2510 429 2571 Nec
464 2510 640 2572 multo
671 2520 807 2592 post
836 2511 985 2572 diem
1020 2512 1193 2591 obiit,
1227 2523 1472 2592 utroque
1503 2512 1817 2574 liberorum
1851 2515 2185 2592 superstite,
2220 2512 2313 2574 Ti·

306 2595 470 2656 berio
500 2595 808 2676 Drusoque
839 2595 1187 2658 Neronibus.
1741 2630 1746 2635 ·

240 2685 275 2742 ⁵
429 2679 721 2741 Tiberium
750 2680 976 2759 quidam
1007 2681 1220 2742 Fundis
1251 2690 1442 2742 natum
1474 2683 1974 2758 existimaverunt,
2015 2681 2201 2740 secuti
2229 2678 2311 2741 le-

302 2782 435 2825 vem
463 2766 888 2842 coniecturam,
926 2765 1080 2844 quod
1107 2775 1366 2827 materna
1396 2768 1519 2827 eius
1551 2767 1681 2826 avia
1717 2765 1990 2826 Fundana
2017 2764 2223 2843 fuerit,
2256 2771 2315 2824 et

303 2847 457 2928 quod
485 2864 620 2909 mox
663 2849 1024 2910 simulacrum
1051 2850 1373 2910 Felicitatis
1412 2868 1487 2910 ex
1518 2851 1577 2911 S.
1611 2847 1676 2910 G.
1717 2849 2067 2929 publicatum
2108 2848 2187 2909 ibi
2217 2850 2307 2909 sit.
2330 2867 2385 2910 so

303 2932 420 2994 Sed
446 2942 507 2993 ut
534 2932 733 3012 plures
767 2932 1166 3013 certioresque
1198 2933 1454 3011 tradunt,
1486 2943 1650 2994 natus
1690 2943 1780 2995 est
1805 2935 2026 2995 Romae
2061 2934 2118 2992 in
2148 2932 2309 2994 Pala·

302 3019 380 3077 tio
430 3016 587 3077 XVI.
636 3016 766 3078 Kal.
801 3016 946 3077 Dec.
993 3017 1069 3078 Μ.
1114 3016 1363 3079 Aemilio
1399 3017 1619 3098 Lepido
1666 3019 1901 3096 iterum,
1953 3017 2014 3078 L.
2055 3017 2309 3078 Munatio

301 3097 515 3160 Planco
554 3118 746 3163 conss.
793 3120 899 3182 per
940 3101 1156 3162 bellum
1195 3100 1592 3184 Philippense.
1689 3103 1786 3163 Sic
1832 3104 1981 3163 enim
2025 3103 2082 3161 in
2124 3101 2312 3162 fastos

302 3189 545 3259 actaque
576 3185 632 3243 in
661 3185 894 3264 publica
923 3185 1165 3246 relatum
1194 3196 1303 3246 est.
1339 3186 1467 3247 Nec
1501 3195 1688 3248 tamen
1714 3185 1944 3266 desunt,
1973 3188 2068 3267 qui
2102 3186 2310 3265 partim

303 3262 682 3333 antecedente
727 3286 909 3348 anno,
938 3268 1086 3330 Hirti
1142 3289 1213 3331 ac
1239 3269 1497 3349 Pansae,
1541 3273 1748 3351 partim
1790 3271 2134 3350 insequenti,
2175 3270 2379 3330 Ser-³⁸

304 3348 401 3407 vili
425 3347 664 3407 Isaurici
698 3349 760 3411 L.
792 3371 903 3431 que
935 3353 1173 3416 Antonii
1209 3356 1542 3433 consulatu,
1586 3357 1841 3434 genitum
1878 3374 2007 3416 eum
2034 3353 2307 3415 scribant.

242 3442 278 3496 6
422 3429 721 3491 Infantiam
765 3438 1181 3519 pueritiamque
1232 3439 1428 3501 habuit
1476 3439 1825 3502 laboriosam
1870 3447 1929 3499 et
1975 3440 2307 3513 exercitam,

305 3529 502 3573 comes
527 3530 710 3592 usque
734 3535 959 3597 quaque
992 3533 1292 3601 parentum
1319 3526 1524 3603 fugam
1558 3542 1701 3604 quos
1726 3524 1954 3605 quidem
1983 3522 2135 3603 apud
2154 3520 2306 3584 Nea·
