2553 3960
1042 308 1386 358 mnnnms.
2099 297 2208 359 101

208 466 477 545 primori:
511 472 570 523 et
602 464 652 522 si
683 481 852 543 quem
878 481 1112 525 reorum
1143 464 1296 524 elabi
1325 465 1514 541 gratia
1546 481 1739 524 rumor
1770 473 1962 540 esset,
1994 463 2218 523 subitus

209 549 413 609 aderat
455 547 794 626 iudicesque
832 558 928 609 aut
969 567 1004 608 e
1048 548 1224 628 plano
1252 556 1351 609 aut
1381 567 1413 608 e
1448 548 1799 627 quaesitoris
1836 546 2103 609 tribunali
2132 548 2215 609 le·

209 647 346 710 gum
374 640 433 691 et
462 631 771 729 religionis
794 640 854 691 et
873 648 1088 708 noxae,
1121 632 1193 691 de
1217 649 1329 710 qua
1356 623 1809 709 cognoscerent,
1840 630 2213 702 admonebat;

207 725 382 794 atque
415 716 617 791 etiam,
656 716 704 773 si
737 733 849 794 qua
881 718 940 775 in
971 715 1222 795 publicis
1252 716 1509 777 moribus
1542 715 1763 775 desidia
1794 724 1889 775 aut
1907 715 2054 776 mala
2078 731 2213 775 con-

159 828 186 868 5
209 799 509 859 suetudine
554 797 850 875 labarent,
892 799 1240 877 corrigenda
1268 801 1570 879 suscepit.
1602 797 1891 859 Ludorum
1919 813 1991 861 ac
2020 816 2212 860 mune-
2230 804 2301 860 34

209 900 336 941 rum
362 884 650 962 impensas
684 884 996 962 corripuit,
1032 883 1400 943 mercedibus
1430 884 1796 943 scenicorum
1824 885 2030 943 recisis
2065 884 2213 963 pari·

208 966 436 1046 busque
466 966 852 1043 gladiatorum
886 966 956 1027 ad
988 976 1208 1027 certum
1238 985 1532 1027 numerum
1559 966 1832 1027 redactis.
1887 965 2213 1027 Corinthio·

208 1067 333 1110 rum
380 1067 648 1110 vasorum
689 1053 877 1130 pretia
915 1053 972 1111 in
1012 1052 1346 1112 immensum
1387 1052 1680 1112 exarsisse
1724 1059 1960 1130 tresque
2003 1051 2215 1111 mullos

210 1135 449 1212 triginta
498 1133 727 1193 milibus
773 1152 1055 1195 nummum
1091 1137 1326 1195 venisse
1380 1136 1641 1213 graviter
1678 1144 2064 1214 conquestus,
2117 1134 2212 1196 ad-

138 1217 517 1280 inhibendum
565 1218 921 1297 supellectili
969 1219 1199 1297 modum
1250 1220 1476 1280 censuit
1535 1236 1933 1299 annonamque
1982 1218 2212 1281 macelli

207 1310 444 1362 senatus
469 1300 745 1362 arbitratu
777 1311 917 1382 quot
951 1305 1114 1363 aunis
1144 1302 1596 1382 temperandam,
1630 1303 1763 1363 dato
1796 1303 2078 1364 aedilibus
2115 1321 2210 1362 ne·
2241 1344 2254 1352 .

207 1386 375 1464 gotio
430 1387 677 1465 popinas
721 1404 1056 1467 ganeasque
1099 1405 1282 1467 usque
1324 1405 1400 1447 eo
1440 1386 1766 1464 inhibendi,
1821 1396 1882 1446 ut
1918 1404 1993 1448 ue
2032 1403 2211 1467 opera

206 1468 438 1550 quidem
475 1471 720 1549 pistoria
748 1473 1000 1550 proponi
1029 1471 1257 1531 venalia
1286 1472 1570 1531 sinerent}
1621 1471 1696 1531 Et
1719 1480 1781 1531 ut
1809 1472 2211 1550 parsimoniam

208 1553 498 1634 publicam
540 1553 813 1634 exemplo
852 1572 1086 1634 quoque
1133 1556 1389 1633 iuvaret»,
1433 1554 1812 1614 sollemnibus
1854 1556 1981 1633 ipse
2018 1554 2213 1614 caenis

135 1664 184 1704 15
207 1636 466 1717 pridiana
516 1654 697 1716 saepe
750 1656 822 1698 ac
868 1655 1096 1699 semesa
1147 1637 1393 1699 obsonia
1435 1640 1708 1717 apposuit
1753 1637 2211 1716 dimidiatumque

207 1738 442 1800 aprum,
474 1720 799 1795 affirmans,
833 1722 1040 1783 omnia
1066 1722 1283 1783 eadem
1311 1720 1574 1796 habere,
1611 1739 1772 1801 quae
1796 1728 2001 1782 totum.

333 1803 635 1865 Cotidiana
678 1805 883 1866 oscula
922 1806 1116 1867 edicto
1157 1806 1482 1886 prohibuit,
1528 1808 1664 1865 item
1703 1814 2023 1865 strenarum
2056 1821 2209 1864 com-

204 1890 480 1949 mercium
524 1907 598 1948 ue
643 1888 791 1949 ultra
834 1888 962 1951 Kal.
997 1889 1118 1951 Ian.
1163 1898 1560 1951 exerceretur.
1628 1888 1952 1950 consuerat
1985 1888 2207 1967 quadri-

206 1974 362 2054 plam
390 1982 671 2050 strenam,
700 1983 760 2033 et
787 1972 860 2034 de
893 1993 1077 2052 manu,
1108 1974 1384 2044 reddere;
1428 1974 1533 2035 sed
1565 1973 1820 2035 offensus
1853 1971 2209 2053 interpellari

128 2085 184 2127 20
204 2077 275 2118 se
301 2065 428 2117 toto
455 2074 657 2117 meuse
684 2058 756 2119 ab
788 2059 860 2118 iis
891 2060 986 2139 qui
1021 2068 1374 2138 potestatem
1404 2061 1491 2118 sui
1526 2059 1619 2119 die
1656 2059 1811 2118 festo
1840 2075 1955 2117 nou
1983 2057 2209 2119 habuis-

202 2151 366 2218 sent,
407 2141 555 2202 ultra
592 2158 708 2202 non
738 2143 884 2202 tulit.
934 2143 1229 2205 Matronas
1257 2152 1585 2222 prostratae
1615 2142 1959 2221 pudicitiae,
2005 2141 2295 2221 quibusas

201 2234 513 2287 accusator
559 2225 826 2304 publicus
870 2225 1131 2304 deesset,
1174 2236 1236 2286 ut
1280 2229 1594 2307 propinqui
1635 2244 1798 2286 more
1829 2228 2105 2286 maiorum
2135 2224 2210 2285 de

116 2346 121 2351 ·
203 2312 490 2370 communi
555 2313 841 2371 sententia
902 2320 1252 2372 coercerent
1317 2321 1523 2372 auctor
1571 2311 1693 2371 fuit.
1779 2308 1891 2389 Eq.
1947 2311 2019 2371 R.
2073 2311 2212 2369 iuris

200 2393 427 2454 iurandi
477 2396 721 2470 gratiam
760 2395 934 2472 fecit,
977 2412 1220 2455 uxorem
1260 2396 1319 2454 in
1362 2405 1565 2474 stupro
1608 2395 1813 2472 generi
1858 2403 2212 2473 compertam

129 2500 183 2540 25
205 2479 552 2554 dimitteret,
592 2496 758 2557 quam
804 2497 870 2538 se
912 2496 1214 2559 numquam
1255 2479 1686 2557 repudiaturum
1727 2486 1860 2538 ante
1900 2478 2209 2537 iuraverat.

199 2562 476 2623 Feminae
520 2562 812 2640 famosae,
861 2572 921 2622 ut
949 2563 1020 2623 ad
1052 2562 1350 2635 evitandas
1389 2563 1583 2641 legum
1611 2579 1833 2640 poenas
1866 2562 1990 2620 iure
2029 2579 2100 2621 ac
2130 2560 2209 2620 di·

200 2648 423 2725 gnitate
471 2646 771 2707 matronali
813 2647 1259 2724 exolverentur,
1313 2647 1662 2706 lenocinium
1696 2645 1960 2724 profiteri
1996 2661 2209 2722 coepe-

201 2739 361 2806 rant,
407 2739 466 2790 et
498 2749 574 2791 ex
602 2732 899 2790 iuventute
930 2732 1232 2808 utriusque
1265 2730 1484 2791 ordinis
1512 2729 2021 2810 profligatissimus
2054 2728 2209 2806 quis·

202 2832 352 2894 que,
387 2831 503 2894 quo
537 2815 720 2873 minus
747 2816 805 2874 in
839 2832 1021 2893 opera
1048 2832 1299 2874 scaenae
1325 2813 1693 2894 harenaeque
1724 2812 1947 2875 edenda
1977 2819 2212 2871 senatus

126 2908 180 2952 *ο
202 2898 473 2962 consulto
502 2907 816 2975 teneretur,
849 2899 1054 2958 famosi
1082 2898 1278 2959 iudicii
1309 2907 1501 2959 notam
1530 2907 1740 2979 sponte
1772 2896 2065 2965 subibant;
2104 2913 2212 2956 eos

199 3000 421 3060 easque
446 2999 669 3059 omnes,
704 3000 776 3042 ne
808 2981 963 3061 quod
992 2981 1280 3059 refugium
1310 2984 1367 3042 in
1398 2983 1498 3044 tali
1516 2981 1718 3044 fraude
1746 2983 2005 3061 cuiquam
2030 2989 2209 3058 esset,

198 3066 380 3126 exilio
408 3065 639 3127 adfecit.
696 3066 964 3126 Senatori
994 3065 1165 3126 latum
1198 3066 1423 3126 clavum
1454 3067 1683 3144 ademit,
1715 3085 1839 3127 cum
1870 3073 2209 3143 cognosset,

197 3149 307 3211 sub
353 3148 484 3210 Kal.
526 3149 633 3210 Iul.
679 3149 1040 3228 demigrasse
1089 3152 1146 3209 iu
1198 3149 1436 3227 hortos,
1491 3167 1606 3231 quo
1657 3149 1823 3210 vilius
1873 3158 2008 3229 post
2057 3149 2209 3209 diem

199 3233 378 3296 aedes
411 3236 468 3293 in
495 3233 640 3294 urbe
672 3234 1049 3295 conduceret.
1095 3233 1287 3293 Alium
1316 3242 1375 3293 et
1404 3243 1714 3314 quaestura
1742 3236 2017 3310 removit,
2052 3232 2209 3313 quod

125 3346 177 3387 35
196 3335 445 3379 uxorem
473 3317 662 3398 pridie
691 3320 1055 3379 sortitionem
1084 3317 1312 3379 ductam
1338 3317 1623 3397 postridie
1651 3317 2037 3395 repudiasset.
2089 3317 2294 3376 Ex-so

196 3412 398 3463 ternas
431 3403 840 3480 caerimoniae,
870 3402 1203 3480 Aegyptios
1235 3401 1620 3480 Iudaicosque
1651 3402 1793 3460 ritus
1825 3401 2205 3479 compescuit,

197 3487 426 3547 coactis
461 3487 556 3565 qui
590 3488 1008 3565 superstitione
1038 3502 1109 3545 ea
1141 3484 1485 3545 tenebantur
1513 3485 1830 3563 religiosas
1854 3490 2055 3544 vestes
2081 3496 2208 3539 cum

193 3574 579 3631 instrumento
604 3572 756 3631 omni
782 3568 1147 3631 comburere.
1188 3568 1532 3630 Iudaeorum
1556 3570 1906 3629 iuventutem
1936 3582 2045 3644 per
2074 3578 2205 3639 spe-
