2553 3960
1085 238 1144 285 ο.
1192 235 1563 285 canosum.
2207 228 2322 290 131

314 391 625 454 Drusillam
669 388 1055 470 appellatam,
1096 407 1207 470 per
1250 391 1500 451 omnium
1539 390 1775 453 dearum
1815 394 2032 474 templa
2083 394 2329 456 circum-

316 478 553 552 ferens,
609 473 906 535 Minervae
939 476 1168 552 gremio
1205 474 1479 555 imposuit
1507 474 1889 556 alendamque
1927 487 1987 538 et
2029 478 2326 540 instituen-

318 561 446 621 dam
494 555 933 620 commendavit.
1019 556 1148 618 Nec
1206 558 1327 618 ullo
1381 559 1633 619 firmiore
1687 560 1901 622 indicio
1955 563 2043 622 sui
2094 564 2327 623 seminis

316 662 453 706 esse
501 640 781 704 credebat
829 639 997 721 quam
1055 641 1342 719 feritatis,
1393 660 1540 724 quae
1597 643 1683 703 illi
1743 662 1973 725 quoque
2015 654 2170 707 tanta
2215 649 2329 708 iam

265 754 292 808 ρ
313 738 448 789 tunc
483 735 642 804 erat,
698 734 761 786 ut
802 724 1027 786 infestis
1063 724 1259 803 digitis
1306 744 1411 787 ora
1460 736 1519 787 et
1549 728 1755 789 oculos
1803 729 1970 790 simul
2013 728 2326 804 ludentium

312 812 607 872 infantium
634 811 980 870 incesseret.
1066 809 1227 869 Leve
1261 827 1331 870 ac
1366 809 1639 888 frigidum
1683 814 1755 872 sit
1786 812 1876 874 his
1905 812 2154 891 addere,
2209 831 2322 895 quo
2340 816 2411 873 26

312 897 676 975 propinquos
715 893 1047 972 amicosque
1092 901 1265 973 pacto
1308 896 1683 974 tractaverit,
1725 895 2122 958 Ptolemaeum
2162 899 2325 976 regis

308 978 486 1040 Iubae
518 978 723 1055 fllium,
778 976 1186 1038 consobrinum
1227 996 1419 1056 suum,
1470 980 1631 1059 (erat
1665 982 1816 1041 enim
1850 990 1910 1041 et
1949 981 2001 1041 is
2030 980 2107 1042 M.
2140 981 2323 1042 Anto-

308 1064 388 1123 nii
440 1080 516 1123 ex
559 1062 776 1122 Selene
826 1060 942 1122 fllia
986 1061 1208 1142 nepos)
1267 1071 1327 1122 et
1380 1063 1437 1123 iu
1492 1064 1692 1143 primis
1741 1066 1926 1145 ipsum
1966 1065 2322 1143 Macronem,

239 1164 294 1207 ιο
310 1149 497 1228 ipsam
535 1145 809 1222 Enniam,
871 1144 1164 1207 adiutores
1207 1146 1463 1226 imperii:
1525 1145 1729 1227 quibus
1774 1147 2036 1210 omnibus
2081 1167 2190 1229 pro
2222 1167 2322 1210 ne-

312 1228 678 1292 cessitudinis
710 1232 836 1291 iure
867 1247 1092 1311 proque
1116 1231 1448 1292 meritorum
1488 1233 1678 1310 gratia
1725 1242 1964 1294 cruenta
1998 1250 2158 1294 mors
2190 1250 2322 1313 per·

312 1315 504 1376 soluta
534 1322 644 1374 est.

437 1394 631 1458 Nihilo
660 1400 1026 1458 reverentior
1051 1398 1319 1460 leniorve
1350 1418 1494 1478 erga
1532 1408 1822 1478 senatum,
1864 1400 2143 1480 quosdam
2172 1419 2321 1461 sum·

308 1482 416 1542 mis
445 1480 762 1542 honoribus
797 1481 1028 1544 functos
1078 1481 1150 1543 ad
1195 1482 1463 1544 essedum
1511 1483 1621 1545 sibi
1660 1502 1900 1545 currere
1946 1493 2183 1562 togatos
2212 1503 2323 1564 per

239 1585 291 1628 ιε
309 1565 529 1645 aliquot
564 1583 837 1646 passuum
869 1566 1056 1643 milia,
1118 1574 1180 1626 et
1210 1568 1475 1628 caenanti
1520 1567 1691 1628 modo
1742 1566 1815 1629 ad
1854 1567 2110 1646 pluteum
2141 1569 2318 1629 modo

307 1648 381 1712 ad
413 1648 599 1728 pedes
634 1658 792 1710 stare
827 1651 1160 1710 succinctos
1193 1650 1373 1712 linteo
1407 1668 1616 1730 passus
1653 1660 1770 1721 est;
1818 1651 1965 1712 alios
1997 1669 2126 1711 cum
2171 1651 2319 1714 clam

306 1734 724 1810 interemisset,
764 1733 944 1793 citare
973 1733 1154 1794 nihilo
1186 1735 1370 1794 minus
1403 1742 1464 1794 ut
1491 1736 1659 1795 vivos
1693 1736 2129 1814 perseveravit,
2179 1754 2317 1815 pau·

310 1834 415 1878 cos
443 1826 580 1896 post
607 1816 730 1878 dies
762 1816 1088 1878 voluntaria
1119 1826 1306 1878 morte
1331 1818 1559 1898 perisse
1588 1821 1875 1878 mentitus.
1966 1815 2319 1880 Consulibus

309 1899 503 1962 oblitis
537 1900 607 1962 de
639 1900 816 1964 natali
845 1919 950 1963 suo
981 1900 1217 1962 edicere
1265 1900 1574 1979 abrogavit
1612 1903 2037 1980 magistratum,
2095 1902 2318 1983 fuitque

230 2004 414 2070 20per
448 1985 693 2046 triduum
732 1988 857 2047 sine
898 2004 1113 2047 summa
1144 1994 1436 2066 potestate
1475 2005 1573 2047 res
1624 2007 1681 2068 p.
1719 1987 2104 2063 Quaestorem
2154 2004 2318 2047 suum

303 2074 363 2135 in
399 2071 794 2133 coniuratione
838 2072 1185 2132 nominatum
1233 2070 1588 2149 flagellavit,
1656 2080 1823 2132 veste
1876 2070 2136 2132 detracta
2184 2071 2314 2131 sub-

301 2160 570 2237 iectaque
597 2155 836 2217 militnm
866 2153 1143 2234 pedibus,
1182 2172 1297 2235 quo
1333 2156 1493 2216 firme
1529 2154 1893 2216 verberaturi
1925 2156 2280 2215 insisterent.

427 2241 611 2302 Simili
666 2238 941 2319 superbia
1001 2238 1396 2318 violentiaque
1458 2248 1690 2300 ceteros
1738 2240 2008 2300 tractavit
2058 2237 2314 2299 ordines.

301 2325 655 2404 Inquietatus
707 2324 936 2385 fremitu
987 2323 1236 2401 gratuita
1286 2324 1344 2383 in
1396 2324 1557 2384 circo
1600 2323 1735 2384 loca
1786 2321 1860 2384 de
1908 2321 2098 2384 media
2139 2330 2316 2383 nocte

226 2431 287 2473 2⁸
306 2410 747 2487 occupantium,
800 2408 984 2468 omnis
1013 2407 1260 2468 fustibus
1292 2406 1517 2484 abegit3
1564 2406 1694 2468 elisi
1720 2424 1829 2486 per
1854 2424 1984 2467 eum
2018 2405 2314 2467 tumultum

300 2493 507 2570 vig-inti
561 2491 806 2571 amplius
866 2492 1091 2570 equites
1137 2492 1210 2553 R.
1254 2489 1493 2551 totidem
1544 2498 1875 2567 matronae,
1928 2509 2107 2569 super
2152 2491 2312 2550 innu-

299 2594 516 2638 meram
553 2575 779 2638 turbam
837 2583 1109 2636 ceteram.
1198 2575 1498 2635 Scaenicis
1553 2572 1733 2652 ludis,
1786 2574 1937 2633 inter
1979 2573 2212 2652 plebem
2255 2582 2315 2634 et

302 2663 555 2739 equitem
590 2677 822 2722 causam
853 2657 1269 2720 discordiarum
1312 2676 1551 2737 serens,
1610 2657 1865 2718 decimas
1904 2657 2177 2717 maturius
2215 2655 2309 2717 da-

301 2743 434 2823 bat,
484 2753 547 2806 ut
592 2744 883 2825 equestria
925 2743 997 2805 ab
1045 2743 1240 2804 infimo
1284 2760 1516 2823 quoque
1561 2748 2004 2822 occuparentur.
2083 2738 2284 2802 Gladia

224 2844 283 2887 so
304 2830 454 2890 torio
504 2847 770 2906 munere,
816 2827 1070 2889 reductis
1125 2825 1408 2888 interdum
1467 2825 1909 2906 flagrantissimo
1971 2823 2099 2884 sole
2142 2823 2310 2902 velis,

300 2914 482 2974 emitti
519 2930 857 2993 quemquam
885 2910 1121 2973 vetabat
1161 2920 1505 2993 remotoque
1533 2909 1826 2972 ordinario
1861 2916 2174 2988 apparatu,
2228 2917 2310 2969 ta-

297 2995 448 3058 bidis
491 2997 634 3058 feris
675 2995 993 3057 vilissimos
1024 2996 1306 3075 senioque
1344 2996 1651 3057 confectos
1669 2991 2074 3073 gladiatores,
2103 2993 2139 3029 ³*
2169 3010 2310 3073 quo·

300 3099 413 3160 que
442 3082 780 3161 paegniaris
808 3089 1009 3161 patres
1032 3079 1373 3141 familiarum
1402 3088 1574 3140 notos
1607 3076 1712 3139 sed
1738 3077 1981 3156 insignis
2015 3075 2312 3139 debilitate

299 3165 489 3245 aliqua
526 3166 796 3245 corporis
839 3162 1152 3226 obiciebat.
1237 3162 1331 3224 Ac
1365 3179 1815 3243 nonnumquam,
1868 3160 2098 3223 horreis
2141 3179 2310 3242 prae-

225 3276 279 3319 35
303 3249 513 3326 clusis,
567 3249 790 3329 populo
828 3249 1049 3311 famem·
1066 3248 1290 3309 indixit.

426 3334 743 3396 Saevitiam
792 3335 1012 3411 ingenii
1055 3352 1165 3413 per
1209 3332 1359 3394 haec
1415 3332 1659 3392 maxime
1697 3329 1966 3391 ostendit.
2057 3326 2199 3388 Cum
2239 3324 2310 3385 ad
2325 3331 2391 3387 2¹1

298 3419 567 3496 sag-inam
596 3420 849 3480 ferarum
877 3421 1096 3479 muneri
1138 3424 1612 3499 praeparatarum
1642 3413 1829 3475 carius
1859 3409 2116 3495 pecudes
2155 3425 2309 3468 com·

298 3512 679 3583 pararentur,
732 3521 810 3565 ex
862 3503 1053 3564 noxiis
1107 3500 1408 3564 laniandos
1466 3500 1759 3562 adnotavit
1809 3506 1869 3558 et
1900 3489 2309 3641 9⁰ss¹⁸t⁰dim¹m
