2553 3960
489 253 639 301 XLII
1179 255 1599 304 PRAEFATIO.

491 414 668 468 nistra
691 411 950 485 fortuna,
983 414 1084 470 cfr.
1117 431 1285 488 supra
1316 414 1560 487 p.XXlX
1597 409 1715 492 Ιι-20
1743 416 1901 469 mimo
1933 415 1994 471 Io
2008 415 2077 470 Fr
2092 413 2313 469 Grono-

493 495 618 552 vius
652 513 756 570 pro
790 500 971 553 animo
1017 490 1045 578 ΙΙ
1085 505 1183 569 98,
1219 508 1247 557 1
1294 499 1509 569 quidem
1552 500 1866 571 Stephanus
1896 515 1998 572 pro
2042 499 2263 570 quidam
2296 488 2309 576 Ι

488 587 526 637 2
571 582 639 636 iis
670 578 1053 641 Gasaubonus.
1116 583 1223 638 Iziis
1262 583 1474 637 Merum.
1520 599 1623 654 pro
1667 582 1751 637 his
1790 573 1819 660 ΙΙ
1861 589 1970 653 99‚,
1990 588 2059 642 23
2097 583 2315 639 senatui

488 679 711 735 semper
745 669 956 723 servire
989 668 1177 736 Bergk
1218 657 1246 745 ΙΙ
1291 674 1424 736 100,
1456 673 1490 723 2
1521 667 1913 722 adsuescerent
1949 667 2171 731 Duker:
2203 667 2306 722 cfr.

489 766 546 821 p.
580 755 714 819 109,
758 756 821 811 17
855 741 882 828 ΙΙ
913 757 1042 820 101,
1083 757 1120 809 8
1161 752 1355 806 mullos
1387 750 1694 806 Beroaldus
1726 766 1829 822 pro
1864 752 2038 806 mulos
2086 743 2099 827 Ι
2144 756 2214 810 20
2241 751 2311 806 ab

486 834 555 888 iis
578 832 846 904 Egnatius
873 850 977 906 pro
1003 834 1072 890 ab
1100 835 1186 889 his
1215 826 1244 914 ΙΙ
1274 839 1393 903 102,
1425 839 1495 892 24
1523 841 1847 889 meruerant
1866 835 2171 890 Beroaldus
2203 848 2307 906 pro

488 923 814 973 meruerunt
848 911 857 995 Ι
894 924 965 978 30
992 918 1387 994 Rhascypolim
1408 917 1734 974 Beroaldus.
1774 919 2166 990 Hrascypolim
2197 932 2308 988 ego

488 1016 592 1073 pro
611 1001 1059 1072 lerascypolim;
1086 1004 1192 1059 efr.
1207 1020 1270 1059 su
1276 1019 1375 1075 pra
1391 1019 1444 1074 p.
1459 1001 1709 1057 XXXVII
1737 992 1766 1080 ΙΙ
1800 1009 1916 1072 103,
1928 1008 1961 1059 2
1977 1002 2307 1072 Callippides

489 1085 562 1140 ed
587 1083 740 1140 Basil
766 1091 904 1145 1533
949 1103 1053 1159 pro
1102 1085 1400 1157 Gallipides
1436 1080 1447 1160 Ι
1484 1092 1521 1144 8
1550 1093 1604 1140 et
1628 1085 1888 1142 Erasmus
1921 1102 2027 1158 pro
2056 1086 2155 1140 sed
2189 1077 2199 1160 Ι
2242 1088 2304 1141 17

487 1169 636 1222 mari
663 1167 979 1240 Stephanus
1008 1187 1112 1242 pro
1147 1172 1320 1227 maris
1351 1161 1379 1250 ΙΙ
1410 1175 1541 1240 104,
1573 1177 1608 1230 3
1639 1169 1794 1225 Gallo
1823 1186 1928 1243 pro
1962 1170 2136 1224 Gallio
2167 1170 2307 1224 Tor-

488 1251 722 1308 rentius.
777 1251 948 1308 Cestio
982 1255 1136 1310 Gallo
1171 1271 1281 1325 ego
1313 1246 1339 1333 ΙΙ
1370 1262 1506 1325 105,
1550 1261 1581 1313 5
1629 1260 1683 1309 et
1721 1257 2011 1326 quicquam
2049 1253 2307 1309 codVin-

487 1337 598 1392 dob
619 1341 669 1392 2.
705 1334 858 1392 Cort.
890 1336 1069 1393 Periz.
1107 1340 1178 1395 ed
1201 1339 1339 1395 Rom
1365 1346 1413 1396 1.
1443 1344 1511 1408 2,
1555 1339 1658 1394 sed
1692 1339 1797 1394 οἶν.
1832 1355 1886 1410 p.
1924 1343 2058 1407 192,
2088 1344 2141 1397 9.
2184 1343 2306 1405 193,

493 1427 562 1479 18
609 1411 622 1498 Ι
672 1425 741 1480 18
787 1426 1074 1491 yratorum
1127 1422 1433 1478 Turnebus.
1495 1429 1776 1493 pretorum
1826 1423 1980 1477 Paris
2015 1427 2153 1481 6116
2200 1435 2306 1493 pro

495 1504 833 1567 Graecorum
882 1499 894 1584 Ι
944 1511 1014 1563 22
1050 1508 1117 1562 iis
1146 1507 1214 1562 ed
1230 1507 1363 1562 Rom
1386 1512 1437 1563 2.
1483 1523 1585 1578 pro
1615 1507 1700 1561 his
1735 1501 1745 1582 Ι
1784 1512 1852 1566 32
1892 1507 2134 1561 sestertio
2177 1506 2306 1560 Gla-

490 1604 695 1643 reanus
737 1605 843 1660 pro
870 1592 1178 1646 sestertium
1221 1583 1249 1668 ΙΙ
1292 1596 1414 1661 107,
1443 1596 1512 1650 26
1554 1592 1620 1646 iis
1651 1607 1759 1660 ego
1792 1606 1897 1662 pro
1927 1589 2013 1644 his
2061 1581 2073 1668 Ι
2122 1595 2191 1648 28
2222 1589 2305 1643 di·

490 1673 656 1744 lexit,
687 1674 914 1734 alterius
943 1675 1229 1731 virtutibus
1259 1677 1487 1730 alterius
1515 1676 1653 1734 vitiis
1685 1674 1901 1747 Lipsius
1934 1665 1960 1751 ΙΙ
1991 1680 2123 1741 108,
2152 1678 2188 1732 4
2216 1687 2303 1728 se-

489 1762 637 1811 creto
666 1763 937 1813 ostentant
961 1774 1104 1830 quae
1119 1759 1332 1814 Mamm.
1364 1759 1489 1814 Med
1504 1765 1558 1818 3.
1587 1759 1741 1814 Paris
1755 1764 1891 1817 5801
1918 1765 1974 1813 et
1996 1763 2151 1817 5804.
2196 1756 2306 1813 Co-

489 1856 610 1912 pes.
655 1841 813 1898 Huls.
858 1843 1119 1913 Haganus
1141 1843 1357 1899 Wolfii.
1408 1849 1618 1898 secreto
1659 1843 1761 1900 vel.
1783 1848 1999 1897 secreta
2029 1842 2307 1897 obstarent

479 1937 591 1997 per
635 1940 778 1996 quae
819 1927 1059 1999 plurimi.
1134 1929 1244 1984 nisi
1294 1942 1361 1982 ea
1407 1932 1617 1984 secreto
1664 1928 1955 1983 ostentanti
1991 1925 2305 1997 auferenda

393 2006 400 2015 ’
488 2010 772 2080 ipsumque
808 2013 1167 2083 iuyulandum
1195 2017 1466 2068 curasset.
1526 2012 1771 2082 Propter
1804 2024 1948 2082 quae
1978 2010 2068 2065 vel
2099 2008 2304 2065 similia

485 2094 796 2166 supplenda
830 2113 1036 2152 censeo
1055 2089 1064 2173 Ι
1080 2106 1111 2155 5
1129 2096 1462 2152 creberrime
1472 2095 1779 2152 Beroaldus
1808 2109 1911 2166 pro
1927 2087 2304 2170 celeberrime}

489 2183 556 2236 16
586 2179 811 2234 exitium
839 2180 1147 2235 Beroaldus
1178 2197 1284 2253 pro
1313 2183 1517 2237 exitum
1546 2171 1574 2258 ΙΙ
1618 2185 1753 2247 109,
1783 2184 1817 2237 9
1842 2176 2062 2233 Horum
2089 2178 2304 2232 Memm.

486 2277 518 2317 a
551 2261 727 2333 prima
760 2279 917 2319 manu
937 2304 951 2332 ,
986 2262 1221 2320 Orosius
1266 2270 1330 2335 7,
1370 2270 1406 2323 4
1432 2280 1536 2336 pro
1564 2263 1786 2318 Horum
1814 2262 2051 2317 omnium
2089 2256 2099 2337 Ι
2138 2268 2203 2321 31
2248 2261 2309 2317 id

486 2352 570 2400 est
608 2347 776 2401 lutum
825 2363 860 2401 α
910 2350 1180 2419 sanquine
1221 2353 1563 2404 maceratum
1602 2345 1945 2418 proscripsit
1985 2346 2054 2401 ed
2085 2345 2302 2402 Iuntina

487 2436 626 2490 1510
652 2420 680 2508 ΙΙ
711 2437 826 2496 110.
853 2436 922 2490 26
954 2431 1091 2486 Tam
1123 2431 1257 2487 bibet
1292 2433 1556 2514 Gruterus
1596 2421 1607 2508 Ι
1644 2435 1714 2489 33
1735 2429 2099 2485 remediorum
2133 2428 2304 2486 Grae-

485 2512 610 2569 vius
658 2529 763 2586 pro
797 2516 1096 2571 remedium
1137 2507 1164 2594 ΙΙ
1207 2523 1339 2585 111,
1370 2522 1435 2574 11
1469 2515 1890 2585 praetoriarum
1931 2514 2149 2586 Lipsius
2186 2506 2197 2590 Ι
2234 2519 2302 2573 27

485 2597 687 2652 libertis
732 2614 842 2669 ego
884 2615 986 2671 pro
1034 2600 1216 2655 liberis
1273 2592 1288 2677 Ι
1332 2601 1493 2654 etiam
1537 2596 1809 2654 uxoribus
1847 2600 1967 2653 suis
2008 2599 2303 2655 eodssern.

484 2680 661 2736 Periz.
704 2682 773 2737 ed
799 2684 929 2739 Rom
951 2688 986 2739 2
1025 2677 1051 2760 ΙΙ
1096 2690 1231 2755 112,
1273 2691 1304 2743 1
1333 2690 1387 2739 et
1412 2682 1719 2739 Beroaldus
1749 2698 1853 2753 pro
1883 2683 1984 2737 sed
2014 2673 2027 2762 Ι
2066 2688 2134 2742 26
2179 2696 2304 2738 evo·

480 2771 649 2820 cara-t
679 2766 984 2823 Beroaldus
1029 2784 1134 2839 pro
1162 2768 1426 2824 evocabat
1451 2758 1480 2845 ΙΙ
1510 2772 1642 2836 114,
1696 2772 1763 2823 10
1798 2768 1899 2822 tali
1921 2766 2166 2822 Muretus
2197 2780 2303 2838 pro

489 2848 613 2903 talis
639 2839 666 2926 ΙΙ
710 2857 836 2915 115,
874 2856 944 2910 38
973 2850 1176 2907 Minois
1206 2852 1275 2907 ed
1297 2852 1431 2908 Rom
1453 2858 1487 2908 2
1514 2866 1618 2922 pro
1648 2848 1921 2920 Minonis,
1964 2851 2065 2906 cfr.
2099 2867 2150 2921 p.
2184 2854 2305 2916 199,

486 2937 556 2990 25
597 2922 625 3011 ΙΙ
667 2940 798 3002 116,
844 2943 909 2993 15
948 2935 1230 2991 subvectus
1278 2951 1388 3005 ego
1422 2950 1525 3007 pro
1563 2934 1850 2990 subvectus
1878 2940 1960 2989 est
1997 2925 2023 3012 ΙΙ
2067 2939 2199 3002 117,
2234 2938 2306 2991 20

484 3017 670 3071 inlatis
701 3019 808 3074 eod
833 3020 1004 3075 Basil.
1031 3019 1250 3076 Vindob
1278 3025 1327 3077 1.
1360 3035 1519 3090 marg
1540 3018 1721 3074 Periz.
1760 3035 1862 3089 pro
1891 3020 2096 3072 inlatus
2122 3008 2149 3094 ΙΙ
2183 3023 2303 3086 120,

487 3108 554 3159 15
585 3101 868 3158 divexanti
893 3102 1216 3161 Torrentius
1248 3119 1355 3175 pro
1384 3103 1476 3159 diu
1503 3104 1731 3160 vexanti
1756 3093 1783 3181 ΙΙ
1814 3107 1929 3170 122,
1962 3107 2027 3162 21
2063 3102 2180 3156 sola
2209 3115 2301 3155 re·

485 3191 595 3238 stat
633 3184 838 3253 publici
863 3184 1183 3243 Seriverius
1224 3203 1331 3259 pro
1366 3189 1486 3243 sola
1534 3193 1731 3242 auctor
1758 3191 1935 3241 restat
1963 3192 2016 3241 et
2041 3184 2257 3255 publici
2289 3176 2300 3262 Ι

482 3272 556 3326 26
589 3269 705 3323 ioco
735 3269 1040 3327 Beroaldus
1070 3286 1174 3342 pro
1205 3274 1320 3328 loco
1357 3266 1367 3348 Ι
1407 3279 1471 3331 31
1504 3277 1556 3327 et
1576 3277 1866 3341 conspectu
1897 3286 2023 3340 ego.
2070 3283 2300 3339 conspe-

487 3358 578 3405 ctu
609 3350 761 3407 Paris
786 3359 941 3414 6116.
988 3354 1127 3412 Edd.
1167 3372 1271 3428 pro
1314 3371 1391 3411 ex
1421 3361 1714 3426 conspectu
1761 3352 1774 3427 1
1822 3360 1891 3415 32
1920 3353 2171 3424 ableyari
2195 3353 2305 3408 Be·

488 3433 714 3489 roaldus
756 3452 862 3508 pro
894 3438 1140 3510 ablegari
1161 3432 1189 3517 ΙΙ
1220 3447 1354 3511 123,
1400 3448 1426 3499 1
1464 3457 1574 3496 uno
1606 3446 1659 3495 et
1693 3441 1942 3495 vicesimo
1973 3436 2305 3493 Oudendor-

482 3514 608 3589 pius
647 3511 660 3595 Ι
697 3525 762 3577 11
801 3534 871 3575 ne
904 3522 1011 3577 cod
1031 3523 1199 3580 Basil.
1233 3524 1494 3581 Erasmus
1525 3540 1628 3598 pro
1659 3538 1762 3580 nec
1794 3515 1810 3602 Ι
1847 3529 1914 3585 19
1945 3524 2216 3594 serpentis
2245 3519 2308 3575 id
