2553 3960
984 257 1195 306 mvus
1233 257 1616 308 AUGUSTUS.
2235 244 2318 307 59

303 414 705 493 ordinavitque
727 456 746 489 ,
780 420 969 473 motus
1002 413 1206 474 iniuria
1239 414 1557 492 senatoris,
1594 431 1764 491 quem
1794 413 2050 473 Puteolis
2081 431 2190 492 per
2223 432 2320 475 ce-

302 499 649 562 leberrimos
681 496 851 557 ludos
883 514 1167 557 consessu
1196 498 1487 578 frequenti
1529 515 1697 558 nemo
1726 505 2056 576 receperat.
2135 497 2316 558 Facto

303 586 477 664 igitur
523 582 766 643 decreto
816 590 1039 660 patrum
1070 591 1159 659 ut,
1208 584 1478 661 quotiens
1523 581 1657 660 quid
1710 581 2033 660 spectaculi
2075 599 2316 660 usquam

304 667 538 749 publice
568 666 868 743 ederetur,
908 667 1124 745 primus
1167 666 1578 726 subselliorum
1613 666 1758 725 ordo
1799 673 2040 726 vacaret
2084 674 2314 725 senato-

255 753 490 828 sribuS,
521 751 745 812 Romae
778 748 1009 826 legatos
1038 750 1346 810 liberarum
1394 751 1795 829 sociarumque
1836 750 2093 827 gentium
2137 750 2317 809 vetuit

304 838 362 896 in
416 834 719 896 orchestra
759 832 1000 912 sedere,
1057 852 1183 894 cum
1234 833 1512 914 quosdam
1556 835 1727 894 etiam
1779 833 2032 893 libertini
2075 834 2316 911 generis

304 921 444 980 mitti
498 918 921 998 deprendisset.
1010 917 1254 979 Militem
1301 919 1558 978 secrevit
1607 936 1639 979 a
1692 917 1933 996 populo.
2011 917 2231 977 Maritis
2281 934 2316 976 e

303 1003 478 1084 plebe
510 1002 787 1081 proprios
819 999 1053 1061 ordines
1078 1002 1429 1080 assignavit,
1462 1004 1838 1081 praetextatis
1865 1019 2107 1061 cuneum
2132 1019 2313 1078 suum,

303 1097 361 1149 et
389 1088 712 1167 proximum
746 1084 1143 1164 paedagogis,
1193 1087 1497 1164 sanxitque
1529 1104 1601 1145 ne
1637 1086 1765 1165 quis
1808 1086 2156 1165 pullatorum
2195 1103 2313 1145 me-

229 1173 396 1233 lodia
429 1189 607 1231 cavea
638 1168 891 1229 sederet.
935 1169 1190 1230 Feminis
1217 1188 1290 1229 ne
1323 1170 1681 1247 gladiatores
1713 1171 1968 1249 quidem,
2000 1187 2147 1249 quos
2178 1185 2313 1249 pro-

300 1257 520 1317 miscue
561 1255 816 1332 spectari
859 1253 1143 1313 sollemne
1188 1254 1325 1314 olim
1366 1262 1523 1331 erat,
1575 1254 1682 1313 nisi
1738 1272 1812 1314 ex
1842 1254 2146 1333 superiore
2177 1253 2313 1313 loco

302 1347 575 1420 spectare
631 1338 944 1398 concessit.
1041 1337 1198 1398 Solis
1247 1337 1571 1415 virginibus
1623 1337 1959 1399 Vestalibus
2013 1337 2203 1398 locum
2257 1338 2316 1396 in

300 1423 556 1500 theatro,
590 1422 901 1501 separatim
933 1429 991 1480 et
1023 1431 1225 1482 contra
1255 1423 1549 1501 praetoris
1580 1420 1849 1499 tribuual,
1887 1421 2062 1481 dedit.
2111 1420 2313 1481 Athle-

303 1517 485 1568 tarum
515 1521 658 1568 vero
692 1504 1030 1584 spectaculo
1063 1506 1344 1565 muliebre
1375 1523 1549 1566 secus
1584 1523 1752 1566 omne
1792 1506 1939 1566 adeo
1986 1505 2313 1579 summovit,

228 1606 283 1649 ιε
301 1599 361 1651 ut
401 1588 829 1671 pontificalibus
875 1589 1023 1648 ludis
1065 1589 1323 1668 pugilum
1368 1607 1474 1668 par
1522 1589 1876 1669 postulatum
1920 1588 2206 1648 distulerit
2259 1588 2315 1646 in

300 1674 662 1753 insequentis
705 1672 819 1732 diei
878 1674 1203 1733 matutinum
1255 1683 1513 1751 tempus,
1581 1672 1977 1751 edixeritque,
2028 1672 2316 1732 mulieres

303 1765 445 1820 ante
474 1758 694 1819 horam
724 1755 997 1837 quintam
1023 1758 1234 1818 venire
1259 1758 1324 1817 in
1348 1756 1671 1833 theatrum,
1707 1775 1831 1817 non
1857 1757 2132 1835 placere.
2177 1756 2313 1835 Ipse
2331 1765 2398 1821 45

304 1844 603 1905 circenses
645 1859 722 1901 ex
755 1841 1067 1901 amicorum
1108 1840 1235 1901 fere
1278 1840 1734 1920 libertorumque
1795 1839 2125 1909 caenaculis
2179 1857 2311 1918 spe-

305 1926 526 2005 ctabat,
574 1924 858 1986 interdum
903 1943 979 1986 ex
1023 1925 1343 2005 pulvinari,
1403 1933 1461 1985 et
1509 1925 1737 2006 quidem
1782 1943 1908 1986 cum
1951 1924 2201 2002 coniuge
2245 1942 2314 1985 ac

226 2011 502 2077 zoliberis
546 2009 778 2070 sedens.
858 2010 1210 2089 Spectaculo
1255 2010 1533 2090 plurImas
1566 2010 1773 2087 horaS,
1813 2009 2123 2088 aliquando
2156 2018 2314 2069 totos

300 2096 444 2175 dies.
470 2093 703 2171 aberat,
759 2095 936 2173 petita
981 2096 1150 2156 venia
1194 2094 1728 2174 commendatisque
1771 2096 1869 2174 qui
1913 2112 2072 2154 suam
2123 2094 2312 2153 vicem

300 2173 687 2260 praesid‘endo
741 2177 1139 2256 fungerentur.
1233 2180 1451 2240 Verum
1513 2181 1782 2258 quotiens
1847 2179 2116 2256 adesset,
2172 2176 2312 2238 nihil

301 2271 607 2343 praeterea
654 2261 902 2339 agebat,
958 2281 1060 2322 seu
1099 2262 1316 2323 vitandi
1368 2264 1614 2323 rumoris
1666 2281 1866 2341 causa,
1920 2281 2034 2345 quo
2087 2270 2311 2342 patrem

302 2346 617 2408 Caesarem
673 2345 849 2422 vulgo
900 2346 1319 2426 reprehensum
1374 2348 1894 2425 commemorabat,
1948 2347 2104 2427 quod
2161 2348 2311 2406 inter

226 2429 679 2510 „spectandum
730 2430 996 2509 epistolis
1047 2429 1380 2510 libellisque
1430 2431 1696 2509 legendis
1752 2440 1848 2492 aut
1913 2431 2311 2491 rescribendis

301 2521 568 2590 vacaret,
626 2532 730 2574 seu
773 2513 963 2574 studio
1011 2515 1315 2593 spectandi
1360 2533 1432 2576 ac
1473 2515 1807 2594 voluptate,
1865 2532 1974 2594 qua
2018 2514 2202 2574 teneri
2246 2532 2311 2573 se

300 2616 490 2676 neque
526 2597 904 2659 dissimulavit
943 2616 1209 2678 umquam
1255 2607 1316 2658 et
1353 2617 1535 2677 saepe
1579 2600 1830 2676 ingenite
1863 2598 2167 2677 professus
2197 2606 2306 2657 est.

299 2683 502 2761 Itaque
531 2681 842 2743 corollaria
884 2691 943 2742 et
974 2684 1228 2761 praemia
1268 2685 1326 2742 in
1356 2682 1561 2742 alienis
1606 2698 1838 2761 quoque
1867 2682 2197 2741 muneribus
2240 2699 2308 2741 ac

301 2765 448 2827 ludis
478 2774 538 2826 et
569 2765 775 2827 crebra
809 2773 868 2825 et
894 2766 1132 2843 grandia
1166 2766 1238 2827 de
1279 2783 1385 2826 suo
1437 2765 1752 2844 offerebat,
1798 2764 2052 2844 nullique
2081 2764 2308 2826 Graeco

224 2873 284 2914 so
304 2850 599 2912 certamini
630 2849 915 2927 interfuit,
950 2867 1064 2928 quo
1100 2869 1215 2912 non
1250 2868 1358 2930 pro
1385 2852 1589 2911 merito
1639 2868 1925 2932 quemque
1971 2849 2311 2910 certantium

299 2933 623 2994 honorarit.
691 2934 994 3014 Spectavit
1018 2944 1206 2995 autem
1238 2934 1656 2995 studiosissime
1701 2935 1932 3014 pugiles
1964 2943 2022 2994 et
2063 2935 2310 2994 maxime

298 3017 564 3095 Latinos,
617 3035 733 3079 non
778 3018 1071 3095 legitimos
1114 3028 1285 3098 atque
1328 3019 1652 3080 ordinarios
1690 3019 1895 3096 modo,
1943 3034 2089 3098 quos
2140 3019 2310 3079 etiam

302 3102 659 3162 committere
696 3120 821 3162 cum
859 3101 1102 3163 Graecis
1134 3102 1396 3181 solebat,
1445 3103 1548 3163 sed
1579 3112 1639 3163 et
1672 3104 2032 3163 catervarios
2068 3102 2308 3183 oppida-

298 3202 439 3263 nos,
470 3185 625 3246 inter
653 3187 949 3264 angustias
978 3188 1238 3248 vicorum
1283 3188 1591 3266 pugnantis
1634 3195 1853 3247 temere
1893 3205 1964 3247 ac
2005 3189 2131 3248 sine
2165 3197 2307 3249 arte.

223 3269 646 3332 ”Universum
676 3269 922 3350 denique
958 3289 1146 3349 genus
1178 3288 1392 3351 operas
1432 3272 1653 3351 aliquas
1685 3271 1920 3352 publico
1966 3270 2308 3351 spectaculo

299 3352 701 3433 praebentium
742 3356 911 3416 etiam
955 3373 1090 3417 cura
1127 3372 1228 3415 sua
1263 3356 1529 3432 dignatus
1560 3363 1679 3416 est:
1717 3355 1949 3416 athletis
1982 3364 2039 3416 et
2071 3371 2306 3415 conser-

298 3440 458 3499 vavit
503 3437 818 3518 privilegia
860 3446 918 3499 et
960 3439 1283 3519 ampliavit3
1328 3439 1689 3516 gladiatores
1739 3442 1863 3500 sine
1903 3439 2180 3498 missione
2211 3435 2308 3494 edi

295 3520 624 3601 prohibuit:
680 3523 1097 3584 coercitionem
1161 3528 1220 3584 in
1271 3523 1584 3584 histriones
1636 3520 2097 3602 magistratibus,
2154 3518 2307 3578 omni
