2553 3960
518 646 529 652 ·
605 626 709 711 Ο.’
759 628 1238 712 SUETONI
1295 629 1975 717 TRANQUILLI

332 809 571 911 DE
675 782 1140 912 VI‘TA
1251 812 2277 916 CAESARUM

1118 1003 1395 1067 LIBER
1443 1004 1523 1067 V.

807 1162 1154 1235 mvos
1222 1121 1798 1240 oLAun'mS.

253 1549 285 1590 5
433 1511 661 1574 Patrem
717 1510 920 1574 Claudi
978 1511 1247 1573 Caesaris
1304 1512 1581 1589 Drusum,
1649 1513 1783 1573 olim
1834 1512 2130 1572 Decimum
2177 1532 2360 1585 mox]

300 1596 596 1659 Neronem
629 1597 1034 1675 praenomine,
1090 1596 1287 1673 Livia,
1347 1614 1474 1656 cum
1504 1595 1770 1674 Augusto
1802 1596 2044 1673 gravida
2087 1601 2310 1676 nupsis-

301 1690 424 1756 set,
485 1683 636 1739 intra
685 1697 943 1739 mensem
987 1681 1215 1738 tertium
1267 1682 1531 1760 peperit,
1600 1681 1821 1760 fuitque
1880 1682 2170 1759 suspicio,
2236 1703 2312 1746 ex

299 1764 511 1823 vitrico
536 1780 645 1841 per
674 1762 940 1822 adulterii
973 1764 1446 1824 consuetudinem
1481 1774 1865 1843 procreatum.
1922 1764 2121 1825 Statim
2150 1778 2310 1829 certe

302 1847 575 1924 vulgatus
606 1854 697 1905 est
725 1863 962 1906 versus:

225 1961 284 2004 10
717 1933 860 2002 Τοῖς
894 1920 1204 2008 εὐτυχοῦσι
1231 1929 1332 1992 καὶ
1367 1933 1622 2013 τρίμηνα
1650 1932 1877 1993 παιδία.

299 2019 359 2080 Is
392 2016 613 2075 Drusus
662 2015 719 2074 in
756 2024 1101 2094 quaesturae
1155 2025 1576 2097 praeturaeque
1629 2018 1851 2078 honore
1898 2017 2014 2078 dux
2061 2019 2310 2100 Raetici,

300 2099 509 2164 deinde
569 2098 894 2160 Germanici
948 2099 1089 2160 belli
1150 2099 1444 2161 Oceanum
1505 2102 2035 2181 septemtrionalem
2092 2106 2313 2183 primus

297 2188 687 2249 Romanorum
736 2182 941 2244 ducum
980 2185 1279 2261 navigavit
1321 2194 1596 2265 transque
1637 2185 1900 2247 Rhenum
1941 2187 2134 2248 fossas
2176 2191 2314 2249 novi

303 2279 361 2332 et
400 2269 660 2330 immensi
705 2269 904 2346 operis
949 2269 1183 2344 effecit,
1245 2286 1394 2347 quae
1449 2288 1599 2329 nunc
1648 2269 1833 2330 adhuc
1880 2270 2164 2332 Drusinae
2208 2292 2311 2334 vo-

226 2375 284 2417 15
307 2362 526 2416 cantur.
612 2351 853 2413 Hostem
895 2353 1067 2412 etiam
1109 2353 1449 2431 frequenter
1488 2371 1720 2414 caesum
1767 2372 1838 2413 ac
1879 2356 2106 2434 penitus
2142 2357 2200 2415 in
2229 2358 2311 2416 in-

299 2440 468 2499 timas
524 2434 863 2496 solitudines
921 2444 1110 2496 actum
1162 2454 1278 2496 non
1337 2437 1496 2516 prius
1547 2437 1763 2496 destitit
1822 2438 2081 2517 insequi,
2143 2457 2313 2518 quam

301 2522 537 2601 species
570 2519 854 2580 barbarae
896 2520 1186 2597 mulieris,
1248 2519 1489 2581 humana
1538 2519 1812 2599 amplior,
1871 2522 2157 2581 victorem
2190 2532 2312 2583 ten·

302 2607 443 2667 dere
475 2606 622 2666 ultra
657 2620 926 2664 sermone
959 2604 1160 2665 Latino
1193 2603 1609 2683 prohibuisset.
1673 2603 1830 2678 Quas
1865 2603 1940 2664 ob
1973 2622 2070 2664 res
2103 2606 2313 2665 ovandi

301 2692 393 2750 ius
441 2698 498 2750 et
534 2688 899 2768 triumphalia
944 2697 1278 2749 ornamenta
1321 2688 1611 2768 percepit;
1675 2705 1744 2748 ac
1796 2697 1930 2768 post
1985 2697 2312 2767 praeturam

228 2793 285 2835 20
307 2773 611 2835 confestim
634 2774 777 2833 inito
824 2773 1123 2833 consulatu
1157 2781 1326 2852 atque
1358 2772 1730 2853 expeditione
1762 2773 2043 2851 repetita,
2108 2789 2311 2852 supre-

302 2876 452 2918 mum
484 2857 633 2917 diem
678 2855 883 2917 morbo
917 2856 1061 2916 obiit
1098 2857 1157 2915 in
1204 2858 1441 2917 aestivis
1472 2857 1712 2934 castris,
1777 2875 1925 2937 quae
1957 2875 2033 2916 ex
2062 2872 2135 2916 eo
2170 2856 2309 2917 Sce-

300 2943 486 3004 lerata
517 2950 646 3002 sunt
687 2941 1001 3020 appellata.
1091 2937 1321 3019 Corpus
1361 2942 1484 3001 eius
1525 2959 1634 3021 per
1676 2942 2112 3021 municipiorum
2150 2941 2310 3002 colo·

299 3029 638 3104 niarumque
681 3027 1001 3105 primores,
1060 3019 1510 3103 suscipientib'us
1550 3024 1737 3084 obviis
1778 3024 2095 3085 scribarum
2138 3024 2309 3087 decu·

301 3116 413 3189 τῖε,
477 3112 549 3172 ad
583 3110 784 3170 urbem
828 3110 1131 3171 devectum
1177 3109 1580 3190 sepultumque
1617 3117 1709 3169 est
1749 3109 1807 3167 in
1843 3125 2047 3188 campo
2079 3107 2308 3171 Martio.

228 3213 282 3253 25
305 3195 578 3258 Ceterum
629 3196 920 3254 exercitus
964 3193 1332 3254 honorarium
1379 3194 1434 3254 ei
1473 3193 1745 3254 tumulum
1786 3194 2091 3270 excitavit,
2153 3196 2312 3254 circa

304 3299 476 3361 quem
504 3280 786 3357 deinceps
814 3285 962 3338 stato
1001 3278 1093 3338 die
1124 3286 1264 3357 quot
1299 3280 1463 3338 annis
1504 3276 1672 3337 miles
1715 3276 2057 3339 decurreret
2099 3275 2307 3338 Gallia-

298 3383 540 3446 rumque
595 3364 858 3424 civitates
908 3361 1140 3441 publice
1195 3361 1614 3441 supplicarent.
1700 3360 2013 3423 Praeterea
2076 3366 2309 3418 senatus

298 3450 449 3512 inter
480 3449 596 3511 alia
626 3447 924 3526 complura
961 3463 1342 3507 marmoreum
1372 3462 1568 3507 arcum
1606 3463 1732 3506 cum
1765 3444 2028 3588 tropgeis
2057 3441 2151 3500 via
2187 3438 2307 3519 Ap·
