2553 3960
346 213 470 276 114
525 223 585 274 c.
613 223 912 273 sun‘rom
935 223 1193 284 mmo.
1223 221 1320 269 nn
1344 221 1510 269 vrrA
1535 220 1903 284 onesinum
1923 223 2061 270 ΜΒ.
2086 221 2189 270 111.

254 376 329 435 66
466 378 727 444 Urebant
769 381 1006 460 iusuper
1049 380 1273 440 anxiam
1302 387 1552 439 mentem
1581 379 1741 438 varia
1777 377 2024 457 undique
2070 379 2349 456 convitia,

341 463 503 526 nullo
548 480 663 524 non
700 464 1091 525 damnatorum
1131 481 1300 524 omne
1330 462 1530 543 probri
1561 480 1747 540 genus
1777 479 1975 523 coram
2010 462 2106 522 vel
2138 480 2249 542 per
2279 463 2348 523 li-

341 548 537 609 bellos
569 549 627 607 in
663 549 965 609 orchestra
998 548 1226 627 positos
1254 548 1578 625 ingerente.
1640 546 1859 622 Quibus
1892 545 2121 626 quidem
2153 547 2346 606 diver-

308 634 566 694 ⁸sissime
616 632 1021 709 adficiebatur,
1070 631 1244 692 modo
1278 640 1338 691 ut
1377 648 1519 710 prae
1560 630 1786 710 pudore
1829 633 2026 708 ignota
2058 640 2118 690 et
2156 630 2348 691 celata

341 725 547 777 cuncta
574 725 834 796 cuperet,
864 732 1286 796 nonnumquam
1312 715 1512 775 eadem
1544 710 1943 775 contemneret
1968 723 2025 774 et
2050 715 2349 793 proferret
2367 727 2401 769 a

337 801 490 861 ultro
523 810 697 878 atque
723 800 1007 877 vulgaret.
1057 801 1205 876 Quin
1236 808 1294 859 et
1317 798 1594 859 Artabani
1625 798 1964 859 Parthorum
1995 800 2156 876 regis
2188 798 2347 858 lace-

336 892 495 945 ratus
527 891 618 945 est
649 883 878 961 litteris,
902 884 1211 963 parricidia
1246 893 1307 943 et
1339 882 1553 943 caedes
1576 891 1633 943 et
1654 883 1943 960 ignaviam
1974 890 2032 942 et
2064 882 2349 942 luxuriam

339 967 678 1045 obicientis,
715 969 1119 1049 monentisque
1153 977 1215 1027 ut
1249 967 1572 1028 voluntaria
1603 976 1791 1027 morte
1818 968 2066 1027 maximo
2100 968 2345 1026 iustissi-

255 1059 550 1131 6'7moque
602 1053 811 1112 civium
863 1050 996 1112 odio
1043 1070 1211 1133 quam
1260 1052 1500 1131 primum
1552 1053 1691 1111 satis
1735 1051 1977 1111 faceret.
2037 1050 2345 1111 Postremo

337 1143 520 1195 semet
575 1135 705 1214 ipse
746 1143 1079 1214 pertaesus,
1133 1136 1232 1196 tali
1278 1134 1563 1215 epistulae
1620 1135 1908 1215 principio
1960 1142 2176 1196 tantum
2227 1150 2428 1194 nonne

337 1236 608 1278 summam
638 1218 919 1279 malorum
948 1236 1179 1279 suorum
1206 1219 1515 1299 professus
1547 1227 1665 1280 est:

460 1299 627 1375 Quid
683 1300 958 1363 scribam
1015 1303 1194 1365 vobis
1249 1302 1317 1363 P.
1367 1300 1435 1363 0.
1482 1309 1593 1363 ant
1640 1319 1759 1383 quo
1806 1301 1991 1363 modo
2046 1301 2348 1378 scribam,

338 1391 447 1446 aut
510 1385 660 1465 quid
713 1387 955 1448 omnino
1011 1405 1136 1448 non
1197 1384 1472 1448 scribam
1539 1386 1657 1447 hoe
1719 1393 2024 1464 tempore,
2104 1384 2195 1445 dii
2252 1404 2354 1447 me

338 1469 609 1549 deaeque
653 1469 834 1549 peius
885 1470 1157 1549 perdant
1215 1488 1402 1552 quam
1456 1470 1682 1533 cotidie
1729 1471 1941 1551 perire
1994 1470 2188 1530 sentio
2205 1516 2223 1545 ,
2290 1469 2355 1531 si

335 1554 487 1616 scio.
2368 1564 2428 1606 1⁵

463 1637 807 1700 Existimant
836 1639 1064 1718 quidam
1093 1639 1427 1718 praescisse
1454 1639 1599 1698 haec
1631 1656 1760 1698 eum
1792 1619 1997 1716 peritia
2026 1637 2352 1698 futurorum

336 1740 406 1783 ac
439 1722 619 1783 multo
653 1732 814 1801 ante,
847 1733 1057 1803 quanta
1089 1742 1155 1783 se
1187 1722 1531 1802 quaudoque
1562 1722 1850 1782 acerbitas
1882 1730 1939 1781 et
1969 1721 2200 1782 infamia
2230 1740 2348 1783 ma-

336 1813 535 1883 neret,
579 1807 991 1886 prospexisse3
1045 1805 1327 1886 ideoque,
1370 1816 1432 1865 ut
1476 1808 1776 1886 imperium
1813 1806 2035 1883 inierit,
2078 1815 2136 1866 et
2164 1808 2351 1886 patris

337 1889 559 1969 patriae
610 1890 1062 1970 appellationem
1105 1901 1163 1951 et
1204 1909 1278 1950 ne
1322 1891 1377 1949 in
1408 1900 1536 1951 acta
1567 1908 1668 1951 sua
1701 1892 1986 1951 iuraretur
2017 1889 2324 1952 obstinatis

337 1974 483 2053 sime
510 1993 852 2054 recusasse,
899 1994 973 2036 ne
1001 1994 1137 2036 mox
1166 1975 1387 2036 maiore
1418 1974 1718 2036 dedecore
1746 1976 1929 2054 impar
1960 1974 2131 2036 tantis
2161 1974 2346 2036 hono·
2367 1991 2432 2034 ω

334 2058 496 2118 ribus
550 2061 925 2120 inveniretur.
1008 2060 1179 2136 Quod
1230 2077 1370 2119 sane
1425 2078 1501 2119 ex
1545 2061 1808 2120 oratione
1852 2061 2010 2135 eius,
2058 2077 2227 2138 quam
2274 2059 2351 2120 de

334 2150 577 2220 utraque
622 2161 687 2203 re
730 2143 959 2221 habuit,
1010 2143 1211 2222 colligi
1255 2151 1479 2222 potest;
1525 2144 1621 2204 vel
1669 2161 1794 2203 cum
1823 2144 1932 2220 ait,
1978 2143 2237 2205 similem
2279 2161 2354 2204 se

333 2242 576 2303 semper
610 2226 711 2286 sui
742 2225 1021 2304 futurum
1051 2246 1166 2290 nee
1197 2244 1488 2306 umquam
1524 2233 1899 2289 mutaturum
1939 2245 2145 2288 mores
2171 2245 2349 2306 suos,

336 2326 520 2387 quam
550 2309 658 2369 diu
691 2327 893 2371 sanae
918 2311 1134 2372 mentis
1156 2311 1429 2390 fuisse&
1458 2310 1574 2372 sed
1599 2311 1867 2390 emempli
1887 2328 2086 2374 eausa
2118 2328 2349 2374 caven-

336 2390 478 2452 dum
508 2409 675 2470 esse,
706 2412 785 2454 ne
814 2412 885 2455 se
915 2402 1170 2456 senatus
1201 2395 1267 2456 in
1303 2402 1451 2458 aeta
1482 2396 1845 2477 cuiusquam
1872 2394 2201 2476 obli9aret,
2242 2395 2354 2477 qui
2369 2415 2435 2458 25

335 2476 546 2556 aliquo
579 2493 735 2538 eas-u
763 2479 999 2539 mutari
1017 2487 1249 2559 posset.
1314 2479 1388 2540 Et
1416 2498 1617 2540 rursus

454 2559 529 2621 Si
567 2561 815 2640 qnando
858 2569 1091 2639 antem,
1134 2564 1344 2643 inquit,
1393 2562 1473 2624 de
1506 2563 1783 2626 moribus
1805 2561 1966 2623 meis
2008 2563 2357 2643 devotoque

331 2643 511 2706 vobis
540 2646 745 2706 animo
770 2645 1224 2723 dubitaveritis,
1256 2644 1455 2729 (quod
1475 2648 1657 2725 prius
1687 2664 1868 2726 qaam
1898 2647 2162 2722 eveniat,
2201 2654 2352 2724 opto

330 2735 399 2790 ut
432 2747 528 2790 me
564 2748 890 2808 supremus
927 2731 1060 2791 dies
1086 2730 1230 2791 huie
1254 2738 1531 2792 mutatae
1565 2739 1813 2792 vestrae
1840 2730 1920 2790 de
1947 2749 2044 2791 me
2071 2730 2356 2809 opinioni

333 2810 591 2894 eripiat)
621 2813 778 2874 nihil
803 2814 1060 2876 lionoris
1088 2814 1321 2876 adiciet
1348 2814 1498 2874 milii
1517 2815 1735 2892 patria
1767 2814 2134 2891 appellatio,
2162 2812 2350 2875 vobis
2367 2835 2434 2881 se

335 2905 538 2958 autem
610 2895 1027 2975 emprobrabit
1093 2906 1202 2959 aut
1271 2898 1670 2960 temeritatem
1733 2898 1929 2959 delati
1992 2899 2141 2959 mihi
2214 2897 2352 2959 eius

335 2980 714 3061 coqnominis
744 2989 854 3042 aut
884 2981 1363 3043 inconstantiam
1390 2982 1695 3044 contrarii
1722 2982 1799 3043 de
1825 3000 1921 3042 me
1948 2981 2179 3043 iudicii.

247 3066 319 3123 68
460 3065 729 3145 Corpore
770 3066 875 3126 fuit
921 3065 1114 3143 amplo
1158 3074 1330 3145 atque
1373 3065 1647 3144 robusto,
1693 3075 1908 3128 statura
1950 3084 2100 3145 quae
2141 3066 2352 3131 iustam

337 3149 682 3219 excederet3
715 3149 865 3211 latus
895 3149 966 3210 ab
990 3150 1242 3210 humeris
1274 3159 1333 3210 et
1365 3158 1631 3229 pectore,
1663 3153 1874 3211 ceteris
1906 3168 2141 3229 quoque
2170 3168 2352 3213 mem-

334 3226 454 3286 bris
503 3248 687 3309 usque
735 3232 805 3294 ad
851 3234 998 3294 imos
1059 3235 1243 3313 pedes
1284 3234 1542 3313 aequalis
1592 3243 1653 3295 et
1699 3251 2057 3312 congruens;
2112 3234 2434 3301 sinistras}

332 3326 501 3369 manu
549 3314 793 3388 agiliore
840 3335 910 3378 ac
939 3318 1249 3394 validiore,
1296 3318 1555 3379 articulis
1585 3320 1663 3380 ita
1692 3320 1902 3395 firmis,
1942 3327 2004 3378 ut
2042 3336 2257 3388 recens
2293 3327 2356 3378 et

332 3393 620 3469 integrum
671 3398 878 3459 malum
930 3402 1110 3480 digito
1163 3402 1520 3478 terebraret,
1588 3412 1759 3482 caput
1811 3404 1975 3482 pueri
2030 3401 2125 3462 vel
2173 3404 2356 3464 etiam

334 3472 723 3539 adulescentis
751 3483 945 3548 talitro
974 3486 1329 3547 vulneraret.
1391 3484 1613 3548 Colore
1645 3497 1774 3549 erat
1803 3485 2081 3565 candido,
2126 3486 2354 3565 capillo
