2553 3960
313 221 433 286 120
490 234 550 285 c.
584 234 885 285 ammom
920 233 1176 295 TRANQ.
1208 233 1304 281 DE
1337 233 1505 282 vrrs
1537 233 1906 284 cmsARnu
1935 234 2074 283 Lm.
2107 235 2237 284 1111.

314 392 584 471 quentiae
645 390 1063 469 doctrinaeque
1120 408 1343 469 genere
1401 390 1807 471 praecellenS‚
1873 389 2322 452 benivolentiam

312 475 692 554 singularem,
728 474 1246 553 conciliandaeque
1279 475 1568 536 hominum
1593 476 1817 552 gratiae
1848 493 1919 535 ac
1951 474 2322 554 promerendi

313 560 529 621 amoris
558 560 760 619 mirum
789 567 847 619 et
878 558 1093 620 efficax
1122 559 1386 619 studium.
1460 558 1710 620 Formae
1739 561 1927 618 minus
1959 557 2323 636 congruebat

310 644 614 723 gracilitas
661 661 917 720 crurum,
963 642 1070 703 sed
1114 660 1184 703 ea
1228 660 1463 721 quoque
1511 642 1784 723 paulatim
1827 642 2058 722 repleta
2089 642 2319 703 assidua

312 728 447 808 equi
490 728 825 789 vectatione
864 735 1000 805 post
1049 726 1258 787 cibum.
1346 725 1592 787 Hostem
1627 728 1943 787 comminus
1973 743 2156 805 saepe
2187 744 2318 806 per·
2341 748 2373 790 s

312 813 510 873 cussit.
576 810 778 871 oravit
808 828 1016 871 causas
1067 811 1237 872 etiam
1276 810 1671 891 triumphalis;
1717 820 1893 889 atque
1928 812 2078 871 inter
2125 819 2324 870 cetera

311 895 632 958 studiorum
659 896 1010 956 monimenta
1043 895 1281 975 reliquit
1312 905 1372 956 et
1409 893 1747 956 comoedias
1784 894 2064 956 Graecas.
2151 893 2323 954 Domi

310 982 570 1060 forisque
618 978 840 1058 civilis,
893 979 1079 1040 libera
1130 997 1199 1041 ac
1235 979 1543 1041 foederata
1585 979 1801 1059 oppida
1851 980 1976 1040 sine
2017 978 2323 1039 lictoribus

311 1062 523 1125 adibat.
592 1062 791 1123 Sicubi
835 1062 1126 1123 clarorum
1166 1064 1426 1124 virorum
1471 1063 1745 1143 sepulcra
1783 1072 2196 1142 cognosceret,
2238 1063 2320 1121 in·

309 1149 491 1209 ferias
539 1145 803 1207 Manibus
843 1145 1034 1207 dabat.
1096 1146 1415 1208 Caesorum
1464 1147 1630 1209 clade
1675 1148 1930 1209 Variana
1970 1155 2207 1208 veteres
2252 1162 2324 1206 ac
2346 1160 2401 1203 ιο

310 1232 608 1311 dispersas
641 1229 922 1310 reliquias
942 1249 1057 1292 uno
1090 1231 1307 1292 tumulo
1333 1232 1686 1309 humaturus,
1714 1231 2003 1310 colligere
2027 1248 2129 1291 sua
2153 1247 2325 1291 manu

310 1324 368 1377 et
402 1322 775 1393 comportare
814 1315 1032 1394 primus
1073 1314 1394 1392 adgressus
1428 1324 1537 1376 est.
1596 1314 2097 1377 obtrectatoribus
2129 1315 2322 1389 etiam,

312 1398 765 1480 qualescumque
797 1407 856 1458 et
886 1408 1346 1479 quantacumque
1378 1399 1450 1460 de
1484 1418 1660 1461 causa
1688 1408 1930 1460 nanctus
1961 1407 2139 1476 esset,
2171 1399 2324 1458 lenis

311 1483 458 1545 adeo
490 1491 549 1542 et
579 1484 882 1559 innoxius,
914 1492 975 1543 ut
1015 1481 1212 1544 Pisoni
1251 1483 1491 1545 decreta
1526 1500 1629 1545 sua
1662 1483 2045 1560 rescindenti,
2080 1482 2321 1543 cliente-

308 1567 398 1629 las
427 1567 719 1627 divexanti
748 1583 864 1627 non
891 1569 1052 1647 prius
1076 1585 1426 1628 suscensere
1453 1569 1509 1627 in
1540 1569 1783 1629 animum
1809 1566 2120 1644 induxerit,
2152 1584 2321 1646 quam
2347 1584 2401 1628 ·ι

310 1651 614 1712 veneficiis
641 1668 875 1732 quoque
906 1661 965 1712 et
1000 1651 1412 1712 devotionibus
1444 1653 1769 1732 impugnari
1803 1671 1868 1713 se
1900 1652 2318 1731 comperisset;

311 1755 380 1798 ac
423 1754 499 1796 ne
532 1744 678 1794 tunc
722 1735 949 1813 quidem
990 1736 1142 1797 ultra
1177 1752 1562 1816 progressus,
1612 1753 1783 1815 quam
1822 1744 1884 1798 ut
1916 1736 2221 1805 amicitiam
2262 1734 2321 1794 ei

310 1838 473 1881 more
513 1818 790 1879 maiorum
821 1822 1174 1881 renuntiaret
1205 1819 1616 1899 mandaretque
1650 1820 1988 1881 domesticis
2019 1820 2319 1896 ultionem,

243 1900 279 1955 4
310 1907 358 1966 si
392 1903 526 1985 quid
571 1903 678 1962 sibi
721 1902 1034 1964 accideret.
1105 1902 1357 1980 Quarum
1386 1905 1654 1965 virtutum
1694 1904 1940 1965 fructum
1969 1903 2322 1964 uberrimum

310 1989 469 2066 tulit,
529 1988 613 2048 sic
655 1987 933 2067 probatus
979 1997 1036 2049 et
1079 1989 1328 2050 dilectus
1375 2009 1408 2051 a
1439 1991 1591 2068 suis,
1625 1997 1685 2050 ut
1715 1989 2045 2068 Augustus,
2081 1991 2399 2069 (omittoao

310 2075 460 2135 enim
492 2071 959 2132 necessitudines
991 2072 1283 2153 reliquas)
1310 2073 1405 2134 diu
1437 2083 1735 2136 cunctatus
1765 2091 1838 2135 an
1869 2073 1979 2133 sibi
2010 2088 2322 2134 successo-

307 2174 431 2219 rem
462 2154 802 2233 destinaret,
834 2155 1223 2236 adoptandum
1252 2157 1491 2219 Tiberio
1521 2158 1775 2228 dederit;
1821 2160 1907 2218 sic
1938 2157 2120 2236 vulgo
2152 2157 2322 2217 favo-

308 2239 533 2315 rabilis,
571 2247 628 2299 ut
662 2239 891 2319 plurimi
922 2241 1170 2319 tradant,
1219 2244 1490 2322 quotiens
1529 2242 1727 2322 aliquo
1760 2241 2059 2303 adveniret
2100 2241 2197 2301 vel
2242 2242 2320 2301 si-

311 2323 496 2386 cunde
527 2322 876 2402 discederet,
920 2341 1063 2405 prae
1094 2326 1261 2387 turba
1291 2327 1720 2388 occurrentium
1762 2327 2319 2407 prosequentiumve

307 2426 727 2487 nonnumquam
770 2427 898 2468 eum
938 2408 1248 2471 discrimen
1298 2411 1451 2472 vitae
1498 2410 1720 2489 adisse,
1757 2430 1791 2471 e
1834 2410 2138 2473 Germania
2168 2426 2393 2470 veron

310 2500 445 2573 post
489 2507 884 2571 compressam
926 2493 1268 2557 seditionem
1302 2496 1622 2557 revertenti
1665 2497 2067 2574 praetorianas
2103 2493 2314 2555 cohor·

307 2586 398 2638 tes
436 2576 739 2638 universas
774 2578 1047 2658 prodisse
1091 2579 1351 2658 obviam,
1394 2581 1654 2659 quamvis
1695 2579 2119 2660 pronuntiatum
2155 2584 2319 2638 esset

307 2671 368 2722 ut
413 2660 560 2721 duae
591 2670 805 2723 tantum
844 2662 1021 2723 modo
1065 2665 1313 2741 exirent,
1359 2664 1562 2744 populi
1595 2672 1785 2724 autem
1816 2664 2059 2725 Romani
2091 2679 2315 2739 sexum,

308 2756 577 2824 aetatem,
621 2745 882 2806 ordinem
923 2764 1150 2808 omnem
1179 2767 1363 2827 usque
1399 2747 1471 2809 ad
1503 2747 1839 2809 vicesimum
1876 2746 2129 2827 lapidem
2172 2745 2315 2806 effu-

243 2833 277 2886 5
308 2830 464 2892 disse
516 2847 602 2890 se.
695 2829 913 2901 Tamen
957 2832 1136 2910 longe
1161 2834 1380 2893 maiora
1412 2841 1470 2893 et
1513 2832 1767 2894 firmiora
1802 2832 1876 2892 de
1909 2849 1985 2892 eo
2014 2830 2224 2890 iudicia
2255 2831 2315 2889 in
2336 2848 2396 2892 so

305 2924 494 2976 morte
535 2932 606 2975 ac
646 2923 783 2995 post
826 2925 1070 2977 mortem
1114 2917 1445 2976 extiterunt.
1535 2916 1665 2992 Quo
1713 2916 2018 2977 defunctus
2064 2923 2155 2975 est
2197 2912 2315 2991 die,

309 2999 562 3080 lapidata
602 3009 731 3060 sunt
773 3000 1017 3081 templa,
1057 2999 1376 3061 subversae
1407 3000 1572 3061 deum
1603 3019 1771 3078 arae,
1803 2999 1981 3060 Lares
2013 3017 2046 3059 a
2076 2997 2317 3078 quibus·

306 3082 434 3143 dam
465 3083 826 3146 familiares
807 3102 864 3144 in
895 3085 1188 3166 publicum
1219 3083 1452 3164 abiecti,
1482 3093 1682 3165 partus
1706 3085 2016 3162 coniugum
2033 3081 2314 3164 expositi.

310 3166 457 3241 Quin
488 3175 546 3225 et
576 3166 862 3231 barbaros
895 3170 1111 3246 ferunt,
1142 3168 1351 3248 quibus
1380 3170 1710 3230 intestinum
1745 3167 2071 3250 quibusque
2104 3167 2316 3228 adver·

310 3267 408 3309 sus
439 3265 550 3308 nos
585 3249 802 3312 bellum
830 3264 1023 3333 esset,
1072 3252 1234 3313 velut
1274 3254 1333 3313 in
1364 3253 1686 3314 domestico
1720 3252 2119 3332 communique
2155 3270 2314 3312 mae·
2337 3270 2396 3312 as

307 3350 479 3409 rore,
550 3339 924 3399 consensisse
976 3336 1048 3400 ad
1099 3336 1374 3407 indutias,
1437 3336 1679 3415 regulos
1736 3335 2014 3436 quosdam
2071 3335 2319 3396 barbam

310 3418 582 3495 posuisse
614 3426 674 3476 et
703 3436 945 3485 uxorum
976 3424 1167 3503 capita
1190 3421 1410 3482 rasisse
1439 3422 1509 3483 ad
1536 3421 1803 3482 indicium
1825 3422 2055 3480 maximi
2089 3419 2316 3489 luctus3

307 3514 513 3574 regum
543 3501 714 3559 etiam
753 3521 954 3581 regem
988 3515 1047 3567 et
1071 3506 1490 3567 exercitatione
1520 3505 1768 3566 venandi
1802 3513 1861 3566 et
1887 3505 2160 3565 convictu
2192 3519 2320 3563 me·
