2553 3960
915 212 1123 261 mvus
1160 212 1540 262 Auens-rus.
1657 267 1660 268 ⁷
2140 204 2225 266 79

218 366 374 447 Apin
404 365 754 447 supersedit,
789 365 894 426 sed
927 375 986 426 et
1016 365 1214 427 Gaium
1240 377 1536 446 nepotem,
1568 369 1724 448 quod
1752 369 2022 430 Iudaeam
2054 387 2223 448 prae-

215 450 535 511 tervehens
572 449 723 529 apud
752 450 1163 525 Hierosolyma
1205 467 1323 510 non
1363 453 1785 531 supplicasset,
1836 452 2244 514 conlaudavit·
2275 467 2278 470 ’

340 534 418 595 Et
441 536 708 613 quoniam
734 533 804 593 ad
825 533 976 594 haec
997 543 1227 594 ventum
1242 544 1352 611 est,
1376 553 1492 595 non
1512 536 1583 596 ab
1611 556 1677 596 re
1700 537 1871 598 fuerit
1891 537 2225 614 subtexere,
2239 556 2311 613 94

219 636 370 697 quae
402 619 457 677 ei
497 619 660 698 prius
692 636 860 696 quam
885 625 1224 678 nasceretur
1257 627 1317 678 et
1350 620 1481 698 ipso
1509 621 1685 680 natali
1716 621 1811 681 die
1839 640 1910 682 ac
1942 621 2226 699 deinceps

180 703 558 778 nevenerint,
594 701 804 780 quibus
833 702 1022 761 futura
1050 702 1383 779 magnitudo
1416 704 1541 763 eius
1573 712 1631 763 et
1660 715 1944 784 perpetua
1973 705 2226 764 felicitas

216 786 449 865 sperari
477 785 970 863 animadvertique
1003 794 1227 865 posset.

341 869 585 929 Velitris
624 869 935 947 antiquitus
976 878 1131 929 tacta
1160 868 1232 928 de
1264 870 1432 929 caelo
1466 881 1630 950 parte
1660 873 1837 949 muri,
1877 889 2227 951 responsum

216 963 309 1014 est
353 954 480 1013 eius
509 953 711 1032 oppidi
746 953 932 1013 civem
966 953 1314 1031 quandoque
1344 972 1534 1013 rerum
1564 956 1902 1033 potiturum;
1942 974 2053 1034 qua
2088 956 2226 1016 fidu-

218 1038 308 1098 cia
338 1036 628 1098 Veliterni
670 1045 727 1096 et
774 1044 911 1096 tunc
948 1039 1132 1096 statim
1171 1046 1228 1097 et
1270 1046 1477 1116 postea
1513 1040 1747 1117 saepius
1774 1058 1964 1119 paene
1992 1039 2066 1099 ad
2106 1040 2225 1099 exi·

143 1136 197 1178 ιο
215 1123 355 1182 tium
399 1121 489 1181 sui
530 1139 658 1181 cum
698 1119 923 1200 populo
952 1121 1024 1181 R.
1060 1119 1583 1198 belligeraverant;
1627 1140 1763 1183 sero
1790 1123 2017 1183 tandem
2049 1123 2226 1184 docu-

215 1206 423 1265 mentis
468 1206 766 1285 apparuit,
821 1212 1106 1264 ostentum
1147 1204 1290 1265 illud
1329 1205 1576 1283 Augusti
1624 1208 1937 1285 potentiam
1990 1217 2226 1280 porten-

214 1288 392 1349 disse.
1008 1311 1013 1314 ·

337 1372 564 1432 Auctor
593 1381 684 1432 est
715 1372 893 1432 Iulius
920 1372 1232 1449 Marathus,
1263 1382 1397 1433 ante
1426 1391 1648 1452 paucos
1681 1393 1848 1454 quam
1883 1383 2226 1436 nasceretur

212 1474 450 1518 menses
482 1456 809 1547 prodigium
837 1457 1057 1518 Romae
1085 1455 1298 1517 factum
1329 1456 1589 1536 publice,
1620 1475 1735 1537 quo
1766 1458 2223 1534 denuntiabatur,

144 1563 194 1603 ιε
214 1559 422 1619 regem
448 1540 512 1601 P.
537 1541 609 1601 R.
636 1550 893 1601 naturam
916 1541 1233 1620 parturire;
1260 1552 1521 1602 senatum
1544 1544 1880 1603 exterritum
1905 1544 2224 1618 censuisse,

214 1644 291 1686 ue
329 1626 461 1705 quis
492 1624 595 1685 illo
627 1642 779 1685 anno
814 1626 1047 1703 genitus
1075 1623 1455 1695 educaretur;
1510 1644 1617 1686 eos
1651 1628 1746 1705 qui
1780 1626 2056 1703 gravidas
2083 1642 2225 1685 uxo-

215 1728 316 1770 res
343 1708 661 1785 haberent,
699 1709 856 1787 quod
887 1709 959 1769 ad
994 1727 1059 1768 se
1092 1711 1341 1788 quisque
1372 1727 1535 1789 spem
1568 1710 1847 1786 traheret,
1883 1728 2120 1770 curasse
2149 1726 2227 1768 ne

217 1802 454 1853 senatus
479 1792 804 1853 consultum
834 1793 904 1854 ad
937 1794 1219 1853 aerarium
1250 1793 1597 1854 deferretur.

345 1875 411 1936 In
473 1876 847 1956 Asclepiadis
903 1875 1188 1938 Mendetis
1248 1877 1773 1956 Theologumenon
1832 1878 1999 1938 libris
2061 1878 2224 1955 lego,

141 1961 443 2038 soAtiam,
489 1979 617 2022 cum
658 1962 728 2022 ad
770 1960 1054 2023 sollemne
1083 1961 1377 2041 Apollinis
1409 1979 1635 2023 sacrum
1674 1962 1862 2024 media
1907 1970 2081 2023 nocte
2125 1979 2225 2022 ve-

215 2047 430 2123 nisset,
477 2047 667 2125 posita
701 2047 758 2105 in
797 2046 1019 2126 templo
1050 2046 1293 2122 lectica,
1334 2047 1465 2107 dum
1497 2055 1733 2107 ceterae
1761 2056 2059 2108 matronae
2090 2045 2223 2106 dor-

214 2132 449 2208 mirent,
507 2128 907 2199 obdormisse:
973 2129 1286 2191 draconem
1326 2139 1571 2209 repente
1623 2131 1942 2210 irrepsisse
1983 2130 2056 2192 ad
2100 2148 2226 2191 eam

216 2214 512 2294 pauloque
559 2224 695 2293 post
738 2232 1073 2292 egressum
1119 2213 1275 2274 illam
1308 2215 1787 2296 expergefactam
1819 2216 1985 2294 quasi
2017 2233 2052 2277 a
2087 2232 2224 2275 con·

216 2297 412 2359 cubitu
441 2298 631 2357 mariti
658 2300 1000 2375 purificasse
1027 2317 1123 2367 se3
1157 2307 1216 2358 et
1238 2300 1425 2360 statim
1443 2300 1503 2359 in
1532 2315 1787 2378 corpore
1814 2301 1939 2359 eius
1962 2299 2227 2359 extitisse

138 2380 502 2450 amaculam
545 2380 707 2441 velut
751 2383 893 2460 picti
936 2381 1245 2460 draconis,
1289 2401 1402 2443 nec
1446 2385 1710 2462 potuisse
1743 2402 2007 2462 umquam
2042 2382 2223 2459 exigi,

211 2464 367 2526 adeo
398 2473 460 2524 ut
481 2482 619 2526 mox
641 2465 893 2544 publicis
914 2465 1160 2526 balineis
1184 2475 1474 2546 perpetuo
1500 2466 1870 2537 abstinuerit;
1900 2466 2226 2545 Augustum

212 2558 406 2609 natum
438 2566 640 2610 mense
671 2548 901 2609 decimo
943 2559 1001 2609 et
1030 2550 1107 2610 ob
1137 2549 1253 2610 hoc
1285 2550 1578 2628 Apollinis
1613 2551 1791 2610 lilium
1822 2551 2222 2610 existimatum.

209 2632 435 2693 Eadem
466 2631 600 2693 Atia
629 2635 792 2714 prius
823 2650 991 2711 quam
1022 2643 1255 2712 pareret
1286 2636 1620 2711 somniavit,
1650 2635 1918 2694 intestina
1950 2651 2053 2692 sua
2083 2632 2225 2692 ferri

211 2716 287 2777 ad
317 2715 509 2777 sidera
540 2718 941 2797 explicarique
974 2735 1083 2796 per
1113 2735 1339 2779 omnem
1369 2727 1653 2779 terrarum
1684 2727 1743 2778 et
1766 2716 1916 2778 caeli
1935 2715 2223 2776 ambitum.

138 2818 192 2859 so
215 2802 536 2862 Somniavit
581 2811 639 2862 et
686 2811 856 2882 pater
896 2801 1199 2880 Octavius,
1244 2812 1411 2863 utero
1445 2801 1618 2862 Atiae
1662 2801 1827 2862 iubar
1869 2800 2011 2861 solis
2054 2798 2223 2860 exor-

210 2894 349 2945 tum.

341 2969 473 3044 Quo
507 2978 673 3031 natus
703 2979 793 3030 est
825 2969 949 3047 die,
983 2987 1109 3029 cum
1144 2969 1216 3030 de
1250 2969 1532 3031 Catilinae
1569 2969 1967 3030 coniuratione
2016 2984 2223 3045 agere-

209 3061 303 3113 tur
330 3053 389 3112 in
422 3054 581 3115 curia
616 3063 675 3114 et
697 3053 975 3116 Octavius
998 3053 1074 3114 ob
1104 3056 1305 3114 uxoris
1335 3056 1709 3133 puerperium
1737 3054 1926 3113 serius
1947 3051 2225 3129 affuisset,

209 3146 349 3198 nota
382 3155 455 3198 ac
485 3136 725 3216 vulgata
757 3156 857 3199 res
891 3147 982 3199 est
1016 3137 1079 3198 P.
1102 3136 1428 3215 Nigidium,
1463 3146 1763 3218 comperta
1794 3153 1994 3197 morae
2026 3153 2223 3213 causa,

139 3237 192 3278 ω
211 3230 273 3281 ut
302 3220 505 3282 horam
537 3239 771 3301 quoque
802 3231 1002 3300 partus
1031 3224 1350 3301 acceperit,
1382 3222 1707 3283 affirmasse
1731 3221 2016 3282 dominum
2041 3228 2222 3280 terra-

209 3323 335 3365 rum
369 3306 502 3366 orbi
534 3314 746 3365 natum.
805 3305 1049 3367 Octavio
1086 3315 1327 3385 postea,
1374 3324 1501 3366 cum
1536 3325 1646 3385 per
1675 3314 1906 3366 secreta
1937 3302 2221 3365 Thraciae

211 3391 533 3455 exercitum
574 3388 848 3467 duceret,
891 3391 951 3450 in
982 3390 1174 3451 Liberi
1210 3392 1392 3469 patris
1421 3390 1558 3451 luco
1594 3389 1840 3451 barbara
1874 3385 2223 3450 caerimonia

208 3473 280 3535 de
316 3475 439 3536 lilio
480 3473 843 3549 consulenti,
879 3474 1029 3534 idem
1059 3475 1397 3536 affirmatum
1428 3482 1520 3534 est
1548 3492 1581 3535 a
1612 3472 2033 3546 sacerdotibus,
2064 3463 2218 3545 quod
