2553 3960
447 253 468 296 ἑ
551 201 1108 257 DEPERDITORUM
1150 201 1513 251 mmmmm
1555 202 1958 263 RELIQUIAE.
2144 188 2268 250 307

259 378 484 459 equus,
509 358 732 418 fructus
763 356 1005 432 alicuius
1035 356 1151 425 rei;
1197 357 1273 415 ita
1309 356 1553 416 alterum
1587 357 1659 417 ad
1702 364 1976 435 parentes
2020 357 2271 434 pertinet

260 453 319 504 ει
351 444 421 503 ad
467 444 555 501 ius
589 440 934 515 liberorum,
967 439 1210 499 alterum
1241 439 1314 499 ad
1347 440 1740 518 possessionis
1769 440 2036 500 fructum.

387 525 544 586 Inter
573 526 875 585 terminum
907 532 965 583 ει
997 521 1192 601 finem]
1241 524 1516 584 terminus
1551 534 1641 584 est
1673 525 1825 603 loci,
1878 523 2005 583 finis
2039 523 2165 593 rei:
2214 533 2272 583 et

261 611 535 669 terminus
566 609 751 669 dictus
785 617 875 678 εει
903 605 975 666 ab
1009 624 1081 665 eo
1115 606 1270 684 quod
1302 608 1468 687 quasi
1490 616 1703 668 terram
1726 609 1960 683 minuat,
1989 606 2117 666 finis
2144 614 2270 685 pot·

217 704 243 744 ⁶
265 703 354 753 est
384 709 521 753 esse
555 693 724 752 etiam
756 690 905 750 ultra
929 691 1248 749 terminum.

384 775 586 837 Honos
610 820 627 851 ,
661 774 885 854 honor]
940 774 988 833 si
1018 772 1195 833 fuerit
1222 773 1443 850 honos,
1500 783 1562 834 ut
1601 792 1788 854 nepos
1825 773 1933 834 dos
1968 774 2272 850 sacerdos,

264 860 536 938 genetivo
569 876 705 918 casu
735 859 809 917 sit
835 857 1100 933 honotis,
1132 866 1195 916 ut
1224 857 1375 917 dotis
1407 859 1764 927 sacerdotis;
1796 859 1871 918 ita
1902 858 2140 919 dicimus
2170 856 2274 919 ho·

264 960 371 1003 nor
404 952 467 1003 ut
495 941 700 1018 arbor,
732 941 970 1001 honoris
1003 950 1059 1002 ut
1088 939 1336 1002 arboris.

388 1026 545 1088 Inter
585 1025 795 1085 fretum
840 1034 899 1084 et
938 1024 1132 1104 mare]
1182 1025 1391 1085 fretum
1433 1033 1522 1085 est
1566 1026 1791 1103 ang-usti
1831 1026 2004 1086 maris
2049 1025 2274 1100 fauces,

198 1126 246 1167 ιο
266 1128 424 1171 mare
470 1119 560 1169 est
600 1119 803 1189 pateus
845 1117 905 1169 ει
949 1108 1066 1169 late
1113 1108 1386 1175 effusum:
1434 1111 1511 1168 ita
1553 1109 1708 1187 quod
1741 1127 1899 1170 mare
1930 1118 2158 1170 estnon
2187 1118 2278 1169 est

265 1196 507 1270 fretum,
541 1193 697 1273 quod
728 1193 939 1254 fretum
969 1193 1165 1272 utique
1197 1209 1357 1252 mare
1391 1202 1500 1252 est.

391 1278 550 1338 Inter
600 1276 949 1337 absconsum
1002 1284 1062 1336 et
1112 1275 1542 1356 absconditum]
1582 1275 1961 1353 absconsum,
2017 1276 2065 1335 si
2116 1276 2274 1355 quic-

268 1379 437 1440 quam
467 1370 527 1419 et
557 1360 785 1420 sublata
813 1360 1251 1438 praepositione
1283 1368 1489 1437 posset
1513 1377 1647 1419 esse
1673 1377 1940 1428 consum;
1972 1378 2124 1419 nunc
2149 1376 2278 1418 cum

271 1446 344 1505 sit
377 1442 697 1518 conditum,
739 1443 945 1502 melius
990 1452 1111 1518 est,
1160 1442 1318 1520 quod
1360 1444 1529 1503 etiam
1569 1461 1720 1503 nunc
1763 1451 1962 1503 servat
1993 1443 2279 1520 originem

203 1532 252 1573 ¹⁶
272 1545 459 1601 suam,
494 1525 913 1587 absconditum.

394 1609 553 1670 Inter
587 1618 884 1689 potentem
928 1608 1161 1670 divitem
1207 1607 1566 1689 locupletem
1622 1609 2002 1687 pecuniosum
2046 1608 2279 1669 beatum

272 1704 330 1755 et
359 1693 737 1774 opulentum]
777 1700 991 1773 potens
1038 1690 1257 1752 viribus
1305 1702 1363 1752 et
1406 1692 1653 1770 imperio
1701 1693 1941 1768 dicitur,
2008 1691 2278 1770 locuples

271 1776 573 1838 dicebatur
614 1776 768 1854 apud
825 1776 1093 1854 antiquos
1125 1776 1222 1854 qui
1251 1775 1399 1836 locis
1430 1775 1692 1854 plurimis
1723 1774 2083 1852 abundabat,
2116 1776 2283 1836 dives

273 1861 519 1941 pecunia
548 1877 689 1921 auro
720 1869 778 1920 et
818 1867 1060 1937 argento
1090 1876 1124 1919 a
1151 1877 1501 1920 nummorum
1535 1861 1706 1939 copia
1737 1859 1945 1936 dictus,
1978 1860 2283 1939 pecuniosi

201 1953 306 2006 ²⁰a
337 1943 651 2024 pecoribus
691 1944 828 2006 dicti
870 1942 1094 2024 (facilis
1147 1944 1296 2004 enim
1356 1952 1482 2004 erat
1519 1960 1712 2005 rerum
1747 1944 2111 2005 commutatio
2155 1961 2283 2004 cum

272 2029 361 2089 his
404 2030 501 2107 qui
543 2047 613 2089 ea
650 2027 1017 2107 habebant3)
1063 2027 1269 2088 beatus
1311 2028 1499 2089 animo
1541 2029 1668 2108 qui,
1714 2028 1937 2088 etiamsi
1979 2044 2126 2106 opes
2167 2045 2284 2088 non

274 2112 471 2189 habet,
495 2121 682 2172 tamen
711 2113 843 2191 quia
873 2130 975 2172 eas
1004 2129 1120 2172 non
1144 2110 1459 2189 desiderat,
1492 2112 1564 2173 ab
1590 2111 1706 2172 hoc
1734 2120 2065 2190 contemptu
2091 2111 2283 2192 quoad

272 2198 514 2258 animum
540 2196 746 2257 beatus
776 2195 1011 2266 dicitur;
1038 2195 1349 2275 opulentus
1387 2204 1478 2256 est
1507 2196 1604 2276 qui
1630 2195 1987 2273 indulgentia
2017 2195 2284 2256 fortunae

272 2288 516 2358 propter
541 2280 784 2341 delicias
813 2280 1026 2340 lentior
1056 2288 1177 2356 est,
1215 2279 1350 2340 ideo
1382 2280 1690 2359 opulentus
1722 2296 1894 2359 opum
1927 2280 2282 2358 indulgentia

197 2372 254 2413 ²⁵
275 2363 486 2423 lentus.

398 2445 555 2507 Inter
590 2454 881 2524 pometum
910 2455 969 2506 et
996 2446 1341 2526 pomarium]
1376 2455 1669 2525 pometum
1699 2455 1790 2508 est
1820 2446 1918 2507 ubi
1964 2464 2135 2525 poma
2184 2464 2280 2507 na·

274 2538 547 2606 scantur,
595 2529 913 2608 pomarium
951 2527 1051 2588 ubi
1089 2546 1259 2608 poma
1316 2539 1713 2608 reponuntur,
1768 2531 1906 2590 item
1963 2531 2282 2608 pomerium

276 2613 444 2673 locus
478 2613 634 2673 circa
663 2629 859 2672 muros
895 2620 987 2673 εει
1017 2630 1188 2674 sacer
1217 2611 1424 2673 dictus.

402 2695 561 2757 Inter
592 2697 714 2756 alas
759 2704 819 2756 et
859 2696 1087 2776 pinnas]
1130 2695 1259 2757 alae
1311 2707 1442 2758 sunt
1495 2697 1704 2778 quibus
1756 2698 1965 2777 pinnae
2016 2698 2280 2774 haerent,

197 2795 257 2836 ao
282 2782 490 2859 pinnae
520 2788 709 2839 autem
739 2779 797 2838 in
827 2780 953 2841 alis.

401 2863 561 2922 Inter
613 2862 788 2923 lintea
837 2873 894 2923 et
935 2864 1088 2944 lina]
1136 2864 1314 2926 lintea
1354 2874 1486 2925 sunt
1538 2875 1841 2947 contexta,
1891 2866 2049 2927 velut
2091 2867 2282 2926 tunica

276 2946 594 3025 stragulum
624 2947 850 3024 velum,
904 2947 1019 3009 lina
1061 2966 1210 3027 qnae
1257 2949 1502 3027 singulis
1533 2951 1739 3029 positis
1782 2950 1894 3010 filis
1924 2950 2140 3012 habent
2179 2948 2279 3011 ali-

277 3050 390 3113 qua
419 3030 744 3092 intervalla.

400 3114 557 3179 Inter
601 3116 937 3177 cocliarmm
978 3127 1038 3177 et
1084 3117 1367 3197 cocliare]
1431 3119 1739 3179 cocliarins
1783 3126 1875 3178 est
1917 3118 2014 3197 qui
2046 3118 2282 3178 cocleas

196 3228 256 3270 35
280 3199 506 3276 vendit,
538 3199 815 3268 cocleare
845 3210 937 3261 est
967 3202 1122 3280 quod
1151 3202 1377 3261 utimur.

287 3325 293 3331 -
403 3282 561 3344 Inter
586 3284 841 3344 vinetum
874 3293 934 3344 ει
962 3285 1265 3365 vinarium]
1326 3285 1577 3345 vinetum
1623 3294 1714 3345 est
1743 3283 1840 3344 ubi
1871 3285 2002 3345 vina
2038 3300 2278 3344 nascun-

275 3373 401 3443 tur,
431 3368 710 3427 vinarium
742 3376 832 3427 εει
866 3368 1021 3447 quod
1054 3371 1279 3429 utimur.

403 3446 670 3511 Firmiter
700 3460 760 3511 et
790 3451 966 3512 firmis
999 3451 1138 3513 nihil
1170 3460 1292 3528 est,
1324 3452 1516 3512 firmus
1549 3459 1609 3512 et
1638 3452 1801 3512 firme
1823 3460 1989 3594 3εὸιὲ
2018 3449 2276 3509 dicimus.
