2553 3960
523 262 695 310 LXIV
1203 258 1615 308 PRAEFATIO.

527 420 776 478 bonitate
834 418 1119 476 occaecati
1169 418 1393 473 nimium
1442 418 1496 474 ei
1545 418 1998 490 obsequeremur.
2087 419 2328 476 Eandem

528 504 701 576 igitur
732 504 915 573 legem
944 519 1104 575 quam
1136 501 1193 556 in
1227 497 1488 557 Leidensi
1517 502 1682 557 nobis
1712 502 2139 574 scripseramus,
2168 510 2230 557 ut
2260 520 2328 558 ne

527 588 838 659 singularia
890 593 1274 658 captaremus,
1332 584 1434 640 sed
1480 585 1785 641 communia
1833 592 2181 657 teneremus,
2237 587 2330 642 hic

527 686 746 743 quoque
779 669 1141 727 servavimus.
1199 668 1391 739 Itaque
1424 684 1752 724 consensum
1781 667 2014 724 Gudiani
2044 669 2174 725 libri
2208 686 2329 724 cum

525 753 780 810 Leidensi
807 769 912 826 pro
943 749 1254 808 firmissimo
1286 751 1524 822 pignore
1554 749 1813 808 lectionis
1839 751 2132 824 pristinae,
2161 752 2221 807 id
2244 759 2329 808 est

524 838 580 893 in
606 837 964 894 Henoehiano
994 836 1301 906 archetypo
1335 835 1614 903 inventae,
1643 833 1958 896 habuimus:
1987 834 2084 891 ubi
2107 835 2329 891 dissen-

522 921 632 977 tire
661 921 1006 989 videbamus,
1042 919 1099 974 in
1129 924 1381 974 neutrum
1410 917 1728 992 proniores,
1761 918 1850 973 vel
1887 917 2227 989 reliquorum
2258 918 2329 972 li-

521 1004 746 1061 brorum
781 1004 871 1059 vel
904 1002 1080 1074 ipsius
1124 1001 1209 1056 rei
1251 1001 1467 1057 ratione
1517 999 1706 1058 habita
1739 1006 1986 1059 veterem
2028 1002 2327 1056 lectionem

522 1087 747 1156 assequi
779 1086 1104 1142 studuimus.

642 1169 792 1224 Haec
825 1175 883 1224 ut
911 1169 1125 1240 aliquot
1155 1168 1426 1240 exemplis
1461 1167 1812 1238 confirmem,
1852 1183 2130 1225 consensu
2163 1166 2324 1223 codi-

523 1267 645 1307 cum
672 1252 961 1307 Leidensis
996 1258 1053 1306 et
1089 1251 1323 1306 Gudiani
1359 1250 1606 1308 stabilita
1639 1250 1989 1308 existimavi:
2032 1268 2086 1322 p.
2107 1255 2232 1321 258,
2258 1256 2328 1310 26

519 1333 724 1390 Iacens
773 1349 883 1389 non
920 1334 1251 1406 aspiratum,
1303 1351 1361 1406 p.
1406 1339 1541 1403 260,
1589 1341 1653 1393 15
1693 1334 1878 1389 adhuc
1918 1333 2210 1404 omissum,
2257 1340 2329 1393 30

518 1433 680 1474 suum
712 1419 994 1472 annalium
1023 1418 1222 1485 Ennii,
1253 1434 1310 1489 p.
1346 1423 1480 1486 262,
1511 1422 1581 1475 24
1620 1416 1685 1473 Is
1716 1419 1971 1490 scripsit,
2008 1434 2059 1490 p.
2094 1422 2228 1486 264,
2256 1423 2329 1477 33

522 1501 821 1571 Catulinae,
855 1518 913 1572 p.
929 1506 1052 1569 266,
1082 1507 1113 1559 l
1147 1500 1542 1569 inscribuntur,
1579 1517 1634 1572 p.
1651 1507 1776 1571 268,
1803 1507 1870 1560 21
1899 1501 2327 1570 ostenderemus,

519 1603 578 1658 p.
607 1590 745 1656 271,
788 1591 859 1645 23
885 1585 1180 1655 optulisset.
1263 1583 1473 1640 Eodem
1506 1599 1780 1640 consensu
1821 1602 1876 1659 p.
1905 1589 2042 1654 265,
2084 1589 2155 1644 34
2190 1600 2323 1639 con-

519 1669 815 1735 dicionem,
850 1685 905 1739 p.
939 1671 1074 1737 271,
1116 1673 1183 1725 25
1211 1667 1564 1722 conditionem
1592 1669 1777 1740 posui.
1866 1668 1926 1723 ln
1963 1667 2218 1724 dissensu
2255 1667 2323 1723 li·

520 1753 746 1808 brorum
820 1752 1145 1823 plerumque
1213 1751 1531 1817 auctoritati
1584 1752 1872 1808 Leidensis
1886 1745 1960 1825 ⁴⁸)
2024 1752 2325 1808 obsecutus

525 1830 612 1908 (e.
646 1851 696 1890 c.
730 1852 785 1908 p.
803 1840 921 1895 259,
953 1838 1021 1894 37
1049 1834 1228 1904 simul,
1259 1851 1315 1907 p.
1345 1840 1469 1904 262,
1503 1840 1572 1894 29
1590 1834 1884 1907 Dictynna,
1909 1840 1975 1896 37
2004 1836 2075 1890 sit
2100 1836 2327 1907 sapien-

521 1920 682 1989 tiam,
712 1935 770 1991 p.
802 1923 937 1989 269,
968 1924 1036 1975 10
1065 1924 1426 1988 consuerant,
1472 1923 1543 1978 28
1573 1915 1767 1993 affuit)
1801 1934 2198 1991 nonnumquam
2239 1923 2321 1973 ta—

520 2019 643 2057 men
681 2002 930 2058 Gudiano
961 2002 1369 2058 oboediendum
1406 2003 1633 2075 putavi,
1681 2009 1739 2058 ut
1784 2005 1839 2059 in
1878 2002 1998 2058 his:
2037 2020 2091 2074 p.
2123 2007 2247 2073 257,
2289 2007 2322 2062 7

519 2086 853 2157 adnotatum,
883 2101 937 2157 p.
968 2091 1093 2154 258,
1128 2091 1196 2143 14
1220 2085 1481 2153 Posthac,
1505 2092 1581 2145 *19
1606 2085 1856 2157 Laevius,
1891 2103 1949 2159 p.
1977 2092 2100 2156 259,
2133 2093 2199 2146 18
2227 2087 2321 2141 re·

506 2175 659 2241 peto,
695 2186 752 2242 p.
786 2174 909 2236 260,
945 2174 1012 2227 25
1037 2170 1420 2239 qrammatica,
1453 2187 1508 2241 p.
1538 2174 1661 2239 263,
1693 2175 1760 2229 16
1790 2171 1972 2240 EroS,
2013 2186 2067 2242 p.
2097 2176 2218 2240 264,
2251 2176 2322 2229 36

514 2255 835 2324 superiore,
866 2268 922 2324 p.
953 2257 1076 2322 265,
1105 2259 1134 2309 1
1162 2252 1442 2321 Pasicles,
1472 2259 1508 2312 3
1536 2258 1593 2308 et
1621 2260 1654 2312 5
1682 2250 1961 2327 Zmyrnae
1993 2259 2049 2308 et
2074 2252 2320 2325 Zmyrna

516 2331 604 2408 (p.
636 2341 772 2406 259,
808 2340 874 2395 37
921 2333 1197 2406 Smyrnae
1227 2335 1528 2394 Suetonius
1559 2337 1628 2392 ab
1661 2353 1723 2391 se
1756 2333 1940 2411 dedit)
1987 2353 2044 2409 p.
2076 2342 2208 2407 266,
2253 2342 2324 2395 14

514 2419 704 2487 verbo,
737 2436 792 2491 p.
820 2424 944 2487 269,
975 2423 1044 2475 24
1079 2416 1282 2474 Ostiam
1299 2460 1313 2483 ,
1350 2425 1420 2479 32
1442 2421 1849 2491 imposuerunt,
1885 2438 1939 2492 p.
1972 2425 2096 2490 270,
2133 2426 2198 2479 10
2223 2437 2320 2475 or-

514 2502 795 2572 dearium,
841 2518 898 2574 p.
936 2506 1074 2570 272,
1119 2508 1184 2560 11
1240 2502 1548 2575 VeryiniuS.
1637 2503 1935 2559 Rarissime
1982 2505 2050 2560 ab
2080 2510 2320 2575 utroque

514 2585 887 2641 recedendum
927 2584 1061 2653 fuit,
1116 2585 1263 2641 sicut
1305 2603 1360 2658 p.
1405 2592 1540 2656 263,
1582 2592 1652 2644 22
1701 2585 1926 2641 Memmi
1967 2587 2168 2658 scripsi
2209 2603 2317 2658 pro

511 2666 805 2738 Memmia,
839 2685 897 2741 p.
938 2672 1043 2726 270
1064 2709 1082 2737 ,
1114 2673 1183 2728 26
1212 2668 1282 2723 ab
1317 2685 1421 2740 pro
1450 2686 1487 2723 a
1517 2668 1575 2725 0.
1646 2670 1831 2726 Semel
1860 2687 1914 2742 p.
1947 2675 2086 2740 269,
2129 2678 2194 2730 10
2220 2671 2318 2726 ubi

514 2752 658 2808 alter
686 2759 847 2824 atque
875 2751 1018 2809 alter
1045 2756 1099 2806 et
1117 2753 1446 2823 praebebat,
1479 2758 1713 2825 uterque
1745 2754 1922 2823 solus,
1947 2770 1978 2808 e
1998 2753 2316 2810 Florentina

517 2835 763 2891 editione
805 2840 862 2891 et
883 2834 1259 2892 deterioribus
1293 2835 1455 2892 libris
1483 2851 1554 2891 ac
1586 2836 1963 2910 recipiendum
1991 2837 2143 2893 duxi.

512 3030 738 3080 similiter
782 3030 835 3081 ln
872 3029 1115 3080 Vaticano
1151 3030 1287 3081 1518
1333 3030 1546 3094 aliisque
1583 3030 1725 3083 libris
1773 3031 1946 3082 insint.
2017 3031 2246 3096 Namque
2286 3048 2318 3081 e

511 3098 773 3149 Vaticanis
809 3112 1010 3163 qnoque
1044 3099 1153 3147 suis
1189 3097 1412 3149 Achilles
1449 3098 1639 3149 Statius
1673 3098 1799 3150 haec
1829 3100 2079 3166 prodidit:
2109 3115 2163 3165 p.
2190 3099 2316 3162 259,

511 3166 573 3216 31
614 3165 820 3217 Servius
845 3174 963 3229 post
993 3164 1102 3226 hoe,
1129 3181 1181 3231 p.
1220 3166 1338 3227 261,
1374 3167 1407 3216 6
1445 3168 1776 3232 ηερὶερεηεία,
1813 3166 2023 3234 p.-263,
2063 3168 2128 3219 16
2162 3165 2319 3217 Stra-

510 3235 698 3296 ber-ius,
733 3250 786 3300 p.
822 3234 939 3295 264,
975 3232 1041 3283 33
1076 3237 1353 3298 Catulinae,
1391 3234 1459 3286 36
1488 3240 1765 3298 superiore,
1796 3236 1864 3288 37
1896 3238 2077 3299 perite,
2114 3251 2166 3302 p.
2187 3236 2316 3302 269,

510 3300 580 3352 28
614 3302 789 3363 infuit,
827 3318 879 3369 p.
923 3303 1041 3362 272,
1078 3305 1114 3353 4
1150 3305 1401 3363 caestius,
1445 3305 1504 3354 11
1550 3306 1835 3370 Verginius.

643 3368 739 3426 46)
768 3369 1006 3421 Eiusdem
1042 3372 1154 3422 libri
1189 3370 1483 3424 auctoritate
1519 3387 1572 3438 p.
1600 3374 1718 3435 264,
1754 3374 1820 3425 25
1843 3373 2079 3436 Epirota,
2114 3373 2181 3422 27
2200 3376 2319 3423 cla-

506 3437 613 3487 ruit
644 3437 846 3498 nititur,
894 3438 998 3489 illic
1029 3441 1273 3491 vocabulo
1312 3448 1361 3490 et
1401 3442 1694 3503 subnotato,
1742 3441 1824 3493 hic
1862 3443 2102 3491 inelandt
2133 3456 2165 3491 a
2195 3456 2320 3493 cor-

504 3510 699 3555 rectore
729 3505 931 3571 scripto.
1006 3508 1131 3558 Item
1156 3524 1211 3575 p.
1250 3508 1381 3570 270,
1417 3510 1484 3560 25
1517 3510 1672 3572 Ερίἀι·
1692 3524 1723 3560 a
1750 3511 1917 3577 prima
1949 3524 2105 3560 maim
2140 3518 2238 3564 est.
