2553 3960
229 244 350 306 134
439 255 499 305 c.
530 254 830 304 summm
859 254 1113 315 mmo.
1144 254 1242 303 Ἧι·
1266 254 1435 302 vrrA
1463 251 1991 303 CAEsAmm‘Lm.
2017 254 2147 303 1111.
2253 211 2258 212 ⁷

227 413 358 474 dem
394 411 678 473 factorum
728 410 1125 490 dictorumque
1167 409 1409 471 saevitia
1457 409 1673 469 aderat.
1762 409 1956 490 Saepe
1999 411 2059 469 in
2100 428 2237 471 con·

224 505 433 576 spectu
490 495 827 575 prandentis
878 495 975 555 vel
1029 494 1392 555 comissantis
1456 494 1649 554 seriae
1703 496 2075 573 quaestiones
2128 511 2239 574 per

225 589 510 643 tormenta
537 578 927 658 habebantur,
968 579 1134 639 miles
1167 576 1497 639 decollandi
1530 576 1743 638 artifex
1784 577 2239 659 quibuscumque

228 685 262 726 e
309 664 569 726 custodia
615 666 805 744 capita
857 661 1205 743 amputabat.
1295 661 1551 722 Puteolis
1599 660 1964 722 dedicatione
2017 662 2238 741 pontis,

228 768 397 831 quem
426 751 821 828 excogitatum
851 748 924 808 ab
955 765 1028 807 eo
1060 745 1543 823 significavimus,
1602 764 1729 805 cum
1758 746 1972 807 multos
2003 764 2037 806 e
2065 746 2240 805 litore
2259 750 2287 792 ὅ

225 836 531 895 invitasset
597 833 667 894 ad
727 850 825 910 se,
897 839 1144 911 repente
1207 831 1392 891 omnis
1449 831 1889 910 praecipitavit,
1962 829 2241 908 quosdam

225 917 624 997 gubernacula
691 915 1202 997 apprehendentes
1265 917 1453 975 contis
1519 916 1811 993 remisque
1877 914 2123 975 detrusit
2184 916 2242 973 in

223 1020 403 1064 mare.
488 1002 712 1063 Romae
767 1000 1003 1081 publico
1060 998 1236 1078 epulo
1295 1017 1526 1059 servum
1582 998 1659 1060 ob
1706 998 2021 1060 detractam
2071 998 2242 1057 lectis

224 1094 562 1165 argenteam
606 1085 870 1146 laminam
915 1084 1174 1145 carnifici
1219 1082 1527 1143 confestim
1576 1081 1833 1160 tradidit,
1880 1090 1941 1142 ut
1981 1081 2241 1141 manibus

225 1170 472 1234 abscisis
506 1179 680 1248 atque
719 1176 852 1229 ante
881 1178 1088 1247 pectus
1120 1186 1153 1227 e
1187 1166 1345 1227 collo
1381 1165 1766 1247 pendentibus
1786 1211 1804 1244 ,
1846 1165 2239 1246 praecedente
2261 1170 2312 1213 10

226 1254 391 1315 titulo
438 1254 535 1332 qui
580 1271 809 1313 causam
850 1269 1078 1331 poenae
1116 1250 1430 1329 indicaret,
1483 1270 1592 1331 per
1639 1259 1843 1312 coetus
1891 1250 2240 1331 epulantium

228 1336 773 1409 circumduceretur.
847 1336 1268 1398 Murmillonem
1312 1354 1345 1395 e
1380 1335 1554 1412 ludo,
1606 1334 1843 1396 rudibus
1883 1352 2081 1395 secum
2116 1333 2240 1394 bat·

226 1429 481 1483 tuentem
512 1431 570 1482 et
602 1429 813 1501 sponte
848 1428 1230 1502 prostratum,
1298 1419 1556 1480 confodit
1588 1419 1785 1480 ferrea
1820 1421 1943 1479 sica
1981 1437 2048 1479 ac
2078 1434 2241 1478 more

225 1509 509 1567 victorum
538 1523 666 1567 cum
698 1506 890 1585 palma
933 1504 1295 1566 discucurrit.
1382 1503 1631 1565 Admota
1674 1502 1951 1565 altaribus
1990 1505 2239 1579 victima,

225 1594 556 1653 succinctus
579 1608 864 1671 poparum
888 1590 1084 1652 habitu
1111 1588 1265 1650 elato
1293 1588 1409 1650 alte
1434 1588 1645 1650 malleo
1673 1588 2004 1648 cultrarium
2027 1595 2313 1648 macta-1⁵

224 1677 324 1735 vit.
388 1674 655 1736 Lautiore
688 1676 956 1736 convivio
1002 1674 1216 1735 effusus
1249 1673 1439 1734 subito
1483 1674 1541 1733 in
1586 1673 1933 1750 cachinnos,
1993 1670 2240 1732 consuli-

222 1759 363 1836 bus,
429 1761 525 1839 qui
554 1760 713 1820 iuxta
759 1758 1075 1835 cubabant,
1136 1757 1403 1837 quidnam
1432 1756 1652 1818 rideret
1694 1756 1907 1817 blande
1957 1772 2240 1835 quaeren-

224 1842 375 1905 tibus
414 1840 608 1919 Quid,
653 1844 864 1922 inquit,
915 1842 1041 1903 nisi
1071 1859 1211 1903 ww¹
1238 1860 1373 1903 meo
1412 1848 1566 1903 nutu
1600 1840 1881 1921 inquiam·
1922 1847 2247 1919 utrumque

141 1934 489 1994 savestrum
527 1927 738 1989 statim
773 1929 1010 2006 posse?
1069 1925 1228 1988 Inter
1271 1927 1468 1988 varios
1519 1927 1720 2002 iocos,
1787 1942 1914 1986 cum
1962 1923 2244 1986 assistens

223 2013 533 2074 simulacro
588 2010 749 2071 Iovis
800 2011 1056 2091 Apellen
1113 2011 1456 2089 tragoedum
1524 2011 1913 2072 consuluisset
1975 2017 2103 2069 uter
2158 2005 2243 2067 illi
2260 2018 2315 2063 2⁰

220 2099 403 2158 maior
448 2095 775 2172 videretur,
843 2103 1208 2156 cunctantem
1252 2096 1506 2174 flagellis
1564 2094 1824 2171 discidit,
1889 2090 2244 2154 conlaudans

223 2179 465 2241 subinde
506 2197 717 2240 vocem
751 2180 1126 2259 deprecantis
1170 2183 1333 2260 quasi
1386 2181 1555 2242 etiam
1604 2181 1663 2239 in
1710 2179 1930 2257 gemitu
1972 2174 2242 2257 praedul-

225 2283 369 2327 cem.
459 2264 743 2340 Quotiens
783 2265 983 2325 uxoris
1025 2263 1122 2324 vel
1175 2265 1457 2326 amiculae
1510 2263 1723 2324 collum
1777 2262 2241 2336 exoscularetur,

222 2348 498 2411 addebat:
571 2346 722 2408 Tam
777 2349 946 2412 bona
1008 2348 1223 2411 cervia>
1281 2349 1467 2411 simul
1524 2365 1604 2409 ac
1657 2349 1902 2409 iussero
1943 2346 2239 2407 demetur.

223 2435 372 2511 Quin
404 2441 464 2493 et
503 2433 745 2494 subinde
788 2432 1073 2512 iactabat,
1133 2433 1586 2515 aequemur-um
1614 2450 1686 2493 se
1720 2432 1825 2494 vel
1851 2429 2128 2510 fidiculis
2166 2428 2312 2490 deu

225 2517 540 2580 Caesonia
567 2535 720 2596 sua,
782 2537 897 2581 cur
926 2535 1064 2580 eam
1093 2524 1266 2580 tanto
1301 2536 1490 2598 opere
1518 2517 1823 2597 diliqeret.

137 2613 207 2669 34
343 2603 471 2664 Nec
501 2605 724 2664 minore
756 2602 947 2665 livore
979 2623 1048 2665 ac
1077 2603 1438 2682 malignitate
1470 2619 1638 2682 quam
1673 2601 1947 2680 superbia
1974 2599 2241 2661 saevitia-

222 2707 334 2769 que
377 2706 567 2767 paene
615 2687 894 2750 adversus
938 2690 1123 2750 omnis
1175 2689 1308 2747 aevi
1358 2687 1649 2747 hominum
1700 2703 1890 2763 genus
1942 2690 2244 2763 grassatus

222 2781 330 2834 est.
420 2773 653 2834 Statuas
687 2774 939 2833 virorum
977 2773 1333 2850 inlustrium,
1392 2770 1465 2832 ab
1495 2770 1766 2848 Augusto
1800 2789 1878 2831 ex
1910 2765 2244 2848 Capitolina

220 2874 357 2918 area
405 2864 653 2936 propter
709 2859 1006 2934 angustias
1057 2858 1115 2917 in
1169 2873 1433 2935 campum
1481 2854 1744 2917 Martium
1802 2852 2096 2926 conlatas,
2164 2851 2244 2909 ita
2263 2862 2314 2904 8⁰

219 2939 506 3002 subvertit
535 2950 709 3022 atque
740 2940 969 3001 disiecit
1004 2950 1068 3002 ut
1097 2941 1322 3002 restitui
1354 2940 1534 3001 salvis
1561 2938 1740 3000 titulis
1775 2954 1893 2997 non
1926 2935 2244 3016 potuerint,

219 3027 516 3105 vetuitque
571 3027 823 3106 posthac
873 3027 1185 3088 viventium
1243 3027 1507 3105 cuiquam
1564 3040 1806 3102 usquam
1852 3029 2098 3083 statuam
2150 3025 2249 3078 aut

218 3110 527 3186 imaginem
556 3113 667 3172 nisi
699 3110 966 3172 consulto
1014 3119 1074 3171 et
1103 3117 1350 3172 auctore
1382 3128 1450 3170 se
1490 3109 1650 3189 poni.
1741 3103 2038 3185 Cogitavit
2072 3103 2246 3164 etiam

219 3193 292 3252 de
323 3191 562 3254 Homeri
595 3195 940 3257 carminibus
972 3194 1311 3271 abolendis,
1377 3212 1491 3254 cur
1516 3191 1675 3254 enim
1698 3189 1826 3252 sibi
1868 3208 1994 3253 non
2031 3187 2240 3262 licere,

219 3277 454 3353 dicenS,
510 3279 680 3355 quod
717 3279 969 3341 Platoni
1006 3279 1319 3355 licuisset,
1373 3277 1482 3356 qui
1520 3294 1655 3338 oum
1702 3292 1737 3336 e
1772 3273 2023 3336 civitate
2058 3287 2244 3352 quam
2262 3280 2310 3324 ³⁸

221 3359 637 3423 constituebat
663 3363 951 3424 eiecerit?
991 3363 1110 3424 Sed
1142 3371 1202 3424 et
1232 3362 1464 3439 Virgilii
1496 3379 1566 3423 ac
1598 3359 1711 3422 Titi
1749 3357 1874 3419 Livi
1918 3358 2136 3436 scripta
2184 3361 2246 3414 et

219 3445 502 3521 imagines
555 3444 786 3524 paulum
836 3447 977 3506 afuit
1027 3448 1161 3527 quin
1213 3466 1292 3508 ex
1344 3444 1607 3507 omnibus
1655 3442 2027 3504 bibliothecis
2085 3453 2243 3500 amo·

220 3533 419 3602 veret,
477 3544 719 3608 quorum
754 3528 995 3590 alterum
1023 3539 1087 3591 ut
1116 3530 1325 3592 nullius
1354 3530 1576 3610 ingenii
1606 3527 1993 3605 minimaeque
2026 3522 2244 3585 doctri-
