2553 3960
499 202 598 249 011
1076 185 1079 188 ’
1176 201 1595 249 ΡΒΑΕΕΑΤῙΟ.

503 360 667 417 tariis
700 365 1044 416 contractum
1073 359 1340 417 Historiis
1372 367 1423 431 6,
1448 364 1481 419 7
1513 376 1636 431 sqq.
1664 359 1932 430 inseruit,
1967 362 2110 416 haec
2143 362 2322 417 verba

502 444 861 518 praeposuit:
906 441 1096 516 fHanc
1138 444 1432 500 historiam
1464 443 1764 500 Suetonius
1795 444 2149 516 Tranquillus
2197 446 2295 517 ple

503 528 734 584 nissime
779 527 1088 599 explicuit,
1137 528 1297 583 cuius
1344 544 1447 584 nos
1494 533 1876 599 competentes
1931 527 2330 599 portiunculas

504 612 886 684 decerpsimus
902 611 943 666 ⁹.
1034 610 1241 667 Eadem
1278 613 1451 668 verba
1485 611 1684 667 Paulus
1719 612 2002 668 Diaconus
2043 611 2099 666 in
2130 612 2323 668 Histo-

503 696 641 752 riam
671 712 825 751 suam
857 695 1164 752 miscellam
1201 696 1421 767 recepit
1458 696 1725 766 multique
1761 697 2069 767 scriptores
2100 696 2327 751 mediae

505 778 705 837 aetatis
761 779 1179 851 repetiverunt,
1233 779 1414 834 donec
1461 797 1511 835 a.
1570 785 1707 837 1544
1754 780 2029 835 Robertus
2077 781 2325 851 Stepha-

503 881 605 919 nus
667 865 812 919 hanc
870 862 1092 918 scilicet
1149 858 1523 936 ‘Eutropii⁹⁹)
1584 863 1861 934 epitomen
1926 863 2062 919 belli
2120 863 2328 919 Gallici

505 954 578 1003 e'x
621 946 876 1003 Suetonii
934 945 1243 1017 Tranquilli
1292 947 1657 1002 monumentis
1702 963 1845 1017 quae
1885 944 2329 1004 desiderantur'

505 1037 767 1102 separato
812 1030 1009 1086 libello
1043 1031 1272 1099 ederet,
1323 1046 1482 1101 quam
1514 1030 1861 1102 posteriores
1904 1030 2154 1086 nonnulli
2200 1046 2328 1085 curn

508 1114 863 1170 Caesarianis
917 1114 1327 1171 commentariis
1389 1114 1811 1169 coniunxerunt.
1900 1114 2090 1185 Neque
2142 1114 2330 1169 minus

507 1196 774 1254 Sidonius
803 1196 1150 1268 Apollinaris
1181 1198 1546 1269 epistolarum
1575 1203 1644 1269 9,
1680 1204 1776 1268 14,
1811 1199 1904 1255 ubi
1936 1198 2326 1253 difficillimam

507 1298 623 1337 rem
644 1297 772 1335 esse
800 1281 880 1336 ait
906 1279 1033 1335 Iulii
1051 1278 1312 1337 Caesaris
1337 1282 1532 1337 laudes
1566 1282 1880 1351 celebrare,
1914 1298 2034 1340 cum
2049 1282 2191 1347 Livii
2220 1297 2323 1336 vo-

505 1364 732 1433 lumina,
763 1362 961 1436 ‘opera
995 1363 1301 1434 Suetonii',
1326 1365 1551 1420 iuvenci
1577 1365 1847 1423 Martialis
1873 1365 2132 1434 historia,
2162 1364 2324 1422 Balbi

507 1448 823 1521 ephemeris
847 1442 939 1520 ¹⁰⁰)
982 1447 1149 1502 fando
1188 1448 1549 1520 adaequanda
1580 1448 1723 1519 sint,
1778 1449 2052 1505 bellorum
2097 1454 2152 1503 et
2195 1449 2324 1520 ipse

505 1531 1073 1604 scriptoremvidetur
1096 1530 1421 1587 Suetonium
1450 1531 1883 1589 existimavisse.
1948 1531 2164 1598 Quodsi
2195 1533 2323 1603 quis

507 1622 769 1688 quaerat,
818 1630 929 1687 quo
961 1615 1127 1671 modo
1157 1621 1264 1672 tam
1299 1616 1476 1687 turpis
1509 1632 1672 1684 error
1713 1616 1849 1672 oriri
1885 1616 2171 1688 potuerit,
2211 1618 2326 1671 hoc

506 1700 638 1755 mihi
685 1701 924 1756 omnium
954 1698 1189 1773 maxime
1232 1698 1534 1771 probatur,
1581 1706 1644 1754 ut
1683 1699 1935 1756 codicum
1980 1700 2324 1771 quorundam

508 1783 972 1841 caesarianorum
1001 1782 1281 1855 principio
1312 1783 1715 1855 praescriptum
1754 1784 1929 1839 fuisse
1961 1790 2148 1855 putem
2179 1782 2324 1838 Sue-

506 1871 647 1923 tonii
678 1870 768 1922 vel
800 1867 1076 1937 integrum
1106 1867 1302 1921 Divum
1331 1867 1525 1922 Iulium
1559 1868 1649 1922 vel
1683 1884 1805 1923 eum
1839 1869 2020 1922 locum
2049 1866 2144 1938 qui
2175 1867 2324 1923 infra

506 1969 561 2025 p.
593 1956 697 2019 24,
738 1956 805 2010 21
848 1952 918 2007 de
960 1949 1372 2007 commentariis
1413 1949 1611 2007 Gallici
1656 1950 1953 2023 civilisque
1995 1951 2131 2007 belli
2164 1950 2322 2006 Pom-

505 2036 694 2108 peiani
740 2035 967 2106 legitur.
1055 2036 1137 2090 lta
1182 2034 1305 2090 fleri
1342 2035 1554 2107 potuit,
1613 2043 1671 2090 ut
1708 2036 1963 2091 Suetonii
2018 2050 2219 2090 nomen
2265 2036 2322 2089 in

505 2118 788 2192 principio
814 2119 1249 2192 ‚grandibusque
1295 2119 1501 2175 litteris
1546 2119 1813 2192 scriptum
1853 2135 1958 2192 pro
2001 2118 2166 2174 titulo
2196 2119 2323 2174 uni-

507 2203 660 2259 versi
691 2203 950 2273 corporis
980 2204 1299 2259 haberetur.
1354 2202 1610 2258 Ceterum
1634 2204 1724 2259 vel
1757 2209 1886 2276 post
1917 2208 2141 2259 renatas
2168 2203 2323 2257 litte-

507 2304 600 2342 ras
637 2287 818 2342 eidem
848 2286 1029 2341 errori
1066 2286 1439 2342 obstrinxisse
1473 2303 1535 2342 se
1566 2288 1901 2343 Ludovicum
1932 2286 2127 2342 nescio
2158 2303 2323 2358 quem

512 2370 823 2427 Caduccum
868 2369 1135 2439 cognovi.

209 2444 472 2538 „⁴¹¹ngssss
638 2451 787 2508 Satis
832 2458 993 2507 notus
1042 2459 1130 2508 est
1174 2454 1400 2509 libellus
1459 2454 1540 2509 de
1589 2456 1785 2511 Viris
1852 2453 2322 2523 illustribus,

512 2537 605 2608 qui
633 2535 817 2592 ‘hodie
849 2534 1112 2591 Andreae
1149 2537 1367 2592 Schotti
1414 2538 1746 2595 auctoritate
1791 2545 1847 2594 et
1888 2538 2147 2610 exemplo
2196 2553 2322 2594 cum

470 2653 476 2657 -
509 2620 744 2676 Aurelio
777 2618 1008 2675 Victore
1054 2621 1144 2675 edi
1187 2620 1366 2684 solet:
1414 2637 1519 2676 nec
1552 2622 1687 2677 latet
1717 2629 1972 2694 quantum
2014 2623 2063 2677 is
2100 2621 2321 2692 negotii

510 2706 692 2762 doctis
735 2703 1050 2760 hominibus
1098 2704 1398 2761 creaverit.
1487 2705 1697 2777 Scripti
1752 2706 1894 2761 enim
1943 2704 2074 2761 libri
2127 2721 2321 2760 omnes

510 2788 743 2843 Plinium
775 2793 1057 2844 auctorem
1094 2788 1504 2859 demonstrant,
1555 2791 1701 2844 hunc
1746 2790 1863 2845 fere
1904 2789 2118 2844 titulum
2154 2806 2320 2860 prae-

510 2872 787 2928 ferentes:
835 2870 960 2926 Gaia·
987 2871 1156 2927 Plinii
1189 2872 1433 2928 Secundi
1456 2876 1696 2929 oratoris
1733 2872 2060 2929 Veronensis
2089 2873 2159 2927 de
2188 2874 2327 2928 viris

506 2955 802 3011 illustribus
831 2954 965 3010 liber
1000 2955 1122 3012 sive
1151 2955 1377 3011 libellus·
1460 2958 1664 3012 Verum
1694 2957 1898 3028 exigua
1932 2963 2018 3012 est
2048 2956 2321 3012 librorum

508 3039 846 3110 auctoritas,
892 3054 1011 3094 cum
1057 3040 1132 3095 ita
1176 3047 1434 3096 recentes
1485 3057 1677 3097 omues
1722 3041 1834 3096 sint
1873 3046 1931 3095 ut
1969 3057 2039 3096 ne
2092 3041 2162 3096 ad
2191 3039 2320 3095 xm

643 3206 733 3269 99)
773 3203 1005 3268 Eutropii
1039 3204 1169 3252 enim
1207 3204 1412 3253 nomine
1453 3205 1538 3254 illo
1578 3212 1803 3271 tempore
1843 3204 2067 3254 Miscella
2104 3203 2320 3255 historia

505 3275 653 3326 Pauli
688 3271 1150 3324 circumferebatur.

647 3342 772 3407 100)
827 3341 970 3394 Balbi
1024 3340 1397 3407 ephemeridem
1441 3342 1651 3394 Carolus
1693 3341 1985 3407 Nipperdey
2031 3356 2082 3407 p.
2132 3339 2201 3392 36
2253 3341 2318 3389 de

507 3420 684 3462 octavo
718 3412 837 3462 belli
872 3411 1046 3462 Gallici
1088 3409 1212 3464 libro
1253 3410 1520 3478 intelligit,
1570 3411 1656 3478 qui
1690 3411 1815 3460 liber
1851 3410 1916 3459 ad
1948 3411 2157 3459 Balbum
2195 3409 2317 3458 mis·

506 3495 597 3530 sus
634 3488 726 3531 est.
