<?xml version="1.0" encoding="UTF-8"?>
<!DOCTYPE html PUBLIC "-//W3C//DTD XHTML 1.0 Transitional//EN"
    "http://www.w3.org/TR/xhtml1/DTD/xhtml1-transitional.dtd">
<html xmlns="http://www.w3.org/1999/xhtml" xml:lang="en" lang="en">
 <head>
  <title>
</title>
<meta http-equiv="Content-Type" content="text/html;charset=utf-8" />
  <meta name='ocr-system' content='tesseract 3.04.00' />
  <meta name='ocr-capabilities' content='ocr_page ocr_carea ocr_par ocr_line ocrx_word'/>
</head>
<body>
  <div class='ocr_page' id='page_1' title='image "./csuetonitranqui06rothgoog_0167.png"; bbox 0 0 2553 3960; ppageno 0'>
   <div class='ocr_carea' id='block_1_1' title="bbox 1002 222 2317 282">
    <p class='ocr_par' dir='ltr' id='par_1_1' title="bbox 1002 222 2317 282">
     <span class='ocr_line' id='line_1_1' title="bbox 1002 222 2317 282; baseline 0.003 -4"><span class='ocrx_word' id='word_1_1' title='bbox 1002 230 1216 279; x_wconf 79' lang='lat' dir='ltr'>Dlvus</span> <span class='ocrx_word' id='word_1_2' title='bbox 1262 231 1643 282; x_wconf 74' lang='lat' dir='ltr'>AUGUSTUS.</span> <span class='ocrx_word' id='word_1_3' title='bbox 2237 222 2317 282; x_wconf 85' lang='lat'>55</span> 
     </span>
    </p>
   </div>
   <div class='ocr_carea' id='block_1_2' title="bbox 200 384 2401 3586">
    <p class='ocr_par' dir='ltr' id='par_1_2' title="bbox 200 384 2401 3586">
     <span class='ocr_line' id='line_1_2' title="bbox 297 384 2344 469; baseline -0.002 -20"><span class='ocrx_word' id='word_1_4' title='bbox 297 391 545 468; x_wconf 87' lang='lat' dir='ltr'>quisque</span> <span class='ocrx_word' id='word_1_5' title='bbox 578 387 824 448; x_wconf 89' lang='lat' dir='ltr'>animum</span> <span class='ocrx_word' id='word_1_6' title='bbox 856 384 1178 445; x_wconf 80' lang='lat' dir='ltr'>intenderet</span> <span class='ocrx_word' id='word_1_7' title='bbox 1223 405 1293 447; x_wconf 93' lang='lat' dir='ltr'>ac</span> <span class='ocrx_word' id='word_1_8' title='bbox 1328 390 1375 447; x_wconf 91' lang='lat' dir='ltr'>si</span> <span class='ocrx_word' id='word_1_9' title='bbox 1409 388 1759 450; x_wconf 89' lang='lat' dir='ltr'>censendum</span> <span class='ocrx_word' id='word_1_10' title='bbox 1796 391 1982 469; x_wconf 90' lang='lat' dir='ltr'>magis</span> <span class='ocrx_word' id='word_1_11' title='bbox 2019 388 2344 467; x_wconf 69' lang='lat' dir='ltr'>quam-ad-‚</span> 
     </span>
     <span class='ocr_line' id='line_1_3' title="bbox 296 471 870 533; baseline -0.003 -1"><span class='ocrx_word' id='word_1_12' title='bbox 296 471 660 533; x_wconf 84' lang='lat' dir='ltr'>sentiendum</span> <span class='ocrx_word' id='word_1_13' title='bbox 694 480 870 531; x_wconf 89' lang='lat' dir='ltr'>esset.</span> 
     </span>
     <span class='ocr_line' id='line_1_4' title="bbox 420 554 2401 635; baseline 0.003 -20"><span class='ocrx_word' id='word_1_14' title='bbox 420 557 643 616; x_wconf 83' lang='lat' dir='ltr'><strong>Auctor</strong></span> <span class='ocrx_word' id='word_1_15' title='bbox 686 564 746 615; x_wconf 91' lang='lat' dir='ltr'>et</span> <span class='ocrx_word' id='word_1_16' title='bbox 797 554 1035 615; x_wconf 90' lang='lat' dir='ltr'>aliarum</span> <span class='ocrx_word' id='word_1_17' title='bbox 1068 572 1261 614; x_wconf 91' lang='lat' dir='ltr'>rerum</span> <span class='ocrx_word' id='word_1_18' title='bbox 1304 554 1440 633; x_wconf 91' lang='lat' dir='ltr'>fuit,</span> <span class='ocrx_word' id='word_1_19' title='bbox 1494 557 1552 614; x_wconf 92' lang='lat' dir='ltr'>in</span> <span class='ocrx_word' id='word_1_20' title='bbox 1590 558 1747 635; x_wconf 88' lang='lat' dir='ltr'>quis:</span> <span class='ocrx_word' id='word_1_21' title='bbox 1796 576 1871 616; x_wconf 89' lang='lat' dir='ltr'>ne</span> <span class='ocrx_word' id='word_1_22' title='bbox 1917 565 2047 619; x_wconf 90' lang='lat' dir='ltr'>acta</span> <span class='ocrx_word' id='word_1_23' title='bbox 2079 566 2313 617; x_wconf 90' lang='lat' dir='ltr'>senatus</span> <span class='ocrx_word' id='word_1_24' title='bbox 2330 564 2401 621; x_wconf 84' lang='lat'>36</span> 
     </span>
     <span class='ocr_line' id='line_1_5' title="bbox 295 638 2314 720; baseline -0 -20"><span class='ocrx_word' id='word_1_25' title='bbox 295 639 761 720; x_wconf 82' lang='lat' dir='ltr'>publicarentur,</span> <span class='ocrx_word' id='word_1_26' title='bbox 816 657 889 699; x_wconf 90' lang='lat' dir='ltr'>ne</span> <span class='ocrx_word' id='word_1_27' title='bbox 941 639 1311 717; x_wconf 84' lang='lat' dir='ltr'>magistratus</span> <span class='ocrx_word' id='word_1_28' title='bbox 1365 638 1635 718; x_wconf 88' lang='lat' dir='ltr'>deposito</span> <span class='ocrx_word' id='word_1_29' title='bbox 1707 641 1931 702; x_wconf 79' lang='lat' dir='ltr'>honore</span> <span class='ocrx_word' id='word_1_30' title='bbox 1998 642 2186 700; x_wconf 88' lang='lat' dir='ltr'>statim</span> <span class='ocrx_word' id='word_1_31' title='bbox 2258 642 2314 699; x_wconf 89' lang='lat' dir='ltr'>in</span> 
     </span>
     <span class='ocr_line' id='line_1_6' title="bbox 249 723 2311 805; baseline 0.001 -23"><span class='ocrx_word' id='word_1_32' title='bbox 249 725 633 805; x_wconf 65' lang='lat' dir='ltr'>aprovincias</span> <span class='ocrx_word' id='word_1_33' title='bbox 674 725 1068 799; x_wconf 83' lang='lat' dir='ltr'>mitterentur,</span> <span class='ocrx_word' id='word_1_34' title='bbox 1111 732 1170 782; x_wconf 91' lang='lat' dir='ltr'>ut</span> <span class='ocrx_word' id='word_1_35' title='bbox 1211 723 1663 802; x_wconf 83' lang='lat' dir='ltr'>proconsulibus</span> <span class='ocrx_word' id='word_1_36' title='bbox 1706 724 1779 786; x_wconf 91' lang='lat' dir='ltr'>ad</span> <span class='ocrx_word' id='word_1_37' title='bbox 1806 725 1993 785; x_wconf 90' lang='lat' dir='ltr'>mulos</span> <span class='ocrx_word' id='word_1_38' title='bbox 2037 732 2094 783; x_wconf 91' lang='lat' dir='ltr'>et</span> <span class='ocrx_word' id='word_1_39' title='bbox 2123 724 2311 785; x_wconf 89' lang='lat' dir='ltr'>taber-</span> 
     </span>
     <span class='ocr_line' id='line_1_7' title="bbox 293 806 2311 888; baseline 0 -19"><span class='ocrx_word' id='word_1_40' title='bbox 293 808 502 869; x_wconf 89' lang='lat' dir='ltr'>nacula</span> <span class='ocrx_word' id='word_1_41' title='bbox 545 825 694 887; x_wconf 86' lang='lat' dir='ltr'>quae</span> <span class='ocrx_word' id='word_1_42' title='bbox 732 806 964 887; x_wconf 90' lang='lat' dir='ltr'>publice</span> <span class='ocrx_word' id='word_1_43' title='bbox 1000 806 1185 869; x_wconf 90' lang='lat' dir='ltr'>locari</span> <span class='ocrx_word' id='word_1_44' title='bbox 1215 807 1487 868; x_wconf 89' lang='lat' dir='ltr'>solebant</span> <span class='ocrx_word' id='word_1_45' title='bbox 1531 817 1689 869; x_wconf 90' lang='lat' dir='ltr'>certa</span> <span class='ocrx_word' id='word_1_46' title='bbox 1718 811 1966 888; x_wconf 90' lang='lat' dir='ltr'>pecunia</span> <span class='ocrx_word' id='word_1_47' title='bbox 2001 811 2311 869; x_wconf 90' lang='lat' dir='ltr'>constitue·</span> 
     </span>
     <span class='ocr_line' id='line_1_8' title="bbox 290 890 2311 973; baseline 0 -21"><span class='ocrx_word' id='word_1_48' title='bbox 290 903 488 970; x_wconf 90' lang='lat' dir='ltr'>retur,</span> <span class='ocrx_word' id='word_1_49' title='bbox 534 902 594 953; x_wconf 92' lang='lat' dir='ltr'>ut</span> <span class='ocrx_word' id='word_1_50' title='bbox 638 910 775 953; x_wconf 88' lang='lat' dir='ltr'>cura</span> <span class='ocrx_word' id='word_1_51' title='bbox 819 892 1006 951; x_wconf 88' lang='lat' dir='ltr'>aerari</span> <span class='ocrx_word' id='word_1_52' title='bbox 1056 910 1089 951; x_wconf 89' lang='lat' dir='ltr'>a</span> <span class='ocrx_word' id='word_1_53' title='bbox 1126 890 1531 970; x_wconf 84' lang='lat' dir='ltr'>quaestoribus</span> <span class='ocrx_word' id='word_1_54' title='bbox 1585 892 1817 954; x_wconf 90' lang='lat' dir='ltr'>urbanis</span> <span class='ocrx_word' id='word_1_55' title='bbox 1868 894 1939 954; x_wconf 92' lang='lat' dir='ltr'>ad</span> <span class='ocrx_word' id='word_1_56' title='bbox 1982 895 2311 973; x_wconf 90' lang='lat' dir='ltr'>praetorios</span> 
     </span>
     <span class='ocr_line' id='line_1_9' title="bbox 289 976 2309 1058; baseline 0 -22"><span class='ocrx_word' id='word_1_57' title='bbox 289 986 679 1057; x_wconf 84' lang='lat' dir='ltr'>praetoresve</span> <span class='ocrx_word' id='word_1_58' title='bbox 711 976 1013 1053; x_wconf 78' lang='lat' dir='ltr'>transiret,</span> <span class='ocrx_word' id='word_1_59' title='bbox 1070 984 1129 1035; x_wconf 93' lang='lat' dir='ltr'>ut</span> <span class='ocrx_word' id='word_1_60' title='bbox 1162 976 1634 1037; x_wconf 87' lang='lat' dir='ltr'>centumviralem</span> <span class='ocrx_word' id='word_1_61' title='bbox 1665 977 1885 1039; x_wconf 87' lang='lat' dir='ltr'>hastam</span> <span class='ocrx_word' id='word_1_62' title='bbox 1932 996 2101 1058; x_wconf 91' lang='lat' dir='ltr'>quam</span> <span class='ocrx_word' id='word_1_63' title='bbox 2136 994 2309 1056; x_wconf 93' lang='lat' dir='ltr'>quae-</span> 
     </span>
     <span class='ocr_line' id='line_1_10' title="bbox 287 1059 2394 1141; baseline 0 -20"><span class='ocrx_word' id='word_1_64' title='bbox 287 1070 507 1121; x_wconf 90' lang='lat' dir='ltr'>sturam</span> <span class='ocrx_word' id='word_1_65' title='bbox 536 1059 713 1121; x_wconf 89' lang='lat' dir='ltr'>functi</span> <span class='ocrx_word' id='word_1_66' title='bbox 747 1067 1097 1121; x_wconf 85' lang='lat' dir='ltr'>consuerant</span> <span class='ocrx_word' id='word_1_67' title='bbox 1118 1076 1339 1137; x_wconf 89' lang='lat' dir='ltr'>cogere</span> <span class='ocrx_word' id='word_1_68' title='bbox 1370 1059 1684 1121; x_wconf 87' lang='lat' dir='ltr'>decemviri</span> <span class='ocrx_word' id='word_1_69' title='bbox 1717 1071 2017 1140; x_wconf 86' lang='lat' dir='ltr'>cogerent.</span> <span class='ocrx_word' id='word_1_70' title='bbox 2062 1062 2311 1141; x_wconf 85' lang='lat' dir='ltr'>Quoque</span> <span class='ocrx_word' id='word_1_71' title='bbox 2326 1074 2394 1131; x_wconf 82' lang='lat'>37</span> 
     </span>
     <span class='ocr_line' id='line_1_11' title="bbox 218 1144 2309 1225; baseline 0.002 -23"><span class='ocrx_word' id='word_1_72' title='bbox 218 1160 267 1203; x_wconf 79' lang='grc' dir='ltr'>ιο</span> <span class='ocrx_word' id='word_1_73' title='bbox 288 1144 495 1225; x_wconf 88' lang='lat' dir='ltr'>plures</span> <span class='ocrx_word' id='word_1_74' title='bbox 536 1153 762 1223; x_wconf 90' lang='lat' dir='ltr'>partem</span> <span class='ocrx_word' id='word_1_75' title='bbox 804 1144 1286 1205; x_wconf 86' lang='lat' dir='ltr'>administrandae</span> <span class='ocrx_word' id='word_1_76' title='bbox 1328 1146 1416 1205; x_wconf 90' lang='lat' dir='ltr'>rei</span> <span class='ocrx_word' id='word_1_77' title='bbox 1461 1162 1519 1223; x_wconf 88' lang='lat' dir='ltr'>p.</span> <span class='ocrx_word' id='word_1_78' title='bbox 1572 1155 1884 1225; x_wconf 85' lang='lat' dir='ltr'>caperent,</span> <span class='ocrx_word' id='word_1_79' title='bbox 1930 1164 2083 1208; x_wconf 86' lang='lat' dir='ltr'>nova</span> <span class='ocrx_word' id='word_1_80' title='bbox 2115 1146 2309 1207; x_wconf 87' lang='lat' dir='ltr'>officia</span> 
     </span>
     <span class='ocr_line' id='line_1_12' title="bbox 284 1228 2306 1310; baseline 0 -20"><span class='ocrx_word' id='word_1_81' title='bbox 284 1229 677 1306; x_wconf 85' lang='lat' dir='ltr'>excogitavit:</span> <span class='ocrx_word' id='word_1_82' title='bbox 740 1246 934 1289; x_wconf 88' lang='lat' dir='ltr'>curam</span> <span class='ocrx_word' id='word_1_83' title='bbox 976 1244 1217 1307; x_wconf 89' lang='lat' dir='ltr'>operum</span> <span class='ocrx_word' id='word_1_84' title='bbox 1260 1228 1657 1308; x_wconf 88' lang='lat' dir='ltr'>publicorum,</span> <span class='ocrx_word' id='word_1_85' title='bbox 1703 1233 1953 1308; x_wconf 84' lang='lat' dir='ltr'>viarum,</span> <span class='ocrx_word' id='word_1_86' title='bbox 2011 1249 2306 1310; x_wconf 90' lang='lat' dir='ltr'>aquarum,</span> 
     </span>
     <span class='ocr_line' id='line_1_13' title="bbox 283 1312 2305 1394; baseline 0.001 -21"><span class='ocrx_word' id='word_1_87' title='bbox 283 1313 444 1373; x_wconf 85' lang='lat' dir='ltr'>alvei</span> <span class='ocrx_word' id='word_1_88' title='bbox 477 1312 728 1389; x_wconf 77' lang='lat' dir='ltr'>TiberiS,</span> <span class='ocrx_word' id='word_1_89' title='bbox 765 1313 1033 1373; x_wconf 86' lang='lat' dir='ltr'>frumenti</span> <span class='ocrx_word' id='word_1_90' title='bbox 1065 1312 1287 1392; x_wconf 90' lang='lat' dir='ltr'>populo</span> <span class='ocrx_word' id='word_1_91' title='bbox 1319 1313 1631 1392; x_wconf 86' lang='lat' dir='ltr'>dividundi,</span> <span class='ocrx_word' id='word_1_92' title='bbox 1665 1316 2095 1394; x_wconf 82' lang='lat' dir='ltr'>praefecturam</span> <span class='ocrx_word' id='word_1_93' title='bbox 2125 1315 2305 1392; x_wconf 90' lang='lat' dir='ltr'>urbis,</span> 
     </span>
     <span class='ocr_line' id='line_1_14' title="bbox 282 1396 2305 1478; baseline 0.001 -22"><span class='ocrx_word' id='word_1_94' title='bbox 282 1399 702 1457; x_wconf 84' lang='lat' dir='ltr'>triumviratum</span> <span class='ocrx_word' id='word_1_95' title='bbox 731 1396 966 1475; x_wconf 89' lang='lat' dir='ltr'>legendi</span> <span class='ocrx_word' id='word_1_96' title='bbox 998 1405 1265 1475; x_wconf 88' lang='lat' dir='ltr'>senatus,</span> <span class='ocrx_word' id='word_1_97' title='bbox 1307 1407 1370 1457; x_wconf 89' lang='lat' dir='ltr'>et</span> <span class='ocrx_word' id='word_1_98' title='bbox 1410 1398 1652 1459; x_wconf 90' lang='lat' dir='ltr'>alterum</span> <span class='ocrx_word' id='word_1_99' title='bbox 1681 1400 2152 1478; x_wconf 87' lang='lat' dir='ltr'>recognoscendi</span> <span class='ocrx_word' id='word_1_100' title='bbox 2192 1409 2305 1460; x_wconf 92' lang='lat' dir='ltr'>tur-</span> 
     </span>
     <span class='ocr_line' id='line_1_15' title="bbox 280 1481 2304 1562; baseline 0 -19"><span class='ocrx_word' id='word_1_101' title='bbox 280 1499 409 1543; x_wconf 87' lang='lat' dir='ltr'>mas</span> <span class='ocrx_word' id='word_1_102' title='bbox 444 1483 732 1560; x_wconf 90' lang='lat' dir='ltr'>equitum,</span> <span class='ocrx_word' id='word_1_103' title='bbox 770 1483 1157 1560; x_wconf 88' lang='lat' dir='ltr'>quotiensque</span> <span class='ocrx_word' id='word_1_104' title='bbox 1190 1499 1339 1562; x_wconf 91' lang='lat' dir='ltr'>opus</span> <span class='ocrx_word' id='word_1_105' title='bbox 1384 1491 1558 1543; x_wconf 90' lang='lat' dir='ltr'>esset.</span> <span class='ocrx_word' id='word_1_106' title='bbox 1638 1481 1934 1544; x_wconf 89' lang='lat' dir='ltr'>Censores</span> <span class='ocrx_word' id='word_1_107' title='bbox 1979 1484 2167 1543; x_wconf 91' lang='lat' dir='ltr'>creari</span> <span class='ocrx_word' id='word_1_108' title='bbox 2209 1482 2304 1543; x_wconf 92' lang='lat' dir='ltr'>de-</span> 
     </span>
     <span class='ocr_line' id='line_1_16' title="bbox 212 1565 2303 1647; baseline 0.001 -26"><span class='ocrx_word' id='word_1_109' title='bbox 212 1581 263 1622; x_wconf 83' lang='lat'>15</span> <span class='ocrx_word' id='word_1_110' title='bbox 284 1568 435 1627; x_wconf 87' lang='lat' dir='ltr'>sitos</span> <span class='ocrx_word' id='word_1_111' title='bbox 478 1566 662 1644; x_wconf 86' lang='lat' dir='ltr'>longo</span> <span class='ocrx_word' id='word_1_112' title='bbox 711 1565 1019 1627; x_wconf 88' lang='lat' dir='ltr'>intervallo</span> <span class='ocrx_word' id='word_1_113' title='bbox 1065 1568 1305 1627; x_wconf 83' lang='lat' dir='ltr'>creavit.</span> <span class='ocrx_word' id='word_1_114' title='bbox 1387 1566 1699 1628; x_wconf 89' lang='lat' dir='ltr'>Numerum</span> <span class='ocrx_word' id='word_1_115' title='bbox 1741 1577 2075 1647; x_wconf 89' lang='lat' dir='ltr'>praetorum</span> <span class='ocrx_word' id='word_1_116' title='bbox 2127 1568 2303 1628; x_wconf 87' lang='lat' dir='ltr'>auxit.</span> 
     </span>
     <span class='ocr_line' id='line_1_17' title="bbox 280 1649 2303 1730; baseline -0 -18"><span class='ocrx_word' id='word_1_117' title='bbox 280 1650 506 1727; x_wconf 82' lang='lat' dir='ltr'>Exegit</span> <span class='ocrx_word' id='word_1_118' title='bbox 537 1651 744 1728; x_wconf 88' lang='lat' dir='ltr'>etiam,</span> <span class='ocrx_word' id='word_1_119' title='bbox 780 1659 840 1710; x_wconf 91' lang='lat' dir='ltr'>ut</span> <span class='ocrx_word' id='word_1_120' title='bbox 874 1652 1140 1730; x_wconf 88' lang='lat' dir='ltr'>quotiens</span> <span class='ocrx_word' id='word_1_121' title='bbox 1175 1649 1509 1711; x_wconf 88' lang='lat' dir='ltr'>consulatus</span> <span class='ocrx_word' id='word_1_122' title='bbox 1541 1651 1650 1711; x_wconf 90' lang='lat' dir='ltr'>sibi</span> <span class='ocrx_word' id='word_1_123' title='bbox 1682 1651 1949 1728; x_wconf 89' lang='lat' dir='ltr'>daretur,</span> <span class='ocrx_word' id='word_1_124' title='bbox 1998 1651 2165 1711; x_wconf 89' lang='lat' dir='ltr'>binos</span> <span class='ocrx_word' id='word_1_125' title='bbox 2196 1668 2303 1730; x_wconf 92' lang='lat' dir='ltr'>pro</span> 
     </span>
     <span class='ocr_line' id='line_1_18' title="bbox 283 1733 2302 1814; baseline 0.001 -19"><span class='ocrx_word' id='word_1_126' title='bbox 283 1733 531 1813; x_wconf 86' lang='lat' dir='ltr'>singulis</span> <span class='ocrx_word' id='word_1_127' title='bbox 565 1734 833 1812; x_wconf 88' lang='lat' dir='ltr'>collegas</span> <span class='ocrx_word' id='word_1_128' title='bbox 876 1734 1151 1812; x_wconf 90' lang='lat' dir='ltr'>haberet,</span> <span class='ocrx_word' id='word_1_129' title='bbox 1201 1753 1314 1795; x_wconf 90' lang='lat' dir='ltr'>nec</span> <span class='ocrx_word' id='word_1_130' title='bbox 1348 1735 1623 1814; x_wconf 84' lang='lat' dir='ltr'>optinuit,</span> <span class='ocrx_word' id='word_1_131' title='bbox 1669 1735 2119 1796; x_wconf 89' lang='lat' dir='ltr'>reclamantibus</span> <span class='ocrx_word' id='word_1_132' title='bbox 2169 1754 2302 1798; x_wconf 56' lang='lat' dir='ltr'>cun«</span> 
     </span>
     <span class='ocr_line' id='line_1_19' title="bbox 285 1819 2305 1898; baseline -0 -19"><span class='ocrx_word' id='word_1_133' title='bbox 285 1819 398 1879; x_wconf 85' lang='lat' dir='ltr'>etis</span> <span class='ocrx_word' id='word_1_134' title='bbox 431 1820 570 1879; x_wconf 89' lang='lat' dir='ltr'>satis</span> <span class='ocrx_word' id='word_1_135' title='bbox 601 1820 962 1880; x_wconf 87' lang='lat' dir='ltr'>maiestatem</span> <span class='ocrx_word' id='word_1_136' title='bbox 995 1822 1118 1880; x_wconf 90' lang='lat' dir='ltr'>eius</span> <span class='ocrx_word' id='word_1_137' title='bbox 1149 1820 1432 1896; x_wconf 87' lang='lat' dir='ltr'>imminui,</span> <span class='ocrx_word' id='word_1_138' title='bbox 1483 1819 1641 1898; x_wconf 90' lang='lat' dir='ltr'>quod</span> <span class='ocrx_word' id='word_1_139' title='bbox 1689 1820 1972 1880; x_wconf 90' lang='lat' dir='ltr'>honorem</span> <span class='ocrx_word' id='word_1_140' title='bbox 2014 1839 2142 1881; x_wconf 91' lang='lat' dir='ltr'>eum</span> <span class='ocrx_word' id='word_1_141' title='bbox 2187 1837 2305 1879; x_wconf 89' lang='lat' dir='ltr'>non</span> 
     </span>
     <span class='ocr_line' id='line_1_20' title="bbox 282 1902 2390 1984; baseline 0.002 -20"><span class='ocrx_word' id='word_1_142' title='bbox 282 1902 448 1964; x_wconf 86' lang='lat' dir='ltr'>solus</span> <span class='ocrx_word' id='word_1_143' title='bbox 476 1902 584 1963; x_wconf 88' lang='lat' dir='ltr'>sed</span> <span class='ocrx_word' id='word_1_144' title='bbox 615 1921 744 1962; x_wconf 92' lang='lat' dir='ltr'>cum</span> <span class='ocrx_word' id='word_1_145' title='bbox 779 1903 965 1964; x_wconf 92' lang='lat' dir='ltr'>altero</span> <span class='ocrx_word' id='word_1_146' title='bbox 1000 1914 1258 1983; x_wconf 86' lang='lat' dir='ltr'>gereret.</span> <span class='ocrx_word' id='word_1_147' title='bbox 1331 1903 1459 1964; x_wconf 90' lang='lat' dir='ltr'>Nec</span> <span class='ocrx_word' id='word_1_148' title='bbox 1494 1904 1729 1984; x_wconf 91' lang='lat' dir='ltr'>parcior</span> <span class='ocrx_word' id='word_1_149' title='bbox 1761 1906 1818 1964; x_wconf 93' lang='lat' dir='ltr'>in</span> <span class='ocrx_word' id='word_1_150' title='bbox 1850 1903 2062 1979; x_wconf 86' lang='lat' dir='ltr'>bellica</span> <span class='ocrx_word' id='word_1_151' title='bbox 2097 1906 2390 1968; x_wconf 86' lang='lat' dir='ltr'>virtute38</span> 
     </span>
     <span class='ocr_line' id='line_1_21' title="bbox 203 1987 2302 2069; baseline 0.003 -27"><span class='ocrx_word' id='word_1_152' title='bbox 203 2002 262 2043; x_wconf 83' lang='lat'>20</span> <span class='ocrx_word' id='word_1_153' title='bbox 279 1987 658 2065; x_wconf 89' lang='lat' dir='ltr'>honoranda,</span> <span class='ocrx_word' id='word_1_154' title='bbox 718 2006 898 2067; x_wconf 87' lang='lat' dir='ltr'>super</span> <span class='ocrx_word' id='word_1_155' title='bbox 947 1991 1177 2066; x_wconf 89' lang='lat' dir='ltr'>triginta</span> <span class='ocrx_word' id='word_1_156' title='bbox 1222 1989 1465 2050; x_wconf 88' lang='lat' dir='ltr'>ducibus</span> <span class='ocrx_word' id='word_1_157' title='bbox 1509 1991 1692 2050; x_wconf 89' lang='lat' dir='ltr'>iustos</span> <span class='ocrx_word' id='word_1_158' title='bbox 1739 1989 2056 2069; x_wconf 89' lang='lat' dir='ltr'>triumphos</span> <span class='ocrx_word' id='word_1_159' title='bbox 2099 1999 2157 2049; x_wconf 88' lang='lat' dir='ltr'>et</span> <span class='ocrx_word' id='word_1_160' title='bbox 2201 1989 2302 2051; x_wconf 91' lang='lat' dir='ltr'>ali-</span> 
     </span>
     <span class='ocr_line' id='line_1_22' title="bbox 281 2072 2232 2153; baseline -0.001 -20"><span class='ocrx_word' id='word_1_161' title='bbox 281 2080 499 2153; x_wconf 87' lang='lat' dir='ltr'>quanto</span> <span class='ocrx_word' id='word_1_162' title='bbox 530 2072 795 2152; x_wconf 88' lang='lat' dir='ltr'>pluribus</span> <span class='ocrx_word' id='word_1_163' title='bbox 814 2072 1189 2152; x_wconf 76' lang='lat' dir='ltr'>triumphalia</span> <span class='ocrx_word' id='word_1_164' title='bbox 1219 2083 1557 2136; x_wconf 89' lang='lat' dir='ltr'>ornamenta</span> <span class='ocrx_word' id='word_1_165' title='bbox 1591 2074 1960 2135; x_wconf 87' lang='lat' dir='ltr'>decernenda</span> <span class='ocrx_word' id='word_1_166' title='bbox 1993 2075 2232 2135; x_wconf 87' lang='lat' dir='ltr'>curavit.</span> 
     </span>
     <span class='ocr_line' id='line_1_23' title="bbox 407 2155 2299 2238; baseline 0.002 -23"><span class='ocrx_word' id='word_1_167' title='bbox 407 2155 634 2216; x_wconf 88' lang='lat' dir='ltr'>Liberis</span> <span class='ocrx_word' id='word_1_168' title='bbox 666 2166 1032 2234; x_wconf 89' lang='lat' dir='ltr'>senatorum,</span> <span class='ocrx_word' id='word_1_169' title='bbox 1064 2173 1179 2237; x_wconf 90' lang='lat' dir='ltr'>quo</span> <span class='ocrx_word' id='word_1_170' title='bbox 1206 2159 1457 2219; x_wconf 89' lang='lat' dir='ltr'>celerius</span> <span class='ocrx_word' id='word_1_171' title='bbox 1486 2160 1575 2218; x_wconf 86' lang='lat' dir='ltr'>rei</span> <span class='ocrx_word' id='word_1_172' title='bbox 1605 2177 1663 2238; x_wconf 88' lang='lat' dir='ltr'>p.</span> <span class='ocrx_word' id='word_1_173' title='bbox 1697 2168 2130 2236; x_wconf 87' lang='lat' dir='ltr'>assuescerent,</span> <span class='ocrx_word' id='word_1_174' title='bbox 2165 2175 2299 2238; x_wconf 91' lang='lat' dir='ltr'>pro·</span> 
     </span>
     <span class='ocr_line' id='line_1_24' title="bbox 277 2241 2301 2319; baseline 0 -18"><span class='ocrx_word' id='word_1_175' title='bbox 277 2241 437 2301; x_wconf 91' lang='lat' dir='ltr'>tinus</span> <span class='ocrx_word' id='word_1_176' title='bbox 476 2259 509 2301; x_wconf 93' lang='lat' dir='ltr'>a</span> <span class='ocrx_word' id='word_1_177' title='bbox 559 2241 710 2302; x_wconf 86' lang='lat' dir='ltr'>virili</span> <span class='ocrx_word' id='word_1_178' title='bbox 750 2250 892 2319; x_wconf 89' lang='lat' dir='ltr'>toga</span> <span class='ocrx_word' id='word_1_179' title='bbox 924 2242 1098 2302; x_wconf 90' lang='lat' dir='ltr'>latum</span> <span class='ocrx_word' id='word_1_180' title='bbox 1144 2243 1370 2303; x_wconf 89' lang='lat' dir='ltr'>clavum</span> <span class='ocrx_word' id='word_1_181' title='bbox 1403 2243 1641 2304; x_wconf 89' lang='lat' dir='ltr'>induere</span> <span class='ocrx_word' id='word_1_182' title='bbox 1674 2252 1731 2302; x_wconf 95' lang='lat' dir='ltr'>et</span> <span class='ocrx_word' id='word_1_183' title='bbox 1777 2245 1970 2304; x_wconf 91' lang='lat' dir='ltr'>curiae</span> <span class='ocrx_word' id='word_1_184' title='bbox 2015 2244 2301 2303; x_wconf 88' lang='lat' dir='ltr'>interesse</span> 
     </span>
     <span class='ocr_line' id='line_1_25' title="bbox 279 2321 2299 2405; baseline 0.001 -21"><span class='ocrx_word' id='word_1_185' title='bbox 279 2321 588 2404; x_wconf 87' lang='lat' dir='ltr'>permisit,</span> <span class='ocrx_word' id='word_1_186' title='bbox 646 2325 1018 2404; x_wconf 86' lang='lat' dir='ltr'>militiamque</span> <span class='ocrx_word' id='word_1_187' title='bbox 1069 2326 1505 2405; x_wconf 88' lang='lat' dir='ltr'>auspicantibus</span> <span class='ocrx_word' id='word_1_188' title='bbox 1563 2345 1678 2387; x_wconf 91' lang='lat' dir='ltr'>non</span> <span class='ocrx_word' id='word_1_189' title='bbox 1733 2328 2080 2388; x_wconf 90' lang='lat' dir='ltr'>tribunatum</span> <span class='ocrx_word' id='word_1_190' title='bbox 2126 2327 2299 2387; x_wconf 90' lang='lat' dir='ltr'>modo</span> 
     </span>
     <span class='ocr_line' id='line_1_26' title="bbox 202 2408 2301 2491; baseline 0.003 -26"><span class='ocrx_word' id='word_1_191' title='bbox 202 2425 259 2464; x_wconf 81' lang='lat'>2⁵</span> <span class='ocrx_word' id='word_1_192' title='bbox 279 2410 605 2487; x_wconf 88' lang='lat' dir='ltr'>legionum,</span> <span class='ocrx_word' id='word_1_193' title='bbox 638 2408 745 2469; x_wconf 88' lang='lat' dir='ltr'>sed</span> <span class='ocrx_word' id='word_1_194' title='bbox 775 2418 833 2469; x_wconf 91' lang='lat' dir='ltr'>et</span> <span class='ocrx_word' id='word_1_195' title='bbox 863 2409 1266 2488; x_wconf 80' lang='lat' dir='ltr'>praefecturas</span> <span class='ocrx_word' id='word_1_196' title='bbox 1297 2411 1514 2471; x_wconf 90' lang='lat' dir='ltr'>alarum</span> <span class='ocrx_word' id='word_1_197' title='bbox 1540 2411 1731 2482; x_wconf 88' lang='lat' dir='ltr'>dedit;</span> <span class='ocrx_word' id='word_1_198' title='bbox 1764 2429 1833 2472; x_wconf 91' lang='lat' dir='ltr'>ac</span> <span class='ocrx_word' id='word_1_199' title='bbox 1863 2431 1935 2472; x_wconf 92' lang='lat' dir='ltr'>ne</span> <span class='ocrx_word' id='word_1_200' title='bbox 1962 2413 2057 2490; x_wconf 90' lang='lat' dir='ltr'>qui</span> <span class='ocrx_word' id='word_1_201' title='bbox 2082 2430 2301 2491; x_wconf 84' lang='lat' dir='ltr'>expers</span> 
     </span>
     <span class='ocr_line' id='line_1_27' title="bbox 280 2493 2298 2575; baseline 0 -21"><span class='ocrx_word' id='word_1_202' title='bbox 280 2503 605 2554; x_wconf 87' lang='lat' dir='ltr'>castrorum</span> <span class='ocrx_word' id='word_1_203' title='bbox 635 2502 827 2571; x_wconf 88' lang='lat' dir='ltr'>esset,</span> <span class='ocrx_word' id='word_1_204' title='bbox 860 2493 1029 2555; x_wconf 90' lang='lat' dir='ltr'>binos</span> <span class='ocrx_word' id='word_1_205' title='bbox 1062 2495 1405 2574; x_wconf 89' lang='lat' dir='ltr'>plerumque</span> <span class='ocrx_word' id='word_1_206' title='bbox 1438 2496 1768 2557; x_wconf 87' lang='lat' dir='ltr'>laticlavios</span> <span class='ocrx_word' id='word_1_207' title='bbox 1811 2496 2154 2575; x_wconf 91' lang='lat' dir='ltr'>praeposuit</span> <span class='ocrx_word' id='word_1_208' title='bbox 2187 2496 2298 2555; x_wconf 88' lang='lat' dir='ltr'>sin-</span> 
     </span>
     <span class='ocr_line' id='line_1_28' title="bbox 277 2577 952 2656; baseline 0.001 -19"><span class='ocrx_word' id='word_1_209' title='bbox 277 2578 438 2656; x_wconf 88' lang='lat' dir='ltr'>gulis</span> <span class='ocrx_word' id='word_1_210' title='bbox 476 2577 604 2638; x_wconf 88' lang='lat' dir='ltr'>alis.</span> <span class='ocrx_word' id='word_1_211' title='bbox 942 2617 952 2622; x_wconf 89' lang='lat'>-</span> 
     </span>
     <span class='ocr_line' id='line_1_29' title="bbox 410 2660 2298 2742; baseline 0 -21"><span class='ocrx_word' id='word_1_212' title='bbox 410 2660 683 2741; x_wconf 88' lang='lat' dir='ltr'>Equitum</span> <span class='ocrx_word' id='word_1_213' title='bbox 725 2670 939 2723; x_wconf 89' lang='lat' dir='ltr'>turmas</span> <span class='ocrx_word' id='word_1_214' title='bbox 968 2663 1310 2742; x_wconf 88' lang='lat' dir='ltr'>frequenter</span> <span class='ocrx_word' id='word_1_215' title='bbox 1350 2663 1726 2742; x_wconf 88' lang='lat' dir='ltr'>recognovit,</span> <span class='ocrx_word' id='word_1_216' title='bbox 1766 2671 1900 2741; x_wconf 91' lang='lat' dir='ltr'>post</span> <span class='ocrx_word' id='word_1_217' title='bbox 1942 2662 2179 2739; x_wconf 90' lang='lat' dir='ltr'>longam</span> <span class='ocrx_word' id='word_1_218' title='bbox 2218 2665 2298 2721; x_wconf 92' lang='lat' dir='ltr'>in-</span> 
     </span>
     <span class='ocr_line' id='line_1_30' title="bbox 278 2745 2302 2826; baseline 0 -21"><span class='ocrx_word' id='word_1_219' title='bbox 278 2745 720 2824; x_wconf 90' lang='lat' dir='ltr'>tercapedinem</span> <span class='ocrx_word' id='word_1_220' title='bbox 749 2746 991 2807; x_wconf 87' lang='lat' dir='ltr'>reducto</span> <span class='ocrx_word' id='word_1_221' title='bbox 1027 2765 1191 2807; x_wconf 88' lang='lat' dir='ltr'>more</span> <span class='ocrx_word' id='word_1_222' title='bbox 1234 2748 1631 2808; x_wconf 84' lang='lat' dir='ltr'>travectionis.</span> <span class='ocrx_word' id='word_1_223' title='bbox 1703 2746 1823 2808; x_wconf 90' lang='lat' dir='ltr'>Sed</span> <span class='ocrx_word' id='word_1_224' title='bbox 1853 2764 2044 2826; x_wconf 90' lang='lat' dir='ltr'>neque</span> <span class='ocrx_word' id='word_1_225' title='bbox 2077 2745 2302 2806; x_wconf 86' lang='lat' dir='ltr'>detrahi</span> 
     </span>
     <span class='ocr_line' id='line_1_31' title="bbox 202 2830 2303 2913; baseline 0.001 -24"><span class='ocrx_word' id='word_1_226' title='bbox 202 2847 627 2910; x_wconf 73' lang='lat' dir='ltr'>soquemquam</span> <span class='ocrx_word' id='word_1_227' title='bbox 683 2832 740 2889; x_wconf 92' lang='lat' dir='ltr'>in</span> <span class='ocrx_word' id='word_1_228' title='bbox 800 2830 1158 2892; x_wconf 86' lang='lat' dir='ltr'>travehendo</span> <span class='ocrx_word' id='word_1_229' title='bbox 1199 2831 1268 2892; x_wconf 90' lang='lat' dir='ltr'>ab</span> <span class='ocrx_word' id='word_1_230' title='bbox 1318 2840 1664 2893; x_wconf 88' lang='lat' dir='ltr'>accusatore</span> <span class='ocrx_word' id='word_1_231' title='bbox 1710 2850 1919 2913; x_wconf 88' lang='lat' dir='ltr'>passus</span> <span class='ocrx_word' id='word_1_232' title='bbox 1971 2838 2089 2909; x_wconf 90' lang='lat' dir='ltr'>est,</span> <span class='ocrx_word' id='word_1_233' title='bbox 2146 2830 2303 2910; x_wconf 89' lang='lat' dir='ltr'>quod</span> 
     </span>
     <span class='ocr_line' id='line_1_32' title="bbox 275 2913 2299 2996; baseline 0 -23"><span class='ocrx_word' id='word_1_234' title='bbox 275 2914 411 2973; x_wconf 86' lang='lat' dir='ltr'>fieri</span> <span class='ocrx_word' id='word_1_235' title='bbox 439 2913 689 2992; x_wconf 90' lang='lat' dir='ltr'>solebat,</span> <span class='ocrx_word' id='word_1_236' title='bbox 727 2922 785 2974; x_wconf 92' lang='lat' dir='ltr'>et</span> <span class='ocrx_word' id='word_1_237' title='bbox 811 2917 977 2975; x_wconf 90' lang='lat' dir='ltr'>senio</span> <span class='ocrx_word' id='word_1_238' title='bbox 1001 2916 1099 2975; x_wconf 85' lang='lat' dir='ltr'>vel</span> <span class='ocrx_word' id='word_1_239' title='bbox 1126 2915 1316 2996; x_wconf 88' lang='lat' dir='ltr'>aliqua</span> <span class='ocrx_word' id='word_1_240' title='bbox 1350 2918 1621 2995; x_wconf 82' lang='lat' dir='ltr'>corporis</span> <span class='ocrx_word' id='word_1_241' title='bbox 1651 2916 1783 2978; x_wconf 90' lang='lat' dir='ltr'>labe</span> <span class='ocrx_word' id='word_1_242' title='bbox 1810 2916 2134 2994; x_wconf 86' lang='lat' dir='ltr'>insignibus</span> <span class='ocrx_word' id='word_1_243' title='bbox 2167 2933 2299 2994; x_wconf 88' lang='lat' dir='ltr'>per-</span> 
     </span>
     <span class='ocr_line' id='line_1_33' title="bbox 274 2998 2300 3080; baseline 0.001 -21"><span class='ocrx_word' id='word_1_244' title='bbox 274 2998 462 3075; x_wconf 86' lang='lat' dir='ltr'>misit,</span> <span class='ocrx_word' id='word_1_245' title='bbox 498 3000 821 3077; x_wconf 90' lang='lat' dir='ltr'>praemisso</span> <span class='ocrx_word' id='word_1_246' title='bbox 853 3000 912 3058; x_wconf 88' lang='lat' dir='ltr'>in</span> <span class='ocrx_word' id='word_1_247' title='bbox 945 2999 1146 3059; x_wconf 90' lang='lat' dir='ltr'>ordine</span> <span class='ocrx_word' id='word_1_248' title='bbox 1181 3017 1335 3079; x_wconf 91' lang='lat' dir='ltr'>equo</span> <span class='ocrx_word' id='word_1_249' title='bbox 1355 3047 1372 3078; x_wconf 91' lang='lat'>,</span> <span class='ocrx_word' id='word_1_250' title='bbox 1425 3000 1497 3061; x_wconf 90' lang='lat' dir='ltr'>ad</span> <span class='ocrx_word' id='word_1_251' title='bbox 1528 3001 1997 3080; x_wconf 89' lang='lat' dir='ltr'>respondendum</span> <span class='ocrx_word' id='word_1_252' title='bbox 2029 2998 2300 3080; x_wconf 88' lang='lat' dir='ltr'>quotiens</span> 
     </span>
     <span class='ocr_line' id='line_1_34' title="bbox 278 3082 2302 3164; baseline 0.002 -22"><span class='ocrx_word' id='word_1_253' title='bbox 278 3082 598 3143; x_wconf 87' lang='lat' dir='ltr'>citarentur</span> <span class='ocrx_word' id='word_1_254' title='bbox 631 3083 877 3162; x_wconf 89' lang='lat' dir='ltr'>pedibus</span> <span class='ocrx_word' id='word_1_255' title='bbox 917 3085 1149 3153; x_wconf 86' lang='lat' dir='ltr'>venire;</span> <span class='ocrx_word' id='word_1_256' title='bbox 1194 3101 1335 3144; x_wconf 83' lang='lat' dir='ltr'>mox</span> <span class='ocrx_word' id='word_1_257' title='bbox 1385 3084 1663 3145; x_wconf 91' lang='lat' dir='ltr'>reddendi</span> <span class='ocrx_word' id='word_1_258' title='bbox 1696 3086 1832 3164; x_wconf 85' lang='lat' dir='ltr'>equi</span> <span class='ocrx_word' id='word_1_259' title='bbox 1871 3086 2116 3162; x_wconf 84' lang='lat' dir='ltr'>gratiam</span> <span class='ocrx_word' id='word_1_260' title='bbox 2157 3084 2302 3146; x_wconf 88' lang='lat' dir='ltr'>fecit</span> 
     </span>
     <span class='ocr_line' id='line_1_35' title="bbox 277 3166 2298 3248; baseline 0.003 -23"><span class='ocrx_word' id='word_1_261' title='bbox 277 3167 395 3241; x_wconf 91' lang='lat' dir='ltr'>eis,</span> <span class='ocrx_word' id='word_1_262' title='bbox 446 3166 544 3244; x_wconf 90' lang='lat' dir='ltr'>qui</span> <span class='ocrx_word' id='word_1_263' title='bbox 588 3169 839 3228; x_wconf 89' lang='lat' dir='ltr'>maiores</span> <span class='ocrx_word' id='word_1_264' title='bbox 892 3184 1171 3228; x_wconf 90' lang='lat' dir='ltr'>annorum</span> <span class='ocrx_word' id='word_1_265' title='bbox 1214 3170 1467 3248; x_wconf 86' lang='lat' dir='ltr'>quinque</span> <span class='ocrx_word' id='word_1_266' title='bbox 1516 3178 1575 3228; x_wconf 91' lang='lat' dir='ltr'>et</span> <span class='ocrx_word' id='word_1_267' title='bbox 1604 3171 1837 3247; x_wconf 90' lang='lat' dir='ltr'>triginta</span> <span class='ocrx_word' id='word_1_268' title='bbox 1877 3171 2133 3231; x_wconf 86' lang='lat' dir='ltr'>retinere</span> <span class='ocrx_word' id='word_1_269' title='bbox 2169 3189 2298 3231; x_wconf 89' lang='lat' dir='ltr'>eum</span> 
     </span>
     <span class='ocr_line' id='line_1_36' title="bbox 200 3249 2385 3333; baseline 0.005 -23"><span class='ocrx_word' id='word_1_270' title='bbox 200 3268 256 3310; x_wconf 71' lang='lat' dir='ltr'>as</span> <span class='ocrx_word' id='word_1_271' title='bbox 275 3249 534 3320; x_wconf 88' lang='lat' dir='ltr'>nollent;</span> <span class='ocrx_word' id='word_1_272' title='bbox 593 3251 1034 3331; x_wconf 91' lang='lat' dir='ltr'>impetratisque</span> <span class='ocrx_word' id='word_1_273' title='bbox 1089 3270 1123 3312; x_wconf 92' lang='lat' dir='ltr'>a</span> <span class='ocrx_word' id='word_1_274' title='bbox 1176 3262 1379 3313; x_wconf 90' lang='lat' dir='ltr'>senatu</span> <span class='ocrx_word' id='word_1_275' title='bbox 1431 3254 1635 3314; x_wconf 91' lang='lat' dir='ltr'>decem</span> <span class='ocrx_word' id='word_1_276' title='bbox 1684 3253 2073 3333; x_wconf 90' lang='lat' dir='ltr'>adiutoribus,</span> <span class='ocrx_word' id='word_1_277' title='bbox 2130 3272 2298 3314; x_wconf 89' lang='lat' dir='ltr'>unum</span> <span class='ocrx_word' id='word_1_278' title='bbox 2314 3265 2385 3321; x_wconf 84' lang='lat'>39</span> 
     </span>
     <span class='ocr_line' id='line_1_37' title="bbox 277 3336 2293 3419; baseline 0.001 -27"><span class='ocrx_word' id='word_1_279' title='bbox 277 3351 567 3414; x_wconf 89' lang='lat' dir='ltr'>quemque</span> <span class='ocrx_word' id='word_1_280' title='bbox 599 3337 851 3414; x_wconf 90' lang='lat' dir='ltr'>equitum</span> <span class='ocrx_word' id='word_1_281' title='bbox 881 3336 1166 3397; x_wconf 90' lang='lat' dir='ltr'>rationem</span> <span class='ocrx_word' id='word_1_282' title='bbox 1196 3336 1349 3398; x_wconf 90' lang='lat' dir='ltr'>vitae</span> <span class='ocrx_word' id='word_1_283' title='bbox 1384 3338 1631 3397; x_wconf 90' lang='lat' dir='ltr'>reddere</span> <span class='ocrx_word' id='word_1_284' title='bbox 1664 3340 1864 3416; x_wconf 85' lang='lat' dir='ltr'>coegit</span> <span class='ocrx_word' id='word_1_285' title='bbox 1894 3347 2069 3419; x_wconf 87' lang='lat' dir='ltr'>atque</span> <span class='ocrx_word' id='word_1_286' title='bbox 2103 3356 2178 3398; x_wconf 86' lang='lat' dir='ltr'>ex</span> <span class='ocrx_word' id='word_1_287' title='bbox 2214 3339 2293 3395; x_wconf 92' lang='lat' dir='ltr'>in-</span> 
     </span>
     <span class='ocr_line' id='line_1_38' title="bbox 278 3416 2288 3502; baseline 0.001 -26"><span class='ocrx_word' id='word_1_288' title='bbox 278 3416 543 3497; x_wconf 86' lang='lat' dir='ltr'>probatis</span> <span class='ocrx_word' id='word_1_289' title='bbox 574 3419 723 3480; x_wconf 89' lang='lat' dir='ltr'>alios</span> <span class='ocrx_word' id='word_1_290' title='bbox 756 3437 981 3499; x_wconf 92' lang='lat' dir='ltr'>poena,</span> <span class='ocrx_word' id='word_1_291' title='bbox 1031 3422 1182 3482; x_wconf 88' lang='lat' dir='ltr'>alios</span> <span class='ocrx_word' id='word_1_292' title='bbox 1215 3423 1528 3500; x_wconf 88' lang='lat' dir='ltr'>ignominia</span> <span class='ocrx_word' id='word_1_293' title='bbox 1559 3423 1805 3500; x_wconf 87' lang='lat' dir='ltr'>notavit,</span> <span class='ocrx_word' id='word_1_294' title='bbox 1853 3422 2053 3502; x_wconf 89' lang='lat' dir='ltr'>plures</span> <span class='ocrx_word' id='word_1_295' title='bbox 2096 3421 2288 3481; x_wconf 89' lang='lat' dir='ltr'>admo·</span> 
     </span>
     <span class='ocr_line' id='line_1_39' title="bbox 275 3502 2284 3586; baseline 0 -26"><span class='ocrx_word' id='word_1_296' title='bbox 275 3502 529 3581; x_wconf 81' lang='lat' dir='ltr'>uitione,</span> <span class='ocrx_word' id='word_1_297' title='bbox 566 3503 673 3564; x_wconf 82' lang='lat' dir='ltr'>sed</span> <span class='ocrx_word' id='word_1_298' title='bbox 712 3506 890 3566; x_wconf 86' lang='lat' dir='ltr'>varia.</span> <span class='ocrx_word' id='word_1_299' title='bbox 961 3506 1340 3568; x_wconf 83' lang='lat' dir='ltr'>Leuissimum</span> <span class='ocrx_word' id='word_1_300' title='bbox 1367 3524 1554 3586; x_wconf 90' lang='lat' dir='ltr'>genus</span> <span class='ocrx_word' id='word_1_301' title='bbox 1586 3506 1989 3568; x_wconf 89' lang='lat' dir='ltr'>admonitionis</span> <span class='ocrx_word' id='word_1_302' title='bbox 2031 3505 2134 3565; x_wconf 91' lang='lat' dir='ltr'>fuit</span> <span class='ocrx_word' id='word_1_303' title='bbox 2177 3511 2284 3562; x_wconf 88' lang='lat' dir='ltr'>tra-</span> 
     </span>
    </p>
   </div>
  </div>
 </body>
</html>
