2553 3960
905 240 1322 290 PRAEFATIO.
1793 240 2017 289 LXXIX

205 400 266 455 ab
296 417 337 455 a.
374 404 510 460 1472
555 397 863 471 impressas
910 399 1049 456 Hain
1091 406 1378 456 enumerat
1421 417 1510 456 no.
1542 405 1681 459 6382
1711 418 1835 471 sqq.
1929 402 2011 457 De

207 482 529 539 emendanda
562 483 709 537 hene
745 491 1062 539 meruerunt
1088 485 1364 539 Robertus
1383 479 1785 558 stephanusffi)
1803 502 1851 540 a.
1874 491 2011 544 1529

207 573 256 622 et
278 566 588 623 Fridericus
623 567 1067 638 Lindenbrogius
1104 586 1152 624 a.
1186 574 1352 636 1602,
1401 573 1639 639 uterque
1682 568 1913 624 Parisiis
1956 574 2013 624 et

206 650 450 706 Parisinis
480 649 757 706 subsidiis
790 667 941 706 usus.
1033 651 1101 706 Et
1129 652 1389 723 phu-ima,
1425 651 1534 707 nisi
1573 650 1755 707 omnia
1791 651 2011 721 fallunt,

206 734 369 790 codici
401 734 581 804 Regio
612 738 754 794 7920
781 734 937 790 Sacc.
966 734 1060 792 XI.
1093 736 1426 805 debuerunt,
1457 752 1618 807 quem
1648 751 1758 806 ego
1791 750 2010 806 quoque

203 817 579 873 benevolentia
630 818 879 873 iacobi
922 819 1197 874 Hunzik
1219 836 1292 874 er
1340 819 1774 889 diligentissime
1828 820 1976 874 colla

205 907 301 956 tum
332 901 518 956 habui.
612 901 746 957 Eius
781 901 911 957 libri
939 909 1087 958 tanta
1122 908 1208 957 est
1236 903 1616 974 praestantia,
1661 909 1723 957 ut
1755 903 1846 957 vel
1877 908 2010 974 post

205 986 525 1057 Stephanum
587 992 646 1040 et
697 985 1170 1056 Lindenbrogium
1206 987 1478 1043 bonarum
1520 986 1822 1042 lectionum
1872 985 2007 1041 mihi

203 1085 406 1140 quoqne
454 1068 816 1141 spicilegium
852 1070 1106 1125 relictum
1150 1069 1321 1125 fuerit
1351 1070 1773 1141 haudquaquam
1807 1069 2007 1142 paeni-

202 1154 424 1209 tendum.
487 1152 613 1209 Non
648 1153 784 1207 nulli
816 1154 940 1208 usui
975 1154 1081 1209 fuit
1105 1159 1163 1208 et
1183 1153 1622 1224 Lindenbrogio,
1644 1161 1705 1209 ut
1722 1155 2006 1227 suspicor,

204 1243 253 1292 et
279 1237 402 1292 mihi
435 1239 581 1293 alter
616 1237 802 1293 codex
828 1237 1112 1293 Parisinus
1141 1242 1278 1298 7921
1309 1237 1469 1294 Saec.
1500 1237 1620 1292 XV.
1652 1240 2006 1306 chartaceus,

204 1320 261 1375 ab
293 1321 484 1376 eodem
516 1321 700 1377 amico
728 1319 1102 1386 examinatum
1133 1322 1233 1376 sed
1262 1321 1313 1377 is
1334 1327 1581 1376 veterum
1615 1314 2007 1394 editionumffl)

203 1409 298 1458 tam
336 1404 536 1460 similis
580 1410 696 1472 est,
745 1409 804 1458 ut
849 1405 1190 1460 emendantis
1240 1405 1479 1460 studium
1518 1422 1713 1478 parum
1757 1405 2003 1461 adiuvet.

205 1485 540 1560 Eandemque
582 1486 874 1544 Leidensis
919 1487 1439 1544 codicis'·rationem
1486 1505 1613 1544 esse
1647 1490 1717 1545 ab
1747 1488 2005 1544 Ritsche-

206 1571 269 1627 lio
299 1572 507 1627 certior
539 1571 725 1626 factus
762 1588 911 1636 sum;
957 1588 1080 1627 nam
1113 1573 1184 1628 de
1215 1571 1499 1627 Theodori
1529 1569 2005 1628 Boendermakeri

206 1653 536 1710 Ultraiectini
574 1656 831 1726 exemplo
869 1655 1007 1711 nihil
1043 1657 1113 1711 ad
1145 1655 1532 1711 Terentianam
1561 1654 2005 1710 vitamWester-

205 1737 383 1795 hovius
420 1738 629 1795 attulit.
721 1738 981 1793 Ceterum
1010 1739 1102 1794 hic
1136 1739 1400 1796 brevitati
1435 1755 1503 1794 eo
1555 1738 1735 1809 magis
1775 1738 2005 1795 studere

205 1821 396 1892 licebit,
430 1821 585 1893 quod
610 1828 666 1876 et
690 1823 759 1878 de
789 1839 994 1878 summa
1030 1839 1092 1878 re
1121 1822 1319 1879 critica
1350 1828 1407 1877 et
1435 1824 1505 1879 de
1529 1822 1769 1893 singulis
1798 1819 2006 1895 pleris-

206 1921 298 1976 que
327 1904 619 1978 copiosius
654 1906 894 1977 exposui
931 1906 986 1961 in
1013 1907 1205 1963 Museo
1235 1908 1501 1963 Rhenano
1537 1912 1603 1966 12
1632 1924 1688 1978 p.
1713 1912 1849 1975 174,
1894 1920 2008 1975 quo

205 1991 469 2047 studiosos
502 1992 755 2046 lectores
787 1992 1014 2061 delego.
1084 1991 1397 2047 meminerit
1427 1990 1600 2061 igitur
1636 1989 1730 2061 qui
1760 1992 1869 2047 hoc
1905 2006 2006 2045 ex-

207 2076 420 2146 emplum
452 2090 577 2130 cum
612 2074 897 2145 prioribus
931 2076 1192 2130 conferre
1219 2076 1395 2145 volet,
1423 2091 1689 2146 nusquam
1724 2072 2006 2130 Parisino·

203 2174 308 2213 rum
340 2158 595 2215 codicum
638 2175 704 2214 ac
733 2157 1038 2231 praecipue
1072 2158 1399 2215 vetustioris
1441 2158 1827 2216 auctoritatem
1861 2175 1892 2214 a
1920 2173 2008 2212 me

205 2241 462 2298 desertam
496 2256 630 2298 esse
653 2241 764 2297 nisi
795 2243 1013 2298 lectore
1044 2243 1276 2299 monito.

314 2330 446 2396 292,
481 2332 518 2384 2
546 2327 736 2381 serviit
760 2342 870 2396 ego
903 2342 1009 2398 pro
1041 2327 1210 2382 servit
1238 2327 1332 2382 vel
1365 2329 1585 2383 servivit
1620 2325 1628 2396 Ι
1667 2333 1699 2386 7
1730 2328 1801 2381 sil
1826 2324 2004 2380 Aldus

206 2422 249 2462 a.
273 2414 399 2469 1517
432 2426 544 2483 pro
569 2414 652 2465 est
687 2403 698 2487 Ι
737 2414 769 2470 7
807 2410 886 2465 ad
912 2409 1186 2465 dominum
1213 2410 1525 2465 Romanum
1554 2412 1650 2466 lac
1666 2406 2006 2466 Gronovius.

209 2492 397 2548 adduci
435 2494 678 2549 Romam
712 2493 890 2565 ibique
926 2495 1115 2550 venire
1156 2493 1450 2567 Schopen,
1494 2493 1600 2550 cfr.
1650 2511 1708 2565 p.
1743 2499 1879 2561 265,
1918 2496 2005 2549 20.

210 2573 404 2633 Gellius
434 2585 492 2648 5,
528 2582 616 2647 14,
650 2582 720 2637 26
757 2570 769 2654 Ι
808 2584 872 2639 17
900 2592 1085 2634 vocem
1113 2578 1351 2634 divinam
1381 2578 1629 2632 Muretus
1665 2594 1716 2633 a.
1742 2582 1877 2635 1555
1901 2589 2011 2646 pro
2109 2601 2114 2608 ·

207 2673 371 2715 vocem
402 2662 532 2717 dum
571 2666 626 2716 et
651 2661 745 2718 vel
776 2676 906 2717 voce
935 2662 1116 2717 divina
1156 2654 1165 2740 Ι
1205 2669 1273 2722 18
1299 2662 1524 2717 Philum
1554 2676 1663 2731 ego
1694 2676 1800 2731 pro
1835 2658 2005 2729 firum

209 2742 288 2796 vel
310 2742 526 2815 surium
561 2735 576 2822 1
614 2751 682 2805 19
710 2743 781 2799 ab
810 2744 960 2801 hisce
987 2745 1186 2802 Aldus.
1273 2746 1363 2802 Ad
1394 2747 1645 2802 lacunam
1676 2742 2007 2815 explendam

204 2834 418 2897 propter
459 2825 588 2903 (vel
634 2824 732 2903 ob)
777 2845 993 2885 morum
1042 2831 1396 2901 eleqantiam:
1448 2829 1621 2885 Redis
1675 2826 2008 2895 addiderim,

211 2908 301 2965 cfr.
328 2912 464 2968 llus.
498 2913 672 2968 Rhen.
712 2917 781 2971 12
820 2931 874 2984 p.
908 2918 1013 2975 187
1063 2907 1076 2992 Ι
1119 2920 1189 2974 23
1216 2913 1494 2970 Mortuusl
1526 2909 1851 2986 Stymphale
1893 2925 2008 2981 ego

335 3090 430 3156 65)
480 3093 610 3144 Nam
664 3094 800 3157 quod
822 3101 827 3110 ⁸
851 3094 905 3144 in
955 3094 1132 3145 Museo
1186 3094 1429 3145 Rhenano
1485 3093 1552 3144 12
1598 3109 1649 3160 p.
1701 3092 1804 3143 174
1852 3093 2004 3143 modo

214 3160 483 3224 suspicatus
519 3177 659 3212 eram
684 3163 848 3213 videri
872 3162 1137 3213 Erasmum
1167 3164 1293 3213 nihil
1325 3164 1423 3213 nisi
1457 3161 1702 3228 Stephani
1733 3162 2007 3212 editionem

211 3228 471 3291 repetisse,
514 3231 568 3282 id
600 3238 780 3298 postea
820 3232 891 3282 ita
921 3247 978 3282 se
1006 3232 1192 3284 habere
1228 3233 1460 3298 cognovi.
1537 3229 1824 3298 Stephanus
1870 3230 2005 3280 enim

214 3307 270 3343 ex
314 3300 470 3348 veteri
515 3301 692 3351 codice
729 3300 916 3351 Donati
957 3310 1292 3352 commentum
1341 3301 1511 3351 multis
1551 3301 1675 3350 locis
1717 3300 2004 3364 castigavit,

212 3359 438 3417 Erasmus
468 3370 686 3434 paucula
717 3370 873 3419 modo
905 3378 955 3420 et
991 3386 1054 3419 ex
1083 3370 1293 3436 ingenio
1329 3370 1555 3419 mutavit.

336 3434 427 3498 66)
483 3437 677 3497 Quibus
725 3439 779 3489 in
833 3438 1155 3489 conferendis
1209 3454 1292 3490 me
1350 3439 1649 3489 adiuverunt
1700 3434 2007 3485 amicissime

214 3496 470 3556 Ioannes
494 3506 746 3558 Zi‘indel
776 3507 969 3558 Bernas
996 3515 1045 3557 et
1066 3506 1393 3559 Gustavus
1412 3501 2001 3555 BeckerLubecensis.
