2553 3960
901 270 1317 319 PRAEFATIO.
1812 271 2007 321 xcvn

192 449 336 489 nsum
358 431 624 486 confecta
660 437 718 486 et
748 447 822 486 ex
842 430 1012 487 variis
1036 429 1198 487 libris
1220 430 1367 486 inter
1394 430 1691 502 legendum
1716 438 2001 506 excerpta.

192 515 382 586 Incipit
421 515 653 569 tandem
694 520 828 588 post
862 515 1095 571 mediam
1131 516 1307 570 ferme
1343 522 1556 588 partem
1588 533 1645 588 p.
1677 520 1812 584 314,
1842 521 1876 575 3
1917 516 2004 571 in·

191 606 340 670 teger
374 596 829 656 differentiarum
859 599 1085 654 libellus
1114 598 1314 654 alienis
1352 599 1520 654 rebus
1553 614 1663 654 non
1694 599 2000 669 permixtus

193 689 245 737 et
282 682 595 737 litterarum
649 682 847 739 ordine
890 684 958 738 ab
1007 680 1058 735 A
1104 683 1174 737 ad
1204 683 1255 737 V
1298 676 1672 756 deductusffl).
1764 682 1878 738 Sed
1898 673 2003 739 'vel

193 783 251 822 ea
274 782 436 837 pars,
478 783 590 838 per
638 782 702 822 se
746 766 882 821 satis
914 766 1259 837 aequabilis,
1313 782 1383 821 eo
1414 765 1791 837 suspicionem
1821 772 2006 823 movet

193 850 328 919 quod
357 849 505 905 aliae
556 849 901 922 scriptiones
939 849 1059 905 eius
1089 849 1315 919 generis
1361 850 1674 919 complures
1711 850 2005 905 circumfe-

192 938 409 1001 runtur,
455 933 633 1005 plane
684 932 940 1003 geminae
985 933 1186 1004 huius,
1228 949 1413 1003 neque
1461 938 1641 988 tamen
1676 933 1904 989 Remmii
1949 940 2005 989 et

194 1015 436 1071 Suetonii
483 1018 592 1072 sed
629 1017 722 1072 vel
774 1016 978 1072 Isidori
1018 1016 1110 1072 vel
1156 1016 1363 1072 nullius
1403 1016 1625 1072 nomine
1678 1016 2004 1089 inscriptae.

192 1099 367 1169 Auget
400 1100 795 1171 suspicionem
834 1101 981 1171 quod
1015 1098 1309 1156 Ciceronis
1347 1115 1568 1171 quoque
1599 1105 1655 1155 et
1676 1100 1919 1171 Vergilii
1944 1101 2002 1156 in

195 1184 378 1238 eodem
423 1184 634 1239 codice
680 1182 1034 1239 inveniuntur
1076 1181 1289 1239 similes
1331 1183 1545 1252 libelli,
1599 1200 1826 1254 quorum
1866 1201 2002 1242 sane

194 1265 384 1321 nullam
436 1283 569 1323 esse
620 1282 744 1322 cum
802 1266 916 1322 illis
975 1266 1299 1323 auctoribus
1344 1266 1811 1324 necessitudinem
1858 1267 2004 1323 inter

197 1364 373 1405 omnes
418 1339 761 1422 constatss).
850 1350 1105 1422 Denique
1139 1349 1190 1406 is
1239 1350 1466 1407 libellus
1504 1356 1795 1423 tantopere
1826 1351 2004 1407 desti-

196 1433 354 1487 tuitur
384 1434 537 1490 omni
569 1433 890 1489 eruditione
923 1433 1196 1489 solidiore
1216 1475 1233 1503 ,
1275 1441 1469 1490 contra
1500 1450 1566 1490 ea
1598 1435 1741 1490 adeo
1771 1434 2004 1507 ineptiis

195 1522 378 1588 scatet,
414 1524 476 1571 ut
512 1534 630 1574 non
666 1518 830 1573 modo
862 1517 1117 1574 Suetonii
1148 1518 1248 1573 sed
1285 1534 1355 1572 ne
1388 1517 1613 1573 Romani
1650 1518 1876 1589 quidem
1901 1521 2006 1574 bo-

198 1599 344 1657 minis
377 1618 509 1657 esse
543 1601 750 1673 possit.
824 1602 967 1657 Vide
1004 1602 1169 1681 modp
1202 1617 1345 1672 quae
1377 1618 1432 1673 p.
1463 1605 1586 1668 307,
1621 1607 1654 1661 6
1685 1602 1755 1658 (le
1783 1602 2007 1658 nomine

200 1685 333 1752 quod
365 1691 453 1740 est
481 1685 679 1753 honos,
712 1702 767 1757 p.
803 1690 922 1752 308,
950 1691 1013 1745 11
1046 1685 1116 1740 de
1147 1683 1428 1740 adiectivo
1459 1698 1665 1740 aeneus
1693 1685 1785 1741 vel
1817 1686 2010 1758 potius

202 1778 403 1839 oeneus,
439 1787 500 1841 p.
541 1774 683 1839 309,
717 1773 787 1826 24
815 1769 885 1824 de
916 1768 1295 1824 numeralibus
1327 1768 1433 1824 duo
1476 1774 1532 1824 et
1561 1768 1753 1841 ambo,
1793 1787 1850 1842 p.
1881 1777 2007 1841 310,

203 1856 261 1909 18
287 1857 339 1906 et
365 1858 435 1911 24
466 1854 540 1908 de
577 1851 802 1908 nomine
834 1866 962 1907 cors
1003 1857 1059 1907 st
1101 1852 1172 1907 de
1205 1852 1477 1908 adverbio
1508 1867 1741 1923 rursus,
1789 1871 1842 1926 p.
1880 1859 2008 1923 318,

201 1937 259 1993 27
293 1934 359 1990 dc
399 1938 566 1992 seriis
598 1937 768 1992 rebus
798 1941 1039 2007 nugatur
1067 1935 1316 1992 misellus
1356 1936 1455 1992 ille
1495 1936 1907 2009 grammatius,
1951 1944 2008 1994 et

207 2018 374 2074 statim
406 2021 477 2076 de
517 2019 801 2092 scriptore
836 2019 1132 2076 vetustatis
1158 2020 1412 2090 cogitare
1450 2020 1709 2077 desieris.
1771 2020 1905 2078 Nam
1937 2022 2012 2077 de

150 2122 159 2130 ·
204 2101 444 2159 absurdis
505 2104 910 2160 vocabulorum
970 2103 1284 2173 originibus
1337 2103 1527 2158 dicere
1599 2105 2008 2176 praetermitto,

207 2198 313 2239 cum
344 2186 399 2240 in
428 2189 545 2244 hoc
573 2203 784 2258 genere
815 2188 907 2243 vel
950 2187 1095 2259 apud
1124 2184 1543 2256 antiquissimos
1586 2186 1724 2243 nihil
1767 2189 1888 2246 fere
1919 2188 2008 2244 in·

207 2268 462 2326 credibile
486 2270 581 2327 sit.

317 2352 500 2410 Nihilo
536 2352 712 2409 minus
741 2358 922 2410 tamen
945 2352 1188 2424 vestigia
1219 2353 1487 2424 quaedam
1515 2354 1764 2411 melioris
1794 2353 1995 2411 doctri·

210 2448 304 2489 nae
333 2452 616 2507 agnosco,
661 2453 805 2508 quae
835 2437 987 2493 tenui
1020 2437 1218 2493 saltem
1253 2437 1347 2493 iilo
1379 2437 1675 2494 ostendant
1708 2454 1830 2494 cum
1862 2439 2005 2494 anti-

214 2516 406 2586 quitate
458 2522 699 2576 Romana
757 2523 897 2577 banc
946 2519 1311 2593 scriptionem
1352 2520 1637 2591 coniungi.
1727 2522 1861 2578 Tale
1920 2528 2008 2578 est

212 2598 401 2670 Nigidii
432 2621 488 2675 p.
524 2609 649 2672 318,
679 2609 743 2662 21
778 2605 1068 2659 frustulum
1098 2621 1365 2675 nusquam
1401 2605 1538 2660 alibi
1570 2605 1842 2674 oblatum,
1877 2605 2007 2662 talis

214 2686 503 2743 auctoritas
537 2694 738 2759 p.310‚
768 2693 838 2747 28
867 2688 1032 2744 alluta
1049 2687 1314 2757 Procelli,
1350 2704 1513 2758 quem
1544 2688 1777 2744 eundem
1808 2687 2007 2743 existi-

215 2782 349 2825 mare
385 2769 583 2825 licebit
616 2770 710 2841 qui
742 2772 759 2800 ³
783 2769 1070 2827 Porcellus
1100 2769 1527 2842 grammaticus'
1561 2772 1707 2843 apud
1738 2772 2007 2828 Senecam

215 2851 473 2909 rhetorem
504 2854 559 2908 in
586 2853 831 2910 secunda
859 2853 1124 2910 Suasoris
1155 2873 1212 2927 p.
1229 2860 1317 2925 14,
1344 2860 1411 2915 19
1436 2855 1593 2911 Burs.
1620 2854 1844 2927 dicitur,
1874 2855 2005 2911 talin

222 2948 345 3003 qnae
373 2938 441 2993 de
473 2937 662 2993 lustris
702 2953 757 3010 p.
787 2942 914 3008 315,
945 2944 1013 2998 13
1047 2943 1102 2993 et
1131 2939 1200 2994 de
1229 2938 1499 2994 adverbio
1532 2940 1680 3012 quod
1715 2946 1801 2996 est
1828 2941 2008 2995 simitu

338 3114 429 3178 94)
470 3116 711 3182 Magnum
755 3117 946 3168 hiatum
979 3133 1033 3183 p.
1065 3117 1182 3179 314,
1220 3118 1283 3169 10
1312 3119 1652 3182 significatum
1683 3119 2006 3186 probabiliter

221 3180 448 3245 explebit,
499 3186 584 3248 qui
613 3186 831 3236 duarum
872 3185 1233 3252 scriptionum,
1272 3201 1400 3251 quas
1443 3188 1594 3239 modo
1630 3189 1682 3238 in
1717 3188 2001 3240 subsidium

222 3247 371 3300 critico
397 3254 653 3305 vocandas
683 3255 906 3306 dixImus
919 3293 933 3315 ,
972 3261 1315 3322 competentes
1348 3255 1621 3321 particulas
1654 3257 1997 3320 conquisierit.

343 3318 430 3384 95)
465 3322 628 3372 Video
655 3321 824 3374 ta‘ffien
850 3323 1109 3374 Ciceronis
1145 3337 1448 3389 synonyma,
1477 3325 1697 3389 itemque
1729 3325 1880 3376 Plinii
1908 3325 2000 3378 Se-

223 3386 357 3436 cundi
393 3391 501 3440 sive
530 3391 794 3442 Frontonis
843 3392 1155 3442 differentias
1186 3393 1456 3442 verborum
1497 3401 1546 3442 et
1588 3395 1847 3445 nominum
1879 3395 1996 3445 olim

224 3457 506 3522 pencriptas
541 3458 702 3509 fuisse
739 3461 792 3510 in
826 3470 1052 3512 extremo
1096 3461 1223 3511 libro
1255 3459 1509 3520 Charisii;
1558 3459 1654 3516 cfr.
1694 3465 1760 3513 A.
1795 3463 1895 3512 Mai
1932 3462 1996 3511 ad

226 3519 498 3575 Frontonem
533 3542 584 3592 p.
620 3527 722 3580 416
751 3529 830 3579 ed.
857 3529 1001 3580 Rom.

293 3609 551 3648 turonus.
1676 3617 1714 3665 g
