2553 3960
268 160 390 221 164
474 169 534 219 ο.
565 169 867 219 sumom
898 170 1154 230 TRANQ.
1185 170 1281 218 DE
1312 170 1475 219 VITA
1510 170 1877 220 CAESARUM
1907 171 2045 221 Lm.
2072 172 2141 221 v,

177 332 247 387 32
394 326 672 388 Convivia
703 325 941 401 agitavit
979 333 1038 384 et
1068 324 1255 404 ampla
1287 333 1346 384 et
1375 325 1632 403 assidua,
1672 344 1742 386 ac
1773 327 1900 387 fere
1940 328 2266 405 patentissi-

263 412 370 471 mis
413 410 563 469 locis
602 417 661 468 ut
702 408 1040 488 plerumque
1081 410 1312 468 sesceni
1344 410 1508 468 simul
1542 409 1985 470 discumberent:
2054 410 2263 472 Convi-

264 503 428 557 vatus
458 502 637 552 estet
679 511 857 571 super
899 494 1251 552 emissarium
1294 491 1494 552 Fucini
1534 494 1723 571 lacus,
1771 512 1841 555 ac
1885 513 2072 573 paene
2118 514 2263 555 sum-

263 597 520 655 mersus,
577 595 705 636 cum
751 578 960 637 emissa
1013 578 1230 654 impetu
1278 594 1425 654 aqua
1471 577 1869 636 redundasset.
1937 577 2265 640 Adhibebat

266 665 418 723 omni
454 679 673 722 caenae
707 668 765 719 et
797 660 1020 720 liberos
1050 678 1188 720 suos
1222 679 1348 719 cum
1372 662 1569 739 pueris
1603 661 1930 740 puellisque
1955 662 2261 740 nobilibus,
2288 687 2314 725 5

267 748 360 826 qui
410 763 572 806 more
627 745 813 804 veteri
854 743 925 804 ad
967 744 1151 804 fulcra
1210 744 1496 804 lectorum
1543 745 1816 804 sedentes
1862 757 2262 807 vescerentur.

268 829 594 907 Convivae,
640 830 736 907 qui
776 827 963 908 pridie
996 828 1278 907 scyphum
1311 847 1544 889 aureum
1574 828 1935 907 subripuisse
1973 832 2262 891 existima·

265 916 464 992 batur,
492 922 773 973 revocato
810 913 867 971 in
898 912 1047 972 diem
1077 922 1377 992 posterum
1420 913 1661 973 calicem
1704 914 1938 973 fictilem
1970 916 2260 993 apposuit.

262 999 485 1059 Dicitur
532 998 699 1056 etiam
739 995 1042 1056 meditatus
1091 996 1372 1074 edictum,
1435 1014 1550 1076 quo
1595 998 1821 1056 veniam
1859 997 2023 1059 daret
2072 998 2263 1059 flatum

266 1083 666 1161 crepitumque
697 1080 916 1140 ventris
956 1081 1014 1138 in
1049 1082 1317 1139 convivio
1353 1080 1679 1158 emittendi,
1720 1100 1846 1141 cum
1878 1081 2262 1160 periclitatum
2281 1106 2330 1145 ιο

266 1163 546 1244 quendam
577 1181 718 1242 prae
753 1163 972 1241 pudore
1014 1182 1088 1223 ex
1122 1164 1473 1225 continentia
1506 1167 1889 1244 repperisset.

178 1260 249 1313 33
395 1245 522 1309 Cibi
551 1247 785 1325 vinique
819 1264 1177 1326 quocumque
1210 1257 1266 1307 et
1298 1257 1563 1326 tempore
1595 1258 1653 1309 et
1690 1248 1824 1310 loco
1856 1250 2260 1328 appetentissi-

261 1351 419 1409 muS,
468 1348 840 1409 cognoscens
872 1331 1156 1409 quondam
1183 1331 1240 1390 in
1270 1333 1522 1409 Augusti
1552 1334 1717 1411 fore,
1761 1335 2026 1411 ictusque
2058 1333 2261 1394 nidore

262 1412 514 1497 p'randii,
575 1414 729 1495 quod
781 1416 839 1473 in
887 1415 1389 1494 proximaMartis
1441 1416 1588 1476 aede
1633 1418 1805 1477 Saliis
1856 1416 2259 1497 apparabatur,

263 1501 495 1561 deserto
540 1498 807 1559 tribunali
859 1500 1121 1559 ascendit
1177 1499 1248 1560 ad
1300 1500 1640 1561 sacerdotes
1698 1519 1924 1580 unaque
1972 1500 2258 1561 decubuit.
2281 1514 2328 1553 ¹⁵

262 1583 390 1644 Nec
418 1594 637 1645 temere
668 1601 934 1662 umquam
966 1583 1216 1644 triclinio
1256 1583 1542 1644 abscessit
1577 1585 1684 1644 nisi
1725 1584 2005 1644 distentus
2046 1603 2115 1645 ac
2145 1603 2259 1645 ma-

265 1669 440 1745 denS,
475 1678 532 1728 et
566 1677 625 1727 ut
654 1668 842 1728 statim
883 1669 1089 1748 supino
1136 1685 1204 1728 ac
1253 1687 1362 1747 per
1395 1685 1651 1728 somnum
1696 1669 1870 1729 hianti
1902 1670 2074 1747 pinna
2104 1670 2160 1728 in
2191 1686 2260 1728 os

263 1752 560 1812 inderetur
587 1751 657 1811 ad
687 1751 1116 1813 exonerandum
1145 1752 1518 1811 stomachum.
1553 1754 1748 1813 Somni
1779 1753 2103 1812 brevissimi
2137 1760 2261 1812 erat

266 1838 425 1916 (nam
467 1844 598 1896 ante
639 1835 881 1894 mediam
921 1845 1154 1896 noctem
1198 1836 1537 1915 plerumque
1580 1835 1929 1914 evigilabat)
1970 1846 2031 1896 ut
2067 1845 2258 1896 tamen

263 1919 508 1980 interdiu
542 1936 962 1999 nonnumquam
992 1920 1049 1979 in
1079 1921 1202 1979 iure
1234 1920 1480 1980 dicendo
1515 1920 2003 1999 obdormisceret,
2044 1921 2258 2000 vixque
2276 1937 2327 1979 20

261 2004 332 2064 ab
366 2004 661 2064 advocatis
692 2002 765 2062 de
798 2003 1076 2064 industria
1112 2022 1321 2064 vocem
1362 2005 1703 2082 augentibus
1739 2006 2107 2065 excitaretur.
2170 2004 2258 2065 Li-

259 2087 467 2147 bidinis
526 2088 582 2145 in
634 2086 873 2146 feminas
937 2087 1404 2166 profusissimae,
1468 2108 1683 2149 marum
1738 2090 1968 2151 omnino
2023 2107 2256 2167 expers.

260 2170 467 2230 Aleam
504 2170 923 2230 studiosissime
954 2171 1121 2242 lusit;
1155 2172 1226 2232 de
1265 2175 1427 2233 euius
1464 2182 1587 2233 arte
1623 2173 1825 2233 librum
1861 2191 2091 2253 quoque
2121 2174 2256 2233 emi·

261 2256 360 2325 sit;
406 2252 612 2314 solitus
656 2256 826 2314 etiam
867 2256 922 2313 in
957 2257 1284 2333 gestatione
1325 2257 1559 2335 ludere,
1599 2259 1677 2318 ita
1718 2256 1928 2317 essedo
1970 2257 2257 2336 alveoque

261 2338 542 2418 adaptatis
572 2357 645 2398 ne
676 2339 836 2398 lusus
873 2340 1341 2400 confunderetur.
2275 2365 2327 2404 25

176 2432 246 2487 34
384 2423 632 2483 Saevum
663 2432 721 2483 et
762 2425 1187 2500 sanguinarium
1226 2433 1427 2486 natura
1465 2424 1680 2503 fuisse,
1724 2425 1946 2502 magnis
1988 2423 2254 2497 minimis·

262 2525 373 2586 que
405 2507 673 2586 apparuit
705 2507 899 2567 rebus.
958 2509 1269 2570 Tormenta
1320 2511 1718 2587 quaestionum
1751 2526 2090 2588 poenasque
2124 2526 2255 2586 par·

257 2591 567 2652 ricidarum
597 2592 1076 2671 repraesentabat
1107 2591 1498 2671 exigebatque
1532 2609 1745 2652 coram.
1807 2590 1949 2652 Cum
1984 2599 2254 2670 spectare

257 2677 474 2755 antiqui
509 2677 686 2736 moris
728 2675 1074 2755 supplicium
1104 2675 1301 2736 Tiburi
1346 2679 1750 2754 concupisset,
1796 2685 1855 2736 et
1885 2675 2153 2753 deligatis
2183 2674 2254 2734 ad

258 2758 451 2838 palum
498 2762 688 2818 noxiis
737 2761 997 2820 carnifex
1040 2760 1305 2835 deesset,
1360 2762 1604 2820 accitum
1652 2759 1724 2821 ab
1767 2759 2328 2839 urbefvesperamao

259 2861 442 2922 usque
474 2844 734 2922 opperiri
766 2844 1189 2922 perseveravit.
1222 2844 1599 2924 Quocumque
1621 2843 1967 2921 gladiatorio
1995 2861 2254 2919 munere,

258 2926 353 2986 vel
390 2944 493 2986 suo
527 2927 623 2986 vel
668 2927 891 3006 alieno,
937 2930 1107 2989 etiam
1152 2927 1306 2987 forte
1349 2929 1665 3008 prolapsos
1710 2928 1955 3005 iugulari
1997 2926 2253 3003 iubebat,

257 3012 502 3070 maxime
541 3013 838 3088 retiarios,
891 3021 953 3072 ut
995 3012 1375 3090 expirantium
1421 3013 1606 3072 facies
1647 3012 1891 3072 videret.
1962 3009 2104 3072 Cum
2150 3029 2256 3091 par

262 3091 544 3168 quoddam
575 3099 779 3155 mutuis
822 3095 1032 3155 ictibus
1083 3095 1470 3173 concidisset,
1519 3096 1786 3156 cultellos
1831 3095 1939 3156 sibi
1977 3095 2254 3175 parvulos

263 3191 339 3232 ex
390 3181 634 3252 utroque
675 3180 832 3239 ferro
879 3181 935 3238 in
981 3198 1144 3239 usum
1184 3181 1310 3239 fieri
1353 3181 1476 3239 sine
1517 3197 1675 3238 mora
1719 3181 1901 3240 iussit.
1973 3178 2253 3239 Bestiaris
2274 3191 2327 3235 35

261 3255 705 3336 meridianisque
735 3263 882 3323 adeo
916 3262 1340 3339 delectabatur,
1374 3272 1434 3322 ut
1467 3272 1524 3322 et
1548 3265 1729 3342 prima
1760 3264 1890 3324 luce
1920 3268 1991 3324 ad
2024 3271 2254 3342 specta-

265 3338 452 3398 culum
481 3338 863 3405 descenderet
907 3354 964 3407 et
1005 3347 1274 3425 meridie,
1318 3347 1551 3407 dimisso
1579 3347 1651 3408 ad
1681 3347 1975 3426 prandium
2009 3347 2252 3427 populo,

265 3420 640 3498 persederet,
701 3437 1047 3510 praeterque
1093 3431 1409 3492 destinatos
1451 3433 1621 3492 etiam
1662 3430 1781 3491 levi
1833 3431 2139 3511 subitaque
2180 3429 2256 3490 de
