2553 3960
1098 223 1311 273 NERO.
2083 212 2202 275 185

199 379 454 440 dinarum
489 378 586 462 die
617 379 899 460 pauculas
928 381 1125 441 uncias
1158 379 1459 456 venderet,
1491 377 1808 458 praeclusit
1838 387 2079 440 cunctos
2101 398 2199 441 ne-

198 465 540 541 gotiatores.
626 464 777 539 Quin
824 466 992 525 etiam
1031 466 1179 523 inter
1224 462 1542 522 canendum
1583 461 2037 522 animadversam
2080 482 2197 525 ma·

198 556 424 619 tronam
466 548 524 606 in
571 548 926 626 spectaculis
973 549 1150 608 vetita
1200 564 1457 625 purpura
1512 545 1720 606 cultam
1768 546 2200 607 demonstrasse

205 631 685 710 procuratoribus
731 634 849 692 suis
890 631 1129 707 dicitur,
1187 628 1625 708 detractamque
1677 631 1814 690 ilico
1867 649 1982 690 non
2033 640 2201 691 veste

155 715 374 776 amodo
406 713 513 775 sed
536 725 595 776 et
622 715 794 776 bonis
824 717 999 776 exuit.
1065 714 1223 774 Nulli
1250 713 1546 792 delegavit
1572 714 1827 774 officium
1856 724 2053 777 utnon
2085 714 2200 775 adi-

205 807 397 859 ceret:
434 797 577 860 Scis
614 799 766 880 quid
806 798 956 861 mihi
995 817 1153 877 opus
1193 798 1312 858 sit!
1361 807 1420 859 et
1447 796 1585 859 Hoc
1616 816 1910 878 ayamus’,
1957 800 2204 878 ne‘qm‘s

203 882 532 963 quicquam
559 882 825 945 habeat!
866 883 1083 945 Ultimo
1129 880 1362 960 templis
1397 881 1789 959 compluribus
1831 882 1981 942 dona
2013 882 2201 943 detra·

202 967 283 1027 xit
323 966 747 1047 simulacraque
782 986 858 1028 ex
890 983 1031 1028 auro
1064 965 1159 1030 vel
1194 969 1441 1043 argento
1477 965 1759 1027 fabricata
1802 965 2105 1045 conflavit,
2144 968 2202 1027 in

202 1053 273 1112 iis
298 1051 593 1113 Penatium
623 1053 897 1129 deorum,
937 1070 1086 1130 quae
1111 1068 1250 1110 mox
1281 1048 1463 1111 Galba
1498 1050 1763 1111 restituit.

132 1158 182 1200 ιο
327 1136 641 1209 Parricidia
686 1146 745 1197 et
790 1135 1003 1197 caedes
1040 1154 1074 1197 a
1107 1133 1350 1196 Claudio
1387 1152 1636 1194 exorsus
1673 1143 1791 1205 est;
1842 1137 2003 1196 cuius
2035 1139 2291 1207 necis33

202 1221 311 1281 etsi
351 1237 466 1280 non
510 1230 743 1300 auctor,
790 1229 848 1282 at
894 1222 1167 1281 conscius
1206 1218 1348 1295 fuit,
1395 1237 1589 1299 neque
1642 1218 2099 1299 dissimulanter,
2140 1230 2202 1281 ut

202 1306 297 1382 qui
327 1303 592 1384 boletoS,
622 1307 681 1365 in
714 1322 827 1385 quo
861 1305 974 1365 cibi
1006 1322 1227 1383 genere
1258 1321 1544 1363 venenum
1573 1305 1623 1364 is
1651 1313 1996 1382 acceperat,
2037 1305 2203 1384 quasi

203 1388 443 1447 deorum
478 1389 665 1449 cibum
714 1388 960 1468 posthac
1006 1387 1326 1468 proverbio
1360 1386 1588 1448 Graeco
1625 1387 1973 1448 conlaudare
2005 1390 2077 1448 sit
2108 1406 2200 1467 so-

201 1471 355 1532 litus.
420 1470 595 1539 Certe
639 1473 901 1533 omnibus
944 1491 1137 1532 rerum
1175 1470 1606 1551 verborumque
1657 1471 2020 1531 contumeliis
2051 1490 2200 1534 mor·

133 1576 182 1616 ιε
203 1565 358 1615 tuum
389 1549 705 1637 insectatus
734 1566 854 1634 est,
884 1555 1058 1615 modo
1093 1553 1371 1614 stultitiae
1402 1554 1576 1614 modo
1608 1555 1887 1615 saevitiae
1917 1573 2199 1632 arguens;
2233 1607 2241 1619 ,

200 1659 331 1701 nam
364 1649 422 1700 et
454 1659 507 1700 m
527 1641 738 1700 orari
792 1659 920 1699 eum
961 1638 1185 1698 desisse
1227 1640 1378 1697 inter
1408 1637 1674 1697 homines
1704 1637 1988 1716 producta
2017 1640 2202 1717 prima

202 1723 427 1798 syllaba
475 1723 809 1798 iocabatur,
853 1722 1146 1799 multaque
1191 1720 1428 1781 decreta
1476 1731 1533 1781 et
1575 1722 1908 1799 constituta,
1965 1732 2026 1782 ut
2068 1725 2200 1783 insi·

201 1807 414 1887 pientis
449 1816 622 1885 atque
655 1805 854 1883 deliri,
898 1822 1009 1884 pro
1042 1805 1216 1864 irritis
1254 1803 1480 1875 habuit;
1531 1803 1783 1885 denique
1817 1804 2043 1865 bustum
2078 1807 2205 1866 eius

204 1891 532 1970 consepiri,
568 1892 678 1950 nisi
706 1889 900 1951 humili
930 1888 1165 1968 levique
1196 1889 1478 1966 maceria,
1507 1889 1788 1966 neglexit.

127 2003 188 2043 20
329 1975 714 2037 Britannicum
739 1991 853 2035 non
881 1975 1065 2035 minus
1088 1972 1470 2034 aemulatione
1504 1974 1691 2052 vocis,
1723 1993 1872 2055 quae
1895 1973 1979 2035 illi
2008 1975 2203 2036 iucun-

202 2062 330 2122 dior
361 2061 741 2141 suppetebat,
795 2078 964 2140 quam
1012 2067 1165 2122 metu
1207 2076 1282 2118 ne
1328 2057 1672 2137 quandoque
1715 2058 1869 2138 apud
1913 2058 2202 2120 hominum

200 2145 443 2223 gratiam
468 2154 710 2224 paterna
738 2144 1016 2204 memoria
1046 2142 1448 2221 praevaleret,
1480 2160 1709 2203 veneno
1741 2142 2060 2221 adgressus
2090 2153 2198 2205 est.

204 2229 372 2304 Quod
419 2239 725 2310 acceptum
779 2248 810 2290 a
861 2226 1103 2308 quadam
1145 2226 1432 2304 Lucusta,
1485 2229 1930 2288 venenariorum
1986 2227 2198 2304 indice,

204 2331 330 2372 cum
362 2315 637 2391 opinione
679 2314 895 2374 tardius
923 2310 1197 2388 cederet,
1241 2317 1445 2371 ventre
1473 2311 1646 2371 modo
1681 2310 1995 2373 Britannici
2023 2320 2201 2389 moto,

129 2418 183 2457 25
204 2399 547 2457 accersitam
584 2397 880 2457 mulierem
915 2414 1017 2457 sua
1047 2414 1216 2456 manu
1245 2394 1580 2456 verberavit
1618 2413 1906 2474 arguens,
1951 2414 2061 2475 pro
2099 2414 2201 2456 ve-

202 2495 355 2538 neno
385 2479 696 2540 remedium
727 2480 988 2550 dedisse3
1036 2480 1488 2557 excusantique,
1530 2479 1714 2538 minus
1761 2479 1950 2540 datum
1995 2479 2069 2540 ad
2101 2497 2200 2541 oc·

206 2561 527 2624 cultandam
559 2564 834 2625 facinoris
863 2564 1166 2641 invidiam,
1209 2562 1381 2623 Sanc
1420 2564 1601 2642 inquit
1644 2564 1836 2642 leyem
1864 2562 2093 2626 Iuliam
2133 2564 2202 2625 ti-

200 2648 375 2707 meo!
408 2648 723 2726 coegitque
754 2666 818 2707 se
851 2666 1046 2708 coram
1078 2648 1133 2705 in
1166 2646 1433 2707 cubiculo
1468 2666 1634 2728 quam
1666 2658 1872 2727 posset
1899 2648 2202 2708 velocissi-

202 2749 354 2790 mum
386 2749 457 2791 ac
487 2740 965 2810 praesentaneum
1013 2749 1301 2809 coquere3
1346 2730 1554 2793 deinde
1599 2733 1656 2791 in
1703 2732 1851 2793 aedo
1899 2742 2199 2811 expertus,

131 2834 183 2876 ³0
208 2823 516 2895 postquam
547 2815 596 2875 is
629 2816 879 2895 quinque
910 2815 1086 2877 horas
1133 2817 1449 2895 protraxit,
1502 2817 1704 2877 iterum
1748 2835 1819 2878 ac
1847 2817 2082 2896 saepius
2109 2835 2200 2875 re-

205 2906 435 2959 coctum
466 2899 734 2979 porcello
763 2899 1005 2969 obiecit;
1041 2917 1153 2979 quo
1186 2902 1371 2959 statim
1406 2901 1757 2977 exanimato,
1788 2901 1989 2961 inferri
2016 2900 2074 2958 in
2102 2899 2199 2958 tri-

206 2982 434 3043 clinium
461 2983 701 3062 darique
724 2984 990 3044 caenanti
1013 3000 1210 3042 secum
1234 2982 1564 3046 Britannico
1587 2986 1911 3065 imperavit.
1970 2983 2046 3043 Et
2073 3001 2202 3043 cum

202 3066 303 3127 ille
332 3067 405 3128 ad
437 3069 680 3147 primum
713 3077 944 3145 gustum
976 3067 1363 3145 concidisset,
1409 3068 1681 3128 comitiali
1711 3068 1917 3128 morbo
1951 3085 2027 3126 ex
2060 3084 2199 3130 con·

203 3151 502 3213 suetudine
548 3161 879 3231 correptum
925 3149 1077 3230 apud
1127 3153 1404 3212 convivas
1442 3153 1773 3228 ementitus,
1819 3160 2061 3230 postero
2106 3150 2201 3212 die

129 3237 409 3314 saraptim
451 3239 601 3297 inter
643 3238 924 3297 maximos
967 3236 1181 3296 imbres
1222 3235 1511 3296 tralaticio
1565 3234 1766 3294 extulit
1795 3235 2022 3296 funere.
2092 3236 2200 3296 Lu·

204 3328 400 3379 custae
436 3339 541 3399 pro
571 3330 778 3381 navata
806 3339 992 3400 opera
1022 3320 1414 3400 impunitatem
1447 3316 1801 3398 praediaque
1833 3319 2055 3399 ampla,
2094 3317 2202 3379 sed

201 3410 262 3463 et
286 3400 605 3481 discipulos
636 3404 811 3466 dedit.

325 3485 603 3567 Matrem,
634 3489 790 3550 facta
824 3488 1091 3567 dictaque
1122 3506 1222 3549 sua
1255 3489 1655 3569 exquirentem
1684 3487 1954 3549 acerbius
1976 3493 2033 3544 et
2069 3494 2284 3549 cor-34
