2553 3960
254 872 288 926 6

262 1714 292 1770 7

303 285 383 346 40
471 294 532 341 c.
559 292 860 342 sma'rom
896 291 1151 351 mano.
1181 290 1279 337 DE
1303 288 1473 337 vrrs
1499 289 1871 337 cansarum
1900 290 2038 337 ms.
2066 290 2140 335 11.

302 451 493 527 neris,
533 452 592 509 in
620 446 991 526 deprecanda
1032 447 1311 524 graviore
1350 439 1613 506 adulterii
1654 463 1847 527 poena
1881 453 2118 525 praeter
2156 453 2313 506 aeta·-

301 545 419 596 tem
447 543 617 613 atque
643 529 867 591 natales
895 530 1012 591 hoc
1041 547 1273 610 quoque
1303 530 1564 610 patribus
1609 531 1963 610 conscriptis
2003 529 2315 608 allegaret,

303 638 437 681 esse
469 632 882 699 possessorem
919 632 990 674 ac
1020 615 1183 675 velut
1217 614 1505 675 aedituum
1544 613 1690 691 soli,
1736 614 1891 694 quod
1932 615 2176 694 primum
2214 613 2315 673 Di-

303 721 409 765 vus
447 702 746 779 Augustus
789 717 1038 760 nascens
1095 699 1418 776 attigisset,
1483 707 1833 780 peteretque
1886 698 2089 759 donari
2150 698 2315 778 quasi

304 788 548 871 proprio
589 802 695 845 suo
735 802 806 845 ac
845 782 1129 863 peculiari
1177 782 1328 861 deo,
1379 783 1675 844 decretum
1716 792 1808 843 est
1845 792 1907 842 ut
1946 799 2015 843 ea
2043 801 2181 862 pars
2213 782 2365 843 do-r.

306 891 430 934 mus
485 877 950 931 consecraretur.
1019 866 1512 929 Nutrimentorum
1569 869 1694 927 eius
1750 867 2075 927 ostenditur
2126 866 2317 927 adhuc

303 960 473 1019 locus
511 957 570 1014 in
605 955 762 1015 avito
816 950 1147 1012 suburbano
1189 953 1348 1013 iuxta
1388 952 1647 1013 Velitras
1686 952 2060 1033 permodicus
2100 960 2160 1011 et
2198 949 2315 1010 cel-

305 1044 397 1104 lae
439 1040 753 1120 penuariae
801 1039 1016 1115 instar,
1070 1045 1345 1115 tenetque
1387 1039 1741 1097 vicinitatem
1791 1038 1991 1116 opinio
2036 1045 2320 1116 tamquam

306 1136 367 1186 et
398 1132 564 1184 natus
596 1122 677 1182 ibi
707 1123 800 1181 sit.
855 1121 984 1181 Huc
1014 1123 1260 1181 introire
1302 1122 1412 1181 nisi
1442 1123 1785 1182 necessario
1819 1129 1879 1180 et
1913 1130 2073 1181 caste
2102 1120 2319 1197 religio

308 1218 433 1286 est,
493 1214 783 1285 concepta
841 1207 1117 1288 opinione
1175 1208 1397 1283 veteri,
1471 1207 1634 1285 quasi
1690 1215 1912 1265 temere
1976 1204 2319 1266 adeuntibus
2341 1219 2396 1261 ιο

308 1294 522 1354 horror
567 1290 794 1370 quidam
848 1297 907 1349 et
949 1297 1136 1350 metus
1181 1290 1506 1368 obiciatur,
1565 1290 1671 1350 sed
1700 1298 1759 1350 et
1793 1307 1933 1350 mox
1963 1290 2321 1350 confirmata.

307 1378 454 1439 Nam
493 1392 622 1436 cum
665 1390 986 1454 possessor
1034 1374 1212 1435 villae
1255 1392 1445 1435 novus
1500 1393 1606 1435 seu
1653 1375 1809 1435 forte
1849 1392 1954 1434 seu
2009 1372 2323 1454 temptandi

312 1480 486 1523 causa
521 1460 768 1521 cubitum
805 1476 872 1522 se
902 1476 977 1518 eo
1012 1458 1386 1537 contulisset,
1436 1461 1633 1520 evenit
1671 1467 1734 1517 ut
1775 1467 1913 1539 post
1944 1460 2324 1539 paucissimas

310 1547 502 1608 noctis
530 1544 708 1604 horas
747 1542 1084 1604 exturbatus
1127 1543 1262 1603 inde
1303 1543 1491 1604 subita
1538 1546 1596 1603 vi
1640 1551 1700 1603 et
1741 1546 1964 1604 incerta
2007 1560 2196 1623 paene
2229 1560 2323 1602 se-

312 1630 592 1691 mianimis
625 1646 754 1688 cum
783 1636 964 1688 strato
993 1628 1160 1688 simul
1191 1637 1325 1688 ante
1354 1628 1521 1688 fores
1550 1629 1925 1688 inveniretur.
2328 1646 2383 1688 ιε

438 1714 646 1774 Infanti
689 1729 1019 1789 cognomen
1075 1712 1400 1773 Thurino
1439 1711 1677 1773 inditum
1717 1722 1839 1791 est,
1882 1714 1940 1773 in
1987 1713 2325 1773 memoriam

313 1801 592 1861 maiorum
631 1799 897 1875 originis,
942 1796 1039 1856 vel
1077 1796 1233 1876 quod
1268 1799 1516 1875 regione
1554 1797 1806 1858 Thurina
1835 1816 2047 1857 recens
2079 1814 2153 1857 eo
2184 1806 2326 1857 nato

314 1892 483 1965 pater
540 1880 815 1941 Octavius
862 1880 1142 1941 adversus
1195 1882 1477 1959 fugitivos
1531 1899 1654 1942 rem
1701 1899 1990 1962 prospere
2034 1890 2324 1960 gesserat.

316 1967 628 2030 Thurinum
671 1966 1139 2044 cognominatum
1183 1967 1324 2026 satis
1374 1976 1534 2027 certa
1577 1966 1928 2047 probatione
1971 1965 2327 2042 tradiderim,
2365 1982 2366 1987 ¹

314 2059 520 2113 nactus
556 2050 835 2130 puerilem
878 2050 1300 2127 imagunculam
1335 2053 1460 2111 eius
1496 2070 1726 2112 aeream
1772 2060 2069 2129 veterem,
2114 2052 2405 2112 ferreiszo

319 2146 379 2197 et
408 2152 596 2215 paene
640 2136 752 2194 iam
783 2134 1262 2195 exolescentibus
1304 2134 1514 2196 litteris
1549 2135 1665 2196 hoc
1700 2139 1932 2196 nomine
1966 2138 2328 2216 inscriptam,

321 2237 468 2300 quae
515 2217 671 2278 dono
708 2237 741 2278 a
790 2235 882 2277 me
935 2219 1185 2298 principi
1221 2219 1353 2281 data
1405 2223 1557 2280 inter
1600 2220 1850 2281 cubiculi
1882 2221 2061 2282 Lares
2097 2220 2364 2281 colitur(

320 2303 437 2365 Sed
485 2311 545 2363 et
596 2320 628 2363 a
678 2303 756 2364 Μ.
802 2301 1061 2362 Antonio
1118 2305 1175 2363 in
1223 2305 1494 2384 epistolis
1546 2323 1654 2385 per
1699 2304 2104 2366 contumeliam
2147 2322 2331 2384 saepe

320 2388 605 2449 Thurinus
652 2386 1009 2467 appellatur,
1069 2396 1130 2447 et
1163 2390 1293 2469 ipse
1343 2389 1484 2449 nihil
1530 2388 1776 2469 amplius
1824 2408 1990 2469 quam
2025 2391 2219 2450 mirari
2263 2407 2331 2448 se

318 2471 626 2548 rescribit,
685 2489 794 2550 pro
851 2470 1173 2551 obprobrio
1231 2472 1343 2533 sibi
1387 2475 1549 2553 prius
1601 2492 1814 2534 nomen
1862 2475 2038 2535 obici.
2116 2474 2407 2535 Posteazs

321 2556 446 2619 Gai
500 2554 854 2616 Caesaris
902 2564 961 2615 et
1004 2555 1214 2616 deinde
1262 2557 1583 2635 Augusti
1630 2576 1960 2636 cognomen
1997 2559 2332 2640 assumpsit,

320 2642 563 2702 alterum
595 2648 940 2700 testamento
976 2643 1212 2702 maioris
1249 2641 1552 2720 avunculi,
1598 2642 1841 2703 alterum
1881 2644 2096 2705 Munati
2130 2644 2332 2704 Planci

320 2726 641 2801 sententia,
691 2742 849 2802 cum,
892 2724 1230 2803 quibusdam
1268 2727 1640 2787 censentibus
1687 2728 1993 2788 Romulum
2042 2726 2333 2809 appellari

322 2818 604 2890 oportere
627 2810 790 2888 quasi
815 2817 875 2868 et
905 2811 1093 2888 ipsum
1137 2809 1496 2871 conditorem
1532 2811 1724 2889 urbis,
1767 2812 2228 2893 praevaluisset,
2271 2819 2337 2870 ut

320 2894 619 2973 Augustus
657 2894 852 2973 potius
887 2902 1232 2972 vocaretur,
1270 2912 1389 2954 non
1423 2903 1637 2956 tantum
1672 2914 1830 2957 novo
1867 2897 1973 2957 sed
2018 2900 2187 2958 etiam
2217 2914 2333 2957 am·
2353 2911 2407 2954 so

323 2978 514 3059 pliore
542 2980 923 3054 cognomine,
975 2978 1155 3057 [quod
1190 2979 1327 3039 loca
1358 2997 1592 3059 quoque
1624 2981 1909 3059 religiosa
1936 2990 1995 3042 et
2030 2983 2089 3041 in
2125 2981 2335 3061 quibus

322 3071 605 3139 augurato
631 3061 766 3141 quid
793 3071 1174 3123 consecratur
1196 3073 1442 3141 augusta
1474 3063 1770 3142 dicantur,
1813 3066 1886 3127 ab
1918 3076 2088 3126 auctu
2123 3066 2218 3126 vel
2260 3064 2335 3126 ab

323 3147 510 3205 avium
560 3154 733 3223 gestu
778 3156 1059 3225 gustuve,
1103 3149 1252 3208 sicut
1318 3150 1491 3209 etiam
1542 3148 1763 3209 Ennius
1805 3151 1985 3211 docet
2037 3150 2333 3211 scribens:

429 3232 674 3306 Auyusto
714 3238 948 3308 augurio
976 3241 1274 3308 postquam
1313 3238 1517 3310 inclyta
1561 3239 1779 3295 condita
1817 3239 1998 3296 Roma
2040 3236 2164 3316 esa]

273 3322 310 3377 8
458 3311 800 3388 Quadrimus
855 3323 1079 3395 patrem
1141 3318 1349 3377 amisit.
1416 3317 1832 3379 Duodecimum
1894 3338 2101 3380 annum
2152 3336 2409 3398 agensas

325 3398 510 3458 aviam
545 3396 745 3457 Iuliam
780 3397 1107 3461 defunctam
1143 3420 1254 3481 pro
1300 3403 1576 3463 contione
1610 3402 1882 3464 laudavit.
1941 3404 2333 3480 Quadriennio

326 3489 464 3558 post
501 3480 654 3540 virili
690 3489 832 3559 toga
866 3494 1125 3565 sumpta,
1169 3486 1513 3549 militaribus
1547 3488 1717 3549 donis
1750 3489 2038 3569 triumpho
2064 3489 2336 3552 Caesaris

328 3560 608 3623 Africano
647 3562 890 3626 donatus
925 3576 1050 3646 est,
1098 3588 1421 3650 quanquam
1458 3591 1675 3652 expers
1719 3571 1862 3634 belli
1898 3584 2145 3654 propter
2178 3584 2334 3637 aeta-
