2553 3960
482 209 681 257 LXXII
1150 208 1566 257 PRAEFATIO.

489 365 692 436 aliquis
739 382 804 420 ea
837 380 978 434 quae
1013 382 1068 436 p.
1097 371 1415 427 275—278
1460 368 1528 423 de
1574 367 1722 424 ludis
1756 366 2094 424 Graecorum
2128 367 2285 424 oble-

486 448 884 525 ctamentisque
917 447 1335 519 convivalibus,
1382 456 1492 505 tum
1521 466 1663 520 quae
1690 469 1746 522 p.
1778 457 1881 511 282
1912 452 1983 507 de
2014 452 2292 508 conviciis

486 539 545 587 et
573 530 883 587 maledictis
912 532 1057 602 apud
1089 533 1317 587 eosdem
1348 533 1569 589 usitatis
1599 534 1774 589 relata
1804 541 1951 603 sunt,
1980 551 2163 604 neque
2185 536 2289 590 du-

485 614 604 672 bito
635 614 765 685 quin
796 613 926 668 mihi
963 629 1290 671 assensurus
1340 615 1445 685 sit,
1494 632 1614 671 cum
1654 617 1784 672 illos
1813 617 2039 673 libellos
2072 616 2291 674 Graeco

485 713 742 753 sermone
777 695 1019 768 scriptos
1052 697 1228 753 fuisse
1252 698 1462 754 iudico.
1550 697 1664 754 Nec
1694 716 1794 770 per
1824 716 1886 755 se
1915 700 2292 771 improbabile

486 786 591 850 est,
625 787 858 850 utroque
888 795 1141 835 sermone
1173 780 1472 852 scripsisse
1501 783 1776 837 homiuem
1808 784 1875 838 ab
1910 789 2093 838 aetate
2115 783 2287 838 Fron-

484 862 666 932 tonis,
694 862 990 931 Favorini,
1017 862 1187 919 Marci
1221 862 1486 919 Antonini
1518 865 1663 919 haud
1694 864 1769 921 ita
1798 866 1967 935 longe
1998 871 2288 922 remotum.

604 946 666 1000 ln
706 946 866 1001 libris
895 946 1147 1001 ludorum
1175 947 1286 1002 boc
1316 962 1539 1017 quoque
1570 947 1698 1002 addi
1729 964 1901 1018 posse
1931 947 2173 1003 videtur.
2218 947 2283 1003 Si

484 1035 546 1084 ut
583 1030 947 1084 Romanorum
986 1028 1063 1084 ita
1106 1026 1441 1084 Graecorum
1482 1045 1702 1101 quoque
1744 1030 1904 1086 ludos
1936 1030 2292 1101 Tranquillus

483 1111 673 1168 Latine
716 1110 1010 1182 exposuit,
1057 1128 1155 1166 cur
1182 1126 1292 1166 non
1324 1111 1509 1182 potius
1542 1118 1799 1183 quattuor
1828 1113 2005 1169 libros
2034 1113 2289 1169 ludicrae

485 1193 570 1249 rei
600 1192 934 1250 coniunctim
968 1194 1177 1262 edidit,
1233 1210 1464 1264 quorum
1503 1196 1613 1252 duo
1644 1195 2011 1264 Graecorum,
2053 1195 2288 1254 totidem

482 1278 844 1332 Romanorum
874 1275 1068 1344 ludos,
1114 1282 1170 1330 et
1205 1277 1346 1332 alter
1378 1278 1599 1348 quidem
1638 1278 1885 1349 pueriles
1930 1279 2290 1335 convivales-

482 1375 589 1430 qne
621 1359 800 1428 iocoS,
832 1359 974 1414 alter
1006 1358 1305 1415 certamina
1336 1377 1403 1416 ac
1430 1362 1749 1432 spectacula
1780 1361 1999 1433 publica
2029 1361 2289 1416 contine-

480 1435 610 1498 ret?
653 1441 766 1498 Sed
811 1443 963 1497 clare
1004 1441 1260 1498 traditum
1292 1449 1409 1512 est,
1453 1460 1557 1499 nec
1600 1460 1820 1500 causam
1850 1443 2167 1513 ambigendi
2198 1444 2290 1498 vi-

486 1527 620 1593 deo,
669 1541 778 1580 uno
834 1525 980 1580 libro
1026 1523 1364 1581 Graecorum
1414 1527 1607 1596 iocos,
1650 1527 1864 1583 duobus
1917 1527 2291 1583 Romanorum

481 1609 798 1680 spectacula
818 1613 890 1661 et
919 1609 1220 1664 certamina
1254 1608 1429 1664 fuisse
1466 1609 1758 1680 exposita,
1789 1610 1827 1664 i.
1861 1627 1911 1664 e.
1941 1610 2009 1664 ab
2041 1609 2287 1679 origini-

484 1693 585 1747 bus
616 1692 854 1762 repetita
887 1696 943 1745 et
967 1697 1217 1746 veterum
1255 1691 1590 1764 scriptorum
1621 1692 1955 1748 testimoniis
1985 1692 2284 1747 illustrata.

481 1774 671 1845 Neque
702 1775 871 1829 ullum
894 1773 1120 1845 reperio
1151 1774 1597 1845 spectaculorum
1624 1774 1891 1836 Graeciae
1927 1780 2291 1830 tractatorum

481 1857 797 1926 vestigium.
873 1856 1008 1911 Inde
1040 1857 1300 1927 conficio,
1329 1864 1389 1912 ut
1415 1857 1472 1912 hi
1505 1857 1650 1912 tituli
1679 1874 1787 1914 non
1817 1874 1921 1930 pro
1958 1856 2122 1912 unius
2155 1873 2287 1914 cor-

481 1939 639 2012 poris
666 1938 915 2011 partibus
946 1940 1274 2010 habeantur,
1312 1941 1457 2012 quod
1487 1939 1672 1997 multis
1701 1941 1941 2012 placuit,
1972 1940 2072 1997 sed
2102 1940 2291 2011 probe

483 2024 909 2093 distinguantur.
1000 2022 1248 2078 Alterum
1295 2040 1435 2095 opus
1480 2024 1836 2081 monobiblon
1871 2024 2084 2080 Graece
2142 2023 2294 2078 scri-

481 2113 632 2178 ptum
663 2104 997 2161 Graecorum
1030 2107 1182 2161 lusus
1215 2105 1485 2176 iocosque
1514 2108 1824 2177 tractabat,
1874 2108 2104 2163 alterum
2134 2106 2284 2163 Lati-

482 2206 606 2244 num
630 2189 994 2244 Romanorum
1021 2189 1200 2260 primo
1235 2190 1381 2245 libro
1415 2206 1532 2245 rem
1560 2191 1861 2259 scenicam,
1893 2189 2142 2246 secundo
2173 2189 2293 2243 cir-

484 2288 684 2327 censes
722 2271 1054 2343 explicabat.
1145 2271 1379 2326 Titulum
1409 2290 1463 2343 p.
1498 2276 1622 2341 278,
1652 2278 1722 2332 36
1753 2274 1847 2343 qui
1878 2279 1964 2328 est
1988 2272 2055 2327 in
2087 2270 2293 2327 libro

485 2356 566 2411 de
609 2370 997 2427 puerorum
1039 2354 1328 2410 lusibus
1370 2361 1686 2427 suspectum
1730 2357 1948 2425 habeo,
1992 2370 2096 2409 nec
2145 2354 2294 2409 solis

484 2437 794 2510 puerilibus
820 2437 966 2493 ludis
989 2438 1189 2492 librum
1222 2437 1292 2491 de
1316 2438 1534 2493 duobus
1559 2439 1791 2493 alterum
1818 2439 2089 2509 repletum
2111 2436 2293 2491 fuisse

486 2522 677 2576 credo
768 2518 879 2574 Sed
908 2527 1085 2575 utrum
1119 2519 1321 2575 Servio
1351 2536 1453 2592 pro
1485 2522 1542 2574 in
1572 2520 1706 2575 libro
1739 2522 2091 2576 scribendum
2120 2519 2294 2574 fuerit

481 2606 538 2659 in
572 2604 780 2674 capite,
818 2620 887 2659 an
917 2602 1199 2659 diversum
1241 2585 1465 2658 omnino
1498 2619 1528 2660 a
1568 2604 1953 2675 superioribus
1989 2605 2099 2659 boc
2143 2618 2292 2673 opus

483 2687 815 2757 tertiumque
845 2686 914 2742 de
948 2703 1010 2741 re
1036 2684 1252 2741 ludicra
1283 2685 1634 2756 Tranquillus
1665 2686 1995 2757 scripserit,
2046 2700 2155 2739 non
2186 2686 2298 2746 de.

484 2785 673 2825 cerno.
765 2769 1125 2824 casaubonus
1185 2768 1251 2822 de
1296 2769 1635 2824 Graecorum
1696 2770 1899 2825 lusibus
1955 2768 2288 2839 reponebat.

484 2851 738 2907 Ceterum
769 2868 910 2924 opus
942 2852 1107 2907 multa
1149 2868 1331 2906 rerum
1365 2851 1640 2907 varietate
1676 2853 2036 2924 conspicuum
2067 2851 2289 2906 Tertul-

480 2934 632 2992 liano
677 2942 734 2990 et
762 2934 1015 2990 Diomedi
1058 2935 1222 2990 etiam
1270 2950 1379 2990 non
1421 2934 1767 2991 monentibus
1798 2935 1922 2990 usui
1960 2934 2081 2989 fuit.
2172 2933 2291 2989 Sed

484 3019 768 3087 nonnulla,
799 3024 858 3072 ut
889 3035 954 3073 ea
979 3033 1120 3087 quae
1148 3034 1203 3089 p.
1224 3022 1348 3084 279,
1372 3022 1438 3076 27
1470 3017 1540 3073 de
1572 3019 1863 3089 congiariis·
1893 3035 1923 3073 a
1945 3016 2116 3073 Numa
2145 3032 2289 3085 rege

484 3102 692 3174 populo
727 3101 873 3158 datis
905 3108 961 3156 et
992 3118 1047 3172 p.
1077 3106 1200 3168 280,
1225 3105 1296 3159 28
1326 3101 1395 3156 de
1429 3101 1651 3171 origine
1683 3102 1943 3157 vocabuli
1970 3102 2089 3155 sica
2124 3097 2291 3153 nimis

484 3184 780 3252 nugatorie
814 3184 1122 3253 traduntur,
1161 3183 1303 3238 falso
1337 3184 1404 3239 ad
1439 3184 1764 3239 Suetonium
1793 3190 2075 3240 auctorem
2108 3181 2287 3237 relata

484 3265 746 3321 arbitror.
837 3267 895 3321 In
942 3266 1134 3322 ultimo
1180 3266 1360 3321 frusto
1394 3282 1449 3337 p.
1498 3272 1632 3336 280,
1675 3272 1744 3327 36
1771 3267 2100 3323 vocabulum
2137 3266 2290 3320 viros

488 3347 768 3404 excidisse
800 3349 1047 3414 videtum
1090 3364 1194 3403 nec
1236 3348 1414 3403 minus
1451 3350 1786 3421 epigramma
1819 3349 2058 3419 excidit,
2101 3346 2288 3418 qualia

484 3430 753 3488 Martialis
783 3439 837 3500 8,
865 3438 950 3492 43.
997 3438 1050 3503 9,
1085 3437 1170 3492 78.
1216 3439 1301 3501 10,
1336 3437 1406 3491 43
1436 3432 1583 3486 lusit.
