2553 3960
502 200 1053 249 DEPERm'romm
1094 201 1454 250 mmmmm
1494 201 1892 261 RELIQUIAE.
2077 188 2202 251 295

198 353 360 415 Haec
387 356 697 415 Suetonius
723 354 1105 434 Tranquillus.
1145 353 1359 416 Aelius
1379 354 1668 416 Donatus
1690 355 2003 435 principio
2041 374 2202 417 com·

199 439 491 500 mentm-ii
521 440 584 501 in
621 438 981 500 Terentium.

333 537 623 616 Turpilius
685 538 940 597 comicus
1001 556 1185 598 senex
1246 538 1548 598 admodum
1603 540 1915 600 Sinuessae
1966 541 2206 599 moritur

204 638 263 681 a.
303 630 433 684 651.

105 715 112 721 ’
152 741 178 780 s
324 718 388 780 L.
432 719 648 780 Accius
690 719 1117 797 tragoediarum
1156 720 1409 797 scriptor
1453 721 1641 781 clarus
1694 721 1971 798 habetur,
2040 732 2204 782 natus

202 803 465 864 Mancino
497 813 556 865 et
588 805 840 864 Serrano
874 803 1206 864 consulibus
1249 803 1583 882 parentibus
1614 805 1932 882 libertinis,
1986 815 2043 866 et
2082 807 2208 865 seni

203 888 313 947 iam
354 886 604 948 Pacuvio
646 886 877 948 Tarenti
921 906 1023 947 sua
1068 888 1284 965 scripta
1331 889 1623 957 recitavit3
1680 907 1713 950 a
1759 907 1872 969 quo
1918 898 1976 950 et
2001 888 2205 949 fundus

204 971 493 1032 Accianus
528 972 685 1031 iuxta
716 971 1011 1031 Pisaurum
1039 970 1276 1047 dicitur,
1313 972 1445 1050 quia
1474 972 1612 1033 illuc
1643 991 1719 1034 ex
1754 973 1899 1033 urbe
1930 974 2079 1034 inter
2108 990 2206 1032 co·

205 1054 373 1114 lonos
402 1055 590 1116 fuerat
617 1054 901 1115 deductus
933 1072 992 1115 a.
1038 1063 1170 1117 616.

135 1160 183 1201 ιο
327 1151 579 1213 Lucilius
611 1162 787 1231 poeta
816 1154 1071 1214 nascitur
1101 1169 1161 1212 a.
1215 1159 1353 1213 606.
1387 1160 1519 1213 607.
1565 1199 1578 1213 .
1615 1198 1629 1212 .
1664 1198 1678 1212 .
1721 1152 1784 1214 G.
1816 1154 2068 1215 Lucilius
2115 1173 2204 1215 sa-

202 1238 432 1297 tirarum
472 1239 725 1316 scriptor
767 1236 1018 1316 Neapoli
1060 1237 1300 1296 moritur
1341 1254 1410 1297 ac
1453 1235 1686 1315 publico
1733 1238 1935 1298 funere
1969 1238 2208 1299 effertur

205 1337 351 1379 anno
390 1322 593 1381 aetatis
632 1321 1073 1399 quadragesimo
1105 1329 1275 1380 sexto
1311 1337 1370 1381 a.
1407 1328 1540 1390 651.
1575 1329 1710 1382 652.

333 1417 398 1477 T.
439 1417 699 1491 Quintius
741 1418 873 1479 Atta
919 1421 1170 1498 scriptor
1216 1426 1537 1496 togatarum
1583 1419 1804 1480 Romae
1849 1422 2086 1480 moritur
2114 1439 2207 1479 se-

206 1503 514 1581 pultusque
545 1501 636 1560 via
666 1500 1041 1561 Praenestina
1068 1500 1139 1560 ad
1169 1501 1465 1561 miliarium
1498 1503 1810 1563 secundum
1843 1520 1901 1563 a.
1944 1511 2080 1565 676.

135 1602 185 1644 ¹⁵
332 1600 393 1660 L.
441 1599 790 1678 Pomponius
832 1599 1212 1661 Bononiensis
1264 1599 1660 1662 Atellanarum
1716 1602 1969 1680 scriptor
2017 1601 2208 1663 clarus

204 1684 449 1744 babetur
480 1701 540 1744 a.
585 1691 727 1745 664.

327 1766 401 1826 Μ.
463 1766 767 1827 Terentius
828 1765 1015 1827 Varro
1075 1766 1461 1847 philosophus
1524 1776 1584 1829 et
1646 1778 1822 1847 poeta
1854 1770 2105 1830 nascitur
2146 1787 2208 1830 a.

209 1858 325 1914 638
351 1894 364 1909 .
396 1895 408 1909 .
439 1894 454 1909 .
486 1850 561 1911 Μ.
595 1850 900 1911 Terentius
930 1851 1117 1911 Varro
1151 1850 1538 1930 philosophus
1577 1870 1764 1933 prope
1787 1854 2212 1931 nonagenarius

208 1935 450 1996 moritur
481 1951 540 1995 a.
581 1941 916 1997 726-730,

131 2042 188 2082 20
336 2016 615 2079 Laberius
651 2017 948 2078 mimorum
980 2021 1232 2098 scriptor
1275 2020 1502 2081 decimo
1531 2038 1730 2081 mense
1772 2030 1908 2101 post
1956 2019 2023 2082 C.
2064 2019 2210 2083 Cae-

209 2120 398 2164 sarem
432 2102 691 2162 Puteolis
724 2104 965 2165 moritur
996 2121 1054 2164 a.
1094 2111 1220 2164 711.

333 2186 564 2247 Publius
613 2187 1044 2267 mimographus
1086 2188 1317 2248 natione
1363 2188 1544 2263 Syrus
1597 2186 1817 2250 Romae
1860 2207 2095 2251 scenam
2124 2199 2210 2251 te-

204 2281 304 2331 net
332 2287 391 2330 a.
431 2277 555 2331 711.

338 2352 412 2413 Μ.
457 2351 664 2413 Furius
733 2363 910 2433 poeta
965 2364 1353 2433 cognomento
1396 2354 1704 2431 Bibaculus
1749 2352 2071 2417 Cremonae
2114 2374 2212 2416 na·

130 2455 187 2496 25
212 2439 390 2497 scitur
428 2453 488 2501 a.
535 2445 874 2499 653-655,

334 2519 399 2579 T.
429 2519 730 2581 Lucretius
764 2530 939 2599 poeta
968 2523 1243 2599 nascitur,
1302 2524 1396 2602 qui
1440 2530 1648 2601 postea
1685 2523 1963 2582 amatorio
1996 2522 2210 2603 poculo

207 2607 266 2665 in
307 2604 561 2664 furorem
605 2623 845 2681 versus,
895 2623 1020 2664 cum
1064 2605 1284 2684 aliquot
1324 2605 1507 2667 libros
1562 2622 1672 2684 per
1717 2606 2019 2667 intervalla
2062 2609 2211 2667 insa·

207 2689 341 2749 niae
374 2689 857 2765 conscripsisset,
900 2706 1047 2768 quos
1074 2699 1280 2766 postea
1313 2688 1524 2750 Cicero
1559 2688 1916 2766 emendavit,
1976 2691 2213 2770 propria

211 2790 279 2833 se
311 2789 478 2831 manu
514 2771 804 2831 interfecit
834 2789 982 2832 anno
1014 2773 1219 2832 aetatis
1253 2774 1696 2852 quadragesimo
1730 2783 1931 2852 quarto
1968 2791 2028 2834 a.
2071 2783 2208 2836 656.

131 2875 187 2916 ³0
342 2852 683 2916 Cornificius
742 2865 915 2933 poeta
976 2874 1009 2917 a
1071 2856 1345 2917 militibus
1408 2858 1675 2918 desertus
1736 2858 1983 2934 interiit,
2064 2874 2214 2937 quos

207 2957 390 3017 saepe
438 2938 726 3017 fugientes
771 2939 1038 3017 galeatos
1083 2939 1322 3019 lepores
1378 2941 1720 3019 appellarat.
1810 2939 1988 3000 Huius
2040 2959 2213 3002 soror

208 3021 554 3100 Cornificia‚
588 3023 747 3083 cuius
779 3024 1022 3101 insignia
1056 3033 1250 3085 extant
1289 3026 1700 3103 epigrammata
1743 3042 1802 3085 a.
1843 3032 1971 3086 713.
2011 3033 2143 3087 714.

331 3106 409 3166 Μ.
445 3105 655 3166 Bavius
696 3117 905 3185 poeta,
948 3126 1119 3188 quem
1163 3108 1442 3186 Virgilius
1474 3110 1529 3167 in
1569 3107 1859 3168 Bucolicis
1905 3119 2098 3187 notat,
2153 3112 2210 3170 in

202 3189 588 3271 Cappadocia
617 3193 855 3251 moritur
887 3208 946 3252 a.
988 3199 1312 3253 719—721.

134 3297 189 3336 ss
334 3274 396 3334 P.
440 3272 746 3335 Terentius
787 3273 975 3335 Varro
1014 3276 1145 3335 vico
1188 3275 1376 3336 Atace
1417 3275 1473 3335 in
1506 3277 1804 3355 provincia
1845 3257 2209 3339 Narbonensi

211 3358 501 3432 nascitur,
559 3360 655 3437 qui
712 3367 917 3437 postea
962 3377 1165 3421 annum
1222 3361 1472 3439 quintum
1522 3369 1581 3420 et
1633 3361 1982 3422 tricesimum
2028 3378 2211 3437 agens

210 3439 463 3503 Graecas
493 3439 717 3502 litteras
755 3461 971 3503 summo
1005 3443 1194 3503 studio
1228 3443 1426 3503 didicit
1459 3460 1519 3504 α.
1554 3451 1690 3505 672.
