2553 3960
256 1900 326 1962 23

330 227 451 288 266
834 236 895 284 c,
922 236 1306 285 sumemus
1341 237 1831 297 TRANQmLLus

330 391 749 470 inscribuntur,
811 408 1166 471 componere
1199 392 1471 471 instituit,
1512 391 1883 472 absolvitque
1921 393 1966 454 C
2003 402 2063 455 et
2101 392 2176 472 L,
2231 396 2365 474 qui·-

335 479 441 537 bus
475 484 535 536 et
580 476 727 536 alios
769 473 986 534 diversi
1033 478 1235 553 operis
1266 483 1469 555 postea
1513 475 1744 536 addidit.
1820 477 1988 538 Fecit
2032 486 2090 537 et
2138 495 2364 538 novum

334 579 519 639 genus
543 568 866 635 togatarum
890 560 1300 638 inscripsitque
1331 568 1396 618 tr
1413 577 1444 618 a
1461 558 1496 618 b
1511 578 1545 618 e
1559 579 1590 620 a
1607 569 1673 621 ta
1688 580 1735 619 s.

250 648 318 701 22
461 643 537 705 M.
570 642 921 722 Pomponius
961 642 1309 719 Marcellus,
1355 646 1637 703 sermonis
1670 644 1850 704 Latini
1894 653 2138 705 exactor
2166 644 2358 705 mole-

336 729 649 805 stissimus,
696 728 753 785 in
803 726 1183 787 advocatione
1227 725 1470 805 quadam
1510 728 1670 807 (nam
1710 725 1994 787 interdum
2037 737 2093 788 et
2144 744 2405 789 causass

337 811 581 890 agebat)
627 810 1035 871 soloecismum
1084 810 1155 870 ab
1200 810 1538 871 adversario
1580 812 1789 871 factum
1841 829 2027 889 usque
2069 810 2216 871 adeo
2258 829 2354 870 ar-

337 913 519 974 guere
575 896 1011 974 perseveravit,
1068 895 1257 973 quoad
1309 893 1546 956 Cassius
1606 896 1900 970 Severus,
1959 892 2355 973 interpellatis

337 978 649 1055 iudicibus,
694 977 1023 1039 dilationem
1055 981 1251 1057 petiit,
1299 988 1358 1039 ut
1401 978 1656 1055 litigator
1697 996 1832 1039 suus
1864 979 2031 1039 alium
2066 996 2355 1056 gramma-

337 1066 511 1123 ticum
553 1061 884 1129 adbiberet;
932 1062 1180 1142 quando
1213 1080 1336 1124 non
1376 1067 1561 1141 putat
1594 1063 1650 1122 is
1682 1080 1816 1124 cum
1857 1063 2229 1124 adversario
2272 1061 2361 1122 de

336 1147 473 1208 iure
501 1145 656 1220 sibi,
688 1146 804 1205 sed
830 1145 908 1205 de
936 1146 1300 1207 soloecismo
1331 1148 1818 1208 controversiam
1854 1146 2153 1226 futuram.
2237 1145 2360 1206 Hic
2381 1165 2435 1208 ιο

337 1229 523 1305 idern,
577 1247 703 1289 cum
746 1247 821 1288 ex
850 1232 1111 1290 oratione
1141 1230 1432 1290 Tiberium
1473 1230 1978 1308 reprehendisset,
2029 1231 2359 1291 affirmante

338 1314 514 1373 Ateio
556 1311 873 1391 Capitone,
927 1322 983 1372 et
1015 1331 1149 1372 esse
1183 1313 1324 1373 illud
1362 1313 1654 1391 Latinum,
1705 1324 1762 1375 et
1798 1317 1846 1374 si
1889 1333 2003 1376 non
2043 1323 2231 1390 esset,
2261 1313 2357 1373 fu-

341 1407 522 1458 turum
547 1406 707 1456 certe
732 1398 840 1457 iam
862 1396 1025 1457 inde:
1058 1396 1351 1458 Mentitur
1373 1398 1554 1476 inquit
1578 1396 1802 1477 Capito
1820 1424 1851 1470 ,·
1873 1403 1938 1459 tu
1972 1398 2147 1475 enim,
2184 1396 2354 1458 Gae-

338 1498 484 1556 sar,
541 1480 849 1541 civitatem
888 1480 1044 1542 dare
1077 1487 1263 1559 potes
1315 1480 1690 1559 hominibus,
1736 1482 1931 1544 verbo
1983 1499 2108 1543 non
2141 1488 2352 1561 potes.

339 1564 599 1642 Pugilem
631 1565 766 1624 olim
796 1566 1009 1642 fuisse,
1042 1566 1279 1626 Asinius
1309 1564 1509 1625 Gallus
1537 1565 1650 1626 hoc
1681 1567 1735 1625 in
1765 1584 1893 1627 eum
1931 1567 2352 1645 epigrammate
2378 1588 2427 1628 ιε

343 1647 623 1709 ostendit:

594 1735 703 1803 Qui
732 1742 946 1807 caput
972 1737 1299 1794 adlevam
1330 1738 1538 1807 didicit,
1570 1739 1894 1810 9lossemata
1918 1739 2071 1797 nobis

727 1820 1034 1891 Praecipit.-
1063 1836 1125 1876 os
1153 1823 1384 1892 nullum,
1417 1824 1502 1877 vel
1516 1824 1702 1893 potius
1722 1825 1961 1895 puqilts!

463 1901 536 1975 Q.
560 1900 850 1961 Remmius
875 1899 1215 1979 Palaemon,
1241 1902 1545 1961 vicetinus
1567 1948 1582 1979 ,
1614 1901 1867 1961 mulieris
1888 1920 2068 1962 verna
2085 1947 2102 1978 ,
2143 1903 2353 1980 primo,

343 1995 400 2045 ut
430 1986 653 2060 ferunt,
699 1986 1037 2060 textrinum,
1075 1984 1280 2045 deinde
1311 1986 1555 2046 herilem
1587 1986 1761 2046 filium
1797 1986 1926 2047 dum
1962 1987 2264 2046 comitatur
2297 1988 2356 2045 in
2373 2005 2427 2047 ιο

341 2068 633 2144 scholam,
679 2067 900 2127 litteras
948 2067 1160 2130 didicit.
1231 2069 1444 2130 Postea
1484 2071 1863 2131 manumissus
1909 2070 2103 2131 docuit
2129 2070 2355 2130 Romae

344 2171 413 2213 ac
445 2152 764 2230 principem
792 2150 985 2212 locum
1012 2154 1160 2213 inter
1191 2156 1599 2230 grammaticos
1646 2156 1855 2231 tenuit,
1904 2171 2226 2234 quanquam
2269 2154 2355 2212 in·

342 2235 508 2295 famis
554 2234 813 2295 omnibus
857 2236 1039 2313 vitiis,
1096 2237 1398 2316 palamque
1448 2246 1506 2297 et
1543 2236 1778 2298 Tiberio
1827 2247 1886 2298 et
1929 2255 2065 2298 mox
2111 2234 2358 2298 Claudio

344 2318 840 2397 praedicantibus,
894 2318 1123 2380 nemini
1159 2321 1362 2381 minus
1399 2321 1837 2382 institutionem
1869 2338 2208 2400 puerorum
2255 2320 2362 2381 vel

341 2404 623 2464 iuvenum
652 2402 1156 2464 committendam.
1216 2404 1334 2464 Sed
1368 2405 1639 2484 capiebat
1670 2405 1936 2466 homines
1977 2424 2103 2466 cum
2137 2422 2355 2464 memo·
2375 2423 2430 2464 zs

342 2489 426 2547 ria
460 2504 680 2564 rerum,
725 2496 840 2547 tum
873 2487 1150 2548 facilitate
1191 2489 1511 2559 sermonis;
1554 2507 1666 2549 uec
1712 2507 1827 2550 non
1871 2492 2040 2550 etiam
2087 2497 2357 2568 poemata

344 2570 599 2632 faciebat
648 2590 723 2631 ex
763 2580 1048 2650 tempore.
1116 2572 1367 2650 Scripsit
1412 2589 1556 2633 vero
1596 2574 1811 2650 variis,
1854 2591 1966 2633 nec
2012 2571 2359 2650 vulgaribus

348 2657 564 2715 metris.
634 2656 985 2732 Arrogantia
1033 2655 1138 2716 fuit
1169 2664 1357 2733 tanta,
1398 2665 1459 2715 ut
1486 2656 1563 2717 Μ.
1598 2658 1922 2717 Varronem
1962 2673 2218 2735 porcam
2252 2673 2356 2734 ap·

351 2739 627 2820 pellaret;
659 2756 863 2799 secum
893 2744 953 2799 et
978 2744 1165 2800 natas
1203 2746 1260 2799 et
1287 2739 1626 2801 morituras
1661 2740 1906 2801 litteras
1935 2742 2204 2809 iactaret3
2240 2757 2354 2800 no·

342 2841 475 2885 men
497 2840 672 2883 sicum
690 2822 753 2882 in
775 2821 1088 2883 Bucolicis
1108 2841 1233 2884 non
1252 2829 1475 2884 temere
1487 2825 1779 2903 positum,
1804 2823 1919 2884 sed
1928 2829 2431 2903 praesaqanteso

351 2907 640 2986 Viryilio,
678 2904 823 2984 fore
852 2906 1222 2987 quandoque
1250 2908 1516 2969 omnium
1534 2913 1865 2987 poetarum
1901 2925 1980 2969 ac
2004 2914 2360 2986 poematum

340 2992 771 3053 Palaemonem
794 2990 1074 3052 iadicem.
1129 2991 1496 3052 Gloriabatur
1518 2994 1714 3069 etiam,
1739 2992 2020 3053 latrones
2043 2990 2360 3072 quondam

341 3075 466 3136 sibi
498 3081 762 3154 propter
802 3074 1067 3136 nominis
1114 3074 1530 3136 celebritatem
1554 3076 1862 3154 parsisse.
1943 3076 2226 3136 Luxuriae
2272 3074 2357 3136 ita

340 3157 606 3236 indulsit,
650 3168 710 3218 ut
740 3160 973 3238 saepius
1003 3161 1058 3219 in
1094 3156 1194 3220 die
1227 3160 1483 3236 lavaret,
1523 3178 1636 3219 nec
1664 3159 1964 3220 sufficeret
2010 3158 2353 3240 sumptibus,

345 3259 666 3321 quanquam
719 3262 795 3303 ex
837 3242 1040 3303 schola
1087 3243 1477 3322 quadringena
1534 3261 1717 3303 annua
1776 3253 2054 3322 caperet,
2110 3262 2179 3304 ac
2238 3260 2433 3303 nonas

343 3323 521 3384 multo
553 3327 734 3385 minus
763 3345 837 3387 ex
880 3345 944 3386 re
979 3328 1241 3388 familiari
1253 3349 1268 3396 3
1318 3328 1480 3387 cuius
1525 3326 1998 3405 diligentissimus
2032 3336 2183 3404 erat,
2232 3344 2357 3386 cum

347 3415 405 3465 et
438 3406 704 3466 officinas
748 3411 1188 3486 prome-realium
1219 3413 1462 3473 vestium
1498 3421 1845 3489 exerceret,
1890 3421 1949 3471 et
1991 3428 2169 3488 agros
2207 3409 2356 3470 adeo

349 3486 605 3562 coleret,
659 3498 719 3548 ut
765 3492 931 3551 vitem
986 3513 1151 3554 manu
1197 3498 1324 3555 eius
1375 3496 1600 3557 insitam
1646 3496 1785 3555 satis
1831 3504 2061 3555 constet
2105 3491 2355 3554 CCCLX
