2553 3960
983 266 1402 316 PRAEFATIO.
1967 272 2091 319 Lxx

251 433 324 488 14
354 424 648 483 Scribonia
680 427 887 481 uxoris
913 426 1035 496 filia
1052 449 1069 490 ,·
1096 432 1292 498 p.266,
1325 431 1391 486 14
1420 427 1829 499 auctoritatem,
1865 434 1932 490 37
1959 430 2088 485 inde

247 511 476 567 conium
506 511 602 566 vel
633 510 766 565 inde
792 511 1078 573 carnium3
1116 527 1169 582 p.
1190 515 1317 580 268,
1355 517 1425 571 10
1451 513 1778 583 intemplo.

386 594 504 650 Sed
534 599 765 667 praeter
802 610 871 650 ea
917 592 1088 663 vitia,
1138 594 1499 667 corruptione
1541 601 1602 650 ut
1651 596 1710 650 flt
1750 595 1917 653 latius
1963 612 2086 653 ser-

247 684 462 752 pente,
501 677 635 733 libri
669 676 1002 734 Harleianus
1032 683 1088 732 et
1117 677 1400 734 Parisinus
1439 695 1560 754 cuni
1604 673 1944 737 editionibus
1973 681 2087 737 Ve-

252 769 389 817 neta
430 768 486 817 et
534 761 657 816 fere
707 762 928 817 Incerta
969 761 1112 816 haee
1150 762 1359 817 babent
1392 762 1728 819 eommunia:
1779 762 2088 819 omiserunt

248 863 312 919 p.
348 851 493 915 259,
522 850 593 903 20
623 850 859 912 remoto,
888 860 949 916 p.
981 849 1119 913 261,
1148 849 1219 903 24
1247 852 1361 906 esi,-
1401 845 1735 902 addiderunt
1762 863 1819 918 p.
1850 852 1988 918 268,
2016 854 2082 907 31

249 936 314 984 et
341 934 471 999 269,
501 934 567 987 21
600 934 683 991 εἰ,-
712 933 979 999 corrupte
1009 927 1360 999 seripserunt
1389 946 1446 1002 p.
1478 935 1603 1000 260,
1635 934 1706 990 23
1732 945 1845 984 non
1873 931 2082 1001 impen-

246 1015 407 1074 siun
453 1030 509 1085 p.
541 1017 640 1072 261
667 1053 685 1078 ,
715 1018 754 1072 8
789 1012 941 1067 omni
973 1026 1258 1074 sermon&
1299 1029 1354 1085 p.
1388 1018 1525 1083 262,
1558 1018 1625 1072 12
1656 1019 1779 1070 noto
1808 1015 1979 1069 celeri
2001 1019 2085 1081 et,-

250 1115 313 1170 p.
347 1090 477 1165 267,
509 1102 570 1155 11
614 1097 869 1168 quamvis
892 1109 987 1158 se,-
1028 1113 1084 1168 p.
1121 1100 1246 1165 268,
1278 1101 1346 1154 21
1378 1097 1759 1160 ostendamu33
1792 1115 1847 1170 p.
1875 1103 2085 1170 270,10

246 1180 632 1251 subitamque.
723 1180 859 1235 Tum
902 1179 1089 1235 multis
1138 1179 1285 1236 locis
1329 1186 1437 1237 tam
1475 1181 1858 1238 Berolinensis
1901 1182 2084 1239 codex

253 1270 317 1320 et
347 1264 566 1320 Veneta
599 1257 885 1337 editio⁸⁹),
921 1279 1083 1334 quam
1112 1262 1444 1320 Harleianus
1474 1270 1530 1319 et
1559 1265 1843 1322 Parisinus
1878 1267 2082 1335 eodex,

253 1348 354 1420 qni
398 1353 631 1420 propter
672 1346 1092 1402 similitudinem
1131 1362 1236 1419 pro
1286 1364 1398 1404 uno
1443 1348 1638 1405 haberi
1681 1357 1948 1420 possunt,
1988 1349 2080 1405 vel

251 1447 368 1488 una
400 1447 523 1487 enm
567 1429 909 1506 editionibus
939 1431 1152 1487 Veneta
1182 1437 1240 1486 et
1267 1430 1484 1488 Incerta
1497 1425 1567 1507 ⁴⁰)
1598 1434 1689 1489 vel
1728 1433 1836 1489 soli
1852 1427 1920 1505 ⁴¹)
1950 1450 2082 1504 gra-

251 1514 526 1572 vissimos
557 1530 784 1571 errores
816 1513 1169 1569 admiserunt.

390 1599 544 1655 Satis
582 1599 1013 1654 demonstratum
1048 1613 1175 1653 esse
1205 1598 1450 1669 videtur,
1490 1598 1550 1655 id
1582 1600 1731 1670 quod
1757 1600 1963 1654 docere
1995 1598 2081 1653 in-
2098 1611 2396 1655 neuun-me-

252 1682 574 1752 sumimus,
616 1682 823 1739 nullam
865 1697 991 1737 esse
1024 1681 1362 1754 posterioris
1402 1682 1628 1753 generis
1672 1682 2079 1737 auctoritatem.
2102 1661 2398 1759 ”⁰322me

253 1768 490 1823 Restant
518 1764 730 1839 prioris
767 1765 1012 1821 familiae
1044 1765 1174 1822 libri
1213 1765 1361 1820 bene
1394 1767 1585 1822 collati
1617 1771 1765 1835 tres,
1795 1765 2082 1822 Leidensis

256 1850 547 1907 Gudianus
579 1855 637 1905 et
668 1849 991 1905 Florentius
1024 1848 1223 1918 editio,
1261 1849 1463 1921 quibus
1485 1866 1758 1922 quaenam
1786 1849 1929 1905 ratio
1961 1866 2084 1905 cum

253 1934 581 2008 posteriore
605 1949 816 2004 genere
848 1932 1163 1990 intercedat
1192 1940 1249 1990 et
1275 1934 1553 2006 quomodo
1582 1933 1727 1991 inter
1758 1933 1951 2007 seipsi
1985 1949 2083 1991 co-

252 2021 531 2076 haereant
578 2017 688 2073 iam
719 2016 1016 2074 videndum
1044 2023 1147 2073 est.
1237 2018 1307 2073 Et
1336 2020 1652 2076 deteriores
1683 2017 1904 2090 quidem
1948 2018 2081 2073 libri

256 2120 384 2160 enm
426 2103 579 2159 nullo
609 2101 883 2157 bonorum
925 2095 1240 2176 saepius⁴²)
1274 2102 1598 2176 conspirant
1628 2119 1786 2176 quam
1818 2118 1940 2156 eum
1972 2101 2081 2156 Gu-

404 2301 498 2366 39)
534 2303 594 2355 E.
626 2319 670 2355 e.
707 2304 986 2355 omiserunt
1020 2319 1074 2369 p.
1114 2302 1243 2360 257,
1300 2301 1363 2351 15
1411 2303 1463 2350 in
1498 2300 1694 2360 urbem,
1747 2299 1811 2349 17
1847 2298 2047 2348 Palatii
2057 2315 2080 2356 ,-

258 2387 311 2437 p.
340 2372 461 2432 265,
500 2371 560 2422 ll
592 2372 892 2435 philosophi,
925 2370 994 2424 35
1019 2371 1248 2436 Auffloeto
1273 2373 1422 2419 etiam
1448 2371 1729 2418 insinuatus
1753 2375 1863 2425 est,·
1889 2383 1941 2433 p.
1957 2365 2078 2427 268,

264 2439 329 2491 18
359 2439 599 2491 maiorm
633 2450 682 2492 et
710 2456 898 2506 neque;
933 2441 1238 2491 addiderunt
1273 2454 1324 2502 p.
1364 2437 1484 2500 257,
1524 2437 1585 2488 21
1624 2444 1769 2494 emm·
1801 2452 1852 2502 p.
1887 2435 2008 2496 263,
2045 2433 2078 2486 3

256 2509 405 2569 idem,
435 2510 501 2560 14
529 2509 755 2567 diceban
792 2524 843 2575 p.
872 2508 1001 2568 264,
1034 2507 1066 2558 3
1092 2509 1265 2560 aedem
1302 2513 1397 2557 ete.

394 2573 494 2638 40)
528 2576 771 2628 Omittunt
807 2593 852 2628 e.
892 2594 934 2627 e.
973 2576 1091 2626 inde
1123 2593 1174 2644 p.
1213 2575 1346 2635 260,
1381 2573 1478 2633 38;
1515 2573 1717 2622 Romam
1753 2587 1804 2637 p.
1843 2570 1976 2632 261,
2017 2572 2078 2629 13

259 2646 498 2697 Hermam
521 2660 574 2711 p.
596 2645 716 2708 261,
752 2647 854 2706 323
881 2646 1126 2712 praebent
1159 2659 1210 2710 p.
1233 2644 1354 2704 261,
1390 2645 1458 2694 22
1494 2643 1768 2703 exemplmn
1801 2653 1893 2704 pro
1921 2640 2077 2701 filium

256 2724 354 2765 020.

395 2781 496 2847 41)
548 2782 804 2848 Exemplis
853 2797 954 2834 non
1010 2798 1139 2850 opus
1188 2791 1283 2833 est.
1374 2781 1480 2832 Hoc
1522 2787 1717 2830 tantum
1766 2779 2075 2838 demonstro,

260 2851 551 2904 Par-isinum
588 2851 771 2903 librum
808 2850 1075 2903 Harleiano
1111 2853 1370 2916 aliquanto
1406 2850 1633 2916 peiorem
1675 2863 1809 2899 esse.
1883 2845 2075 2895 Parisi-

184 2969 204 2990 ,
260 2935 358 2971 nus
394 2922 535 2972 enim
571 2919 739 2971 omisit
772 2919 928 2971 haee:
966 2936 1020 2986 p.
1055 2920 1175 2981 261,
1215 2920 1282 2969 25
1318 2927 1490 2980 notus,
1524 2934 1578 2985 p.
1616 2917 1737 2979 264,
1773 2917 1840 2968 22
1869 2916 2073 2976 Latine,

257 3005 312 3056 p.
352 2987 491 3050 265,
527 2987 596 3040 33
628 2990 933 3052 permansit,
971 3004 1023 3054 p.
1065 2989 1197 3042 266,
1230 2987 1296 3039 31
1335 2990 1564 3049 omnium,
1599 3003 1652 3053 p.
1682 2986 1814 3047 267,
1847 2986 1880 3036 7
1920 2985 2075 3033 donec

259 3058 432 3108 taedio
462 3058 539 3108 ad
566 3058 739 3108 studia
772 3073 831 3108 se
860 3060 1088 3121 contulit,
1127 3056 1197 3109 20
1227 3058 1502 3121 quaedam,
1537 3071 1587 3121 p.
1623 3054 1757 3114 270,
1798 3054 1859 3106 11
1898 3053 2075 3116 appel-

260 3128 365 3183 lae,·
412 3126 549 3177 idem
594 3140 742 3176 eorru
782 3134 830 3177 te
868 3126 1070 3177 exhibet
1101 3142 1155 3192 p.
1190 3127 1317 3188 259,
1363 3125 1432 3178 35
1471 3126 1673 3188 patr-io,
1721 3139 1773 3190 p.
1820 3121 1954 3183 260,
2005 3119 2074 3172 30

253 3196 580 3259 μήνιε-ἐρέω,
616 3210 669 3260 p.
704 3196 734 3243 2
819 3231 834 3255 ,
873 3196 939 3245 27
968 3196 1126 3246 variis
1159 3210 1251 3255 ac,
1293 3210 1346 3260 p.
1375 3194 1502 3255 267,
1539 3192 1573 3244 6
1616 3194 1854 3244 Valerius
1881 3191 2073 3257 quibus,

296 3303 309 3315 .
348 3263 484 3325 270,
524 3263 556 3315 6
602 3266 836 3314 virorum.
915 3262 1106 3323 Quibus
1137 3264 1274 3314 vitiis
1312 3264 1571 3321 omnibus,
1628 3262 1674 3312 si
1707 3261 1909 3312 Osanno
1945 3261 2073 3311 fides

358 3333 492 3383 enda
528 3341 635 3395 est,
672 3330 977 3383 Herleianus
1011 3331 1174 3382 eodex
1207 3332 1500 3397 inquinatus
1535 3343 1639 3380 non
1675 3337 1768 3380 est.

396 3401 489 3465 42)
546 3401 784 3454 Ceterum
819 3400 1039 3450 notabile
1083 3401 1373 3467 exemplum
1420 3407 1498 3450 est
1546 3414 1599 3465 p.
1637 3398 1768 3459 260,
1821 3401 1886 3450 15
1926 3400 2080 3461 pueri

258 3470 434 3529 afflue,
464 3486 595 3536 quae
612 3468 939 3535 interpolatio
959 3469 1022 3519 de
1047 3468 1193 3520 bonis
1218 3470 1361 3521 libris
1383 3470 1546 3520 solam
1573 3468 1843 3520 editionem
1868 3466 2074 3517 Floren-

258 3541 411 3591 unam
434 3539 719 3607 oeenpavit.
