2553 3960
306 244 428 307 258
805 257 864 305 ο.
896 256 1281 306 sumomus
1321 257 1807 317 TRANQIHLLUS

307 414 655 475 Archelaum
697 411 1006 491 Pompeius
1049 411 1348 488 LenaeuS,
1405 412 1554 491 apud
1596 411 1988 473 Philocomum
2033 414 2307 474 Valerius

310 498 456 560 Cato
490 496 843 577 praedicant.

431 581 828 642 Instruxerunt
863 589 1256 659 auxeruntque
1288 579 1360 640 ab
1395 582 1546 639 omni
1579 589 1744 658 parte
1778 582 2207 658 grammaticam
2240 581 2303 646 L.

308 667 514 727 Aelius
536 664 858 725 Lanuvinus
882 682 1182 743 generque
1208 662 1365 723 Aelii
1390 665 1516 722 Ser.
1546 663 1818 741 Clodius,
1846 673 2087 743 uterque
2122 683 2306 744 eques

249 752 419 813 sRo.
454 749 729 828 multique
767 766 837 808 ac
858 749 1003 808 varii
1041 757 1100 807 et
1134 748 1187 807 in
1214 747 1475 807 doctrina
1512 757 1569 808 et
1608 749 1664 807 in
1699 766 1763 808 re
1802 766 1857 826 p.
1885 767 2042 809 usus.
2100 748 2302 808 Aelius
2327 774 2353 813 s

314 834 659 912 cognomine
695 831 909 910 duplici
940 830 1070 898 fuit:
1109 850 1235 893 nam
1270 841 1329 891 et
1350 831 1761 910 Praeconinus,
1799 833 1953 911 quod
1979 842 2144 913 pater
2180 835 2305 893 eius

314 919 686 1000 praeconium
708 916 960 992 fecerat,
987 916 1335 992 vocabatur,
1363 924 1420 975 et
1441 916 1585 976 Stilo
1603 962 1621 995 ,
1649 917 1803 995 quod
1826 917 2120 978 orationes
2143 917 2303 977 nobi-

313 1003 531 1063 lissimo
566 1001 772 1078 cuique
810 999 1069 1060 scribere
1100 999 1357 1069 solebat;
1389 1008 1577 1060 tantus
1607 1002 1960 1079 optimatium
1991 1002 2214 1079 fautor,
2244 1009 2305 1060 ut

314 1085 609 1149 Metellum
642 1083 1001 1143 Numidicum
1044 1085 1101 1143 in
1132 1084 1366 1145 exilium
1411 1086 1713 1144 comitatus
1744 1086 1833 1145 sit.
1867 1087 2134 1163 Servius,
2178 1103 2303 1145 cum

313 1173 522 1234 librum
553 1168 747 1231 soceri
779 1168 1026 1229 nondum
1050 1168 1261 1228 editum
1291 1167 1492 1231 fraude
1516 1169 1958 1249 intercepisset,
1996 1179 2053 1230 et
2083 1169 2158 1230 ob
2189 1169 2304 1229 hoc
2329 1192 2383 1233 ιο

312 1255 645 1336 repudiatus
676 1254 899 1332 pudore
925 1272 995 1313 ac
1022 1251 1214 1312 taedio
1241 1254 1591 1312 secessisset
1616 1252 1688 1313 ab
1712 1252 1857 1314 urbe
1874 1300 1890 1331 ,
1924 1256 1980 1313 in
2008 1254 2304 1333 podagrae

311 1340 572 1401 morbum
607 1337 839 1407 incidit;
885 1339 1044 1397 cuius
1075 1338 1377 1415 impatiens
1411 1355 1640 1397 veneno
1673 1337 1782 1397 sibi
1816 1340 2083 1416 perunxit
2122 1338 2306 1417 pedes

314 1433 371 1484 et
400 1424 630 1484 enecuit
657 1423 732 1481 ita
750 1467 767 1499 ,
799 1430 858 1481 ut
884 1430 1046 1500 parte
1078 1439 1146 1480 ea
1172 1421 1443 1498 corporis
1469 1421 1632 1498 quasi
1665 1432 2031 1499 praemortua
2059 1423 2304 1481 viveret.

435 1506 687 1568 Posthac
733 1506 916 1583 magis
949 1522 1018 1565 ac
1053 1505 1238 1582 magis
1283 1513 1340 1563 et
1370 1506 1555 1582 gratia
1600 1513 1657 1564 et
1701 1523 1837 1566 cura
1870 1508 2009 1566 artis
2040 1506 2305 1581 increvit,

316 1602 372 1654 ut
402 1610 476 1651 ne
503 1589 802 1651 clarissimi
834 1589 1062 1667 quidem
1092 1590 1200 1647 viri
1225 1587 1600 1647 abstinuerint
1631 1606 1745 1667 quo
1770 1592 1953 1649 minus
1983 1599 2042 1650 et
2068 1591 2179 1669 ipsi
2203 1589 2301 1649 ali·
2331 1609 2381 1650 ιε

317 1676 449 1757 quid
494 1674 564 1735 de
609 1693 677 1734 ea
722 1673 1075 1749 scriberent,
1127 1682 1302 1750 utque
1343 1672 1701 1752 temporibus
1747 1674 2085 1753 quibusdam
2132 1690 2307 1752 super

313 1760 516 1837 viginti
548 1757 816 1818 celebres
848 1757 1087 1817 scholae
1119 1756 1300 1816 fuisse
1325 1757 1381 1815 in
1414 1755 1555 1816 urbe
1585 1757 1907 1828 tradantur3
1946 1759 2130 1838 pretia
2165 1773 2306 1816 vero

315 1843 817 1922 grammaticorum
858 1849 1008 1901 tanta
1054 1840 1475 1918 mercedesque
1516 1849 1626 1900 tam
1667 1859 1939 1920 magnae,
1983 1851 2044 1901 ut
2081 1848 2310 1902 constet

315 1928 589 1989 Lutatium
619 1925 975 2006 Daphnidem
995 1971 1012 2003 ,
1049 1943 1232 2005 ‚quem
1264 1924 1511 1985 Laevius
1536 1925 1807 1986 Melissus
1841 1944 1947 2006 per
1993 1926 2308 1987 cavillatio-

317 2031 446 2073 nem
470 2012 712 2071 nominis
737 2009 926 2070 Panos
956 2028 1187 2088 agasma
1212 2010 1381 2087 dicit,
1411 2007 1583 2071 DCC.
1609 2010 1838 2071 milibus
1866 2029 2145 2071 nummum
2169 2028 2201 2070 a
2234 2010 2306 2084 Q.
2329 2029 2380 2070 πο

318 2094 525 2158 Catulo
559 2102 807 2173 emptum
839 2111 909 2153 ac
941 2094 1106 2153 brevi
1133 2095 1532 2153 manumissum
1551 2140 1566 2169 ,
1598 2094 1660 2155 L.
1686 2094 1994 2173 Apuleium
2023 2095 2096 2155 ab
2120 2094 2309 2154 Elicio

318 2179 562 2241 Calvino
598 2180 793 2256 equite
814 2178 1073 2238 Romano
1099 2177 1421 2257 praedivite
1454 2177 1865 2257 quadringenis
1889 2180 2088 2239 annuis
2126 2178 2309 2238 *con-

318 2265 522 2325 ductos
554 2261 764 2320 multos
797 2261 1090 2321 edoceret.
1144 2261 1289 2322 Nam
1322 2263 1376 2320 in
1409 2263 1743 2340 provincias
1763 2280 1997 2342 quoque
2029 2280 2311 2341 gramma-

318 2350 431 2409 tica
467 2354 906 2425 penetraverat,
944 2364 1012 2405 ac
1045 2345 1303 2404 nonnulli
1328 2344 1399 2404 de
1431 2346 1748 2406 notissimis
1781 2346 2117 2408 doctoribus
2141 2362 2310 2424 pere-

318 2449 426 2511 gre
469 2429 819 2506 docuerunt,
870 2431 1116 2489 maxime
1155 2430 1211 2488 in
1244 2427 1429 2490 Gallia
1474 2429 1731 2506 Togata3
1779 2432 1928 2490 inter
1960 2448 2107 2510 quos
2140 2428 2310 2489 Octa-
2332 2448 2385 2488 25

316 2517 445 2575 vius
468 2513 699 2575 Teucer
731 2522 789 2573 et
811 2512 1165 2573 Pescennius
1197 2511 1404 2573 Iaecus
1439 2521 1497 2571 et
1522 2511 1744 2592 Oppius
1776 2511 2027 2585 Chares;
2063 2514 2157 2574 hic
2187 2514 2313 2592 qui-

319 2600 447 2662 dem
482 2598 554 2658 ad
598 2598 845 2658 ultimam
890 2606 1171 2673 aetatem,
1218 2606 1275 2657 et
1325 2614 1450 2657 cum
1508 2598 1615 2656 iam
1654 2615 1770 2657 non
1823 2599 2088 2676 ingressu
2138 2598 2313 2657 modo

319 2684 668 2745 deficeretur
697 2681 801 2741 sed
834 2690 891 2740 et
916 2681 1065 2741 visu.

272 2785 304 2838 4
444 2766 782 2845 Appellatio
812 2765 1316 2843 grammaticorum
1346 2763 1569 2826 Graeca
1610 2767 2018 2826 consuetudine
2049 2766 2315 2836 invaluit;

322 2851 426 2913 sed
449 2851 609 2911 initio
630 2850 863 2910 litterati
880 2848 1253 2911 vocabantur.
1294 2848 1600 2910 Cornelius
1628 2867 1860 2929 quoque
1876 2849 2083 2929 Nepos
2108 2849 2316 2910 libello
2335 2875 2387 2916 30

321 2953 436 3018 quo
484 2936 779 3014 distinguit
815 2933 1121 2993 litteratum
1158 2933 1228 2993 ab
1266 2933 1519 3010 erudito,
1551 2934 1834 2994 litteratos
1878 2934 2104 3013 quidem
2134 2935 2317 3013 vulgo

321 3020 607 3100 appellari
650 3020 728 3080 ait
765 3036 869 3078 eos
908 3019 1004 3097 qui
1036 3018 1249 3095 aliquid
1284 3017 1595 3096 diligenter
1630 3027 1688 3077 et
1736 3027 1903 3079 acute
1948 3019 2319 3098 scienterque

323 3106 551 3182 possint
573 3113 667 3176 aut
692 3102 888 3163 dicere
912 3111 1006 3162 aut
1032 3101 1317 3173 scribere,
1353 3110 1608 3161 ceterum
1639 3103 1881 3180 proprie
1907 3103 1993 3163 sic
2018 3102 2320 3182 appellan-

324 3187 431 3246 dos
465 3197 765 3263 poetarum
788 3189 1172 3265 interpretes,
1198 3186 1295 3265 qui
1317 3184 1615 3247 &Graecis
1638 3188 1995 3264 grammatici
2019 3189 2316 3247 nominen-

321 3278 432 3330 tur.
458 3269 713 3331 Eosdem
741 3272 1095 3331 litteratores
1122 3272 1412 3332 vocitatos
1432 3270 1682 3331 Messala
1701 3268 1987 3331 Corvinus
2004 3272 2058 3330 in
2075 3270 2316 3350 quadam
2337 3292 2388 3334 ³5

326 3351 576 3430 epistola
605 3354 882 3431 ostendit,
916 3372 1040 3415 non
1064 3371 1201 3414 esse
1222 3352 1349 3415 sibi
1378 3353 1576 3415 dicens
1598 3373 1725 3414 rem
1747 3374 1881 3416 cum
1911 3354 2102 3417 Furio
2126 3353 2317 3416 Biba-

326 3432 487 3506 culo,
520 3450 599 3493 ηε
626 3453 760 3494 cum
791 3435 1008 3497 Ticida
1037 3437 1280 3517 quidem
1312 3445 1421 3499 aut
1448 3438 1794 3500 litteratore
1824 3437 2102 3510 Catone,·
2136 3439 2317 3516 signi-

325 3514 462 3572 ficat
484 3514 632 3573 enim
657 3515 805 3577 haud
832 3520 1002 3580 dubie
1025 3520 1320 3582 Valerium
1346 3521 1648 3601 Catonem,
1683 3531 1911 3603 poetam
1937 3523 2099 3583 simul
2127 3540 2315 3603 gram-
