2553 3960
361 219 479 282 116
539 230 600 280 ο.
635 231 936 281 summu
965 231 1217 293 TRANQ.
1248 231 1347 280 na·
1377 233 1546 280 vrrs
1577 231 1947 283 casuum
1974 234 2114 281 Lm.
2148 233 2252 281 111.

360 386 658 465 exemplo,
688 395 814 446 ture
840 387 1072 465 quidem
1099 404 1168 447 ac
1192 389 1330 448 vino
1354 406 1554 448 verum
1573 388 1699 447 sine
1723 388 1958 449 tibicine
1986 387 2363 469 supplicavit,

274 486 343 543 71
361 479 422 530 ut
451 470 553 530 ille
584 470 720 530 olim
753 471 810 530 in
842 480 1029 531 morte
1059 470 1181 532 lilii.
1270 473 1555 533 Sermone
1587 470 1810 533 Graeco
1844 489 2184 553 quamquam
2213 471 2360 532 alio·

360 557 458 636 qui
492 564 794 633 promptus
824 554 1139 633 etfacilis,
1180 573 1300 615 non
1342 564 1532 616 tamen
1571 573 1755 635 usque
1798 574 2025 637 quaque
2072 574 2206 616 usus
2249 564 2361 634 est,

359 638 744 718 abstinuitque
773 640 1019 698 maxime
1049 641 1106 698 in
1136 650 1369 709 senatn;
1407 639 1555 700 adeo
1584 639 1831 718 quidem,
1862 650 1924 699 ut
1963 640 2363 720 monopolium

357 725 751 784 nominaturus
782 724 1008 785 veniam
1050 724 1209 803 prius
1246 723 1593 802 postularet,
1639 724 1799 803 quod
1826 724 1937 784 sibi
1967 724 2152 784 verbo
2186 742 2354 803 pere·
2378 747 2402 787 ⁵
2463 801 2468 802 γ

359 808 528 886 grino
568 806 839 867 utendum
880 817 1067 877 esset;
1109 816 1283 886 atque
1328 809 1499 867 etiam
1546 824 1676 867 cum
1718 810 1776 867 in
1824 808 2072 888 quodam
2117 808 2359 868 decreto

359 901 584 972 patrum
626 889 929 971 ἔμβλημα
967 892 1341 969 recitaretur,
1386 891 1835 976 commutandam
1871 895 2097 953 censuit
2131 908 2360 968 vocem,

359 984 420 1035 et
447 993 555 1054 pro
595 977 909 1055 peregrina
939 983 1253 1038 nostratem
1287 975 1691 1054 requirendam
1719 985 1816 1037 aut
1844 978 1891 1037 si
1922 993 2038 1036 non
2069 976 2359 1056 reperire·

357 1070 470 1135 tur,
500 1058 598 1119 vel
629 1058 892 1138 pluribus
921 1068 981 1119 et
1008 1077 1117 1139 per
1146 1058 1417 1120 ambitum
1444 1058 1757 1120 verborum
1785 1078 1910 1121 rem
1939 1058 2357 1120 enuntiandam.

356 1142 597 1205 Militem
618 1158 871 1222 quoqne,
903 1141 1126 1204 Graece
1147 1144 1536 1204 testimoninm
1560 1144 2002 1223 interrogatum,
2028 1145 2138 1204 nisi
2160 1143 2358 1203 Latine
2379 1160 2432 1204 ιο

350 1224 726 1306 respondere
763 1227 962 1286 vetuit.

274 1319 345 1377 ‘12
480 1309 578 1370 Bis
607 1310 836 1370 omnino
868 1319 992 1373 toto
1028 1329 1302 1372 secessus
1332 1320 1598 1391 tempore
1620 1312 1863 1373 Romam
1892 1312 2088 1372 redire
2120 1319 2361 1371 conatus
2539 1301 2540 1384 ἢ

362 1393 577 1476 (semel
621 1396 838 1455 triremi
878 1412 1065 1475 usque
1103 1395 1175 1456 ad
1218 1396 1518 1474 proximos
1560 1395 1934 1457 naumachiae
1976 1395 2182 1456 hortos
2225 1394 2359 1455 sub·

359 1487 599 1556 vectus,
656 1478 938 1559 disposita
982 1481 1230 1541 statione
1264 1497 1374 1559 per
1422 1481 1582 1560 ripas
1619 1481 1882 1558 Tiberis,
1952 1497 2102 1560 quae
2134 1479 2359 1540 obviam

360 1563 698 1645 prodeuntis
741 1562 1148 1641 submoveret,
1203 1566 1411 1625 iterum
1451 1563 1647 1646 Appia
1690 1582 1873 1643 usque
1923 1563 1994 1624 ad
2050 1564 2358 1643 septimum
2378 1587 2428 1628 ιε

359 1647 642 1727 lapidem)
699 1647 804 1709 sed
860 1649 1194 1728 prospectis
1246 1647 1421 1709 modo
1461 1667 1574 1709 nec
1631 1648 1795 1710 aditis
1839 1648 1999 1708 urbis
2055 1647 2359 1707 moenibus

357 1731 556 1802 rediit;
589 1733 774 1811 primo
812 1733 1094 1792 incertum
1123 1750 1235 1811 qna
1266 1731 1339 1792 de
1369 1751 1561 1810 causa,
1593 1741 1802 1813 postea
1840 1738 2069 1792 ostento
2101 1732 2358 1791 territus.

357 1816 503 1878 Erat
534 1817 588 1876 ei
625 1817 681 1875 in
725 1815 1166 1878 oblectamentis
1195 1834 1443 1896 serpeus
1471 1817 1685 1894 draco,
1726 1833 1896 1895 quem
1930 1833 2006 1875 ex
2048 1823 2357 1876 consuetu·
2534 1835 2541 1948 1

361 1901 492 1962 dine
522 1918 687 1960 manu
721 1917 823 1960 sua
851 1900 1143 1962 cibaturus
1177 1917 1307 1961 cum
1330 1909 1728 1982 consumptum
1758 1918 1791 1960 a
1815 1898 2073 1960 formicis
2103 1899 2357 1959 invenis·
2538 1959 2541 1965 Α

360 1995 483 2064 set,
526 1986 773 2046 monitus
816 1994 907 2045 est
951 1994 1014 2046 ut
1053 1987 1166 2046 vim
1195 1985 1567 2047 multitudinis
1599 1993 1856 2047 caveret.
1916 1985 2175 2046 Rediens
2206 2001 2356 2064 ergo
2378 2006 2430 2047 20
2536 1965 2538 2043 4

360 2087 617 2150 propere
654 2067 1042 2147 Campaniam,
1087 2068 1340 2131 Asturae
1373 2071 1432 2130 in
1460 2070 1799 2150 languorem
1829 2069 2043 2148 incidit,
2074 2088 2188 2151 quo
2218 2088 2358 2151 pau·

358 2155 472 2214 lum
502 2153 727 2213 levatus
757 2150 1022 2213 Circeios
1055 2153 1365 2233 pertendit.
1428 2153 1520 2214 Ac
1551 2173 1624 2214 ne
1657 2171 1826 2233 quam
1853 2155 2246 2234 suspicionem
2273 2156 2358 2213 in·

358 2237 637 2296 firmitatis
674 2235 858 2314 daret,
902 2237 1294 2298 castrensibus
1328 2238 1480 2299 ludis
1518 2257 1636 2299 non
1668 2246 1883 2299 tantum
1924 2238 2202 2317 interfuit,
2253 2237 2361 2298 sed

358 2322 529 2380 etiam
558 2320 790 2381 missum
817 2322 873 2380 in
905 2320 1179 2382 harenam
1203 2339 1403 2402 aprum
1424 2322 1628 2384 iaculis
1656 2321 1909 2402 desuper
1928 2322 2103 2402 petit:
2141 2323 2359 2383 statim-

359 2422 471 2485 que
511 2404 695 2465 latere
728 2404 1008 2465 convulso
1045 2414 1126 2485 et,
1171 2415 1230 2467 ut
1259 2414 1661 2485 exaestuarat,
1704 2405 1932 2468 afflatus
1964 2424 2104 2467 aura
2133 2408 2191 2466 in
2223 2424 2433 2484 gra-2⁶

356 2490 578 2549 viorem
610 2488 815 2550 recidit
841 2488 1121 2551 morbum.
1176 2492 1751 2563 sustentavitxtamen
1783 2490 2130 2569 aliquandiu,
2163 2508 2359 2570 quam·

355 2575 445 2634 vis
462 2572 740 2634 Misenum
761 2591 944 2653 usque
969 2574 1249 2637 devectus
1275 2576 1415 2637 nihil
1439 2595 1516 2637 ex
1545 2576 1747 2637 ordine
1780 2575 2068 2635 cotidiano
2095 2582 2360 2653 praeter·

354 2658 642 2735 mitteret,
679 2675 754 2718 ne
785 2660 1056 2721 convivia
1086 2661 1317 2740 quidem
1348 2669 1444 2720 aut
1474 2668 1705 2720 ceteras
1733 2659 2103 2738 voluptates,
2149 2660 2362 2739 partim

353 2743 794 2822 intemperantia
830 2744 1034 2823 partim
1073 2744 1549 2805 dissimulatione.
1633 2742 1778 2803 Nam
1821 2741 2133 2804 Chariclen
2177 2740 2359 2802 medi-

358 2845 519 2903 cum,
564 2825 717 2906 quod
763 2837 1080 2887 commeatu
1121 2829 1379 2888 afuturus
1413 2845 1450 2888 e
1485 2828 1754 2888 convivio
1787 2827 2099 2906 egrediens
2129 2844 2359 2886 manum
2379 2843 2432 2886 so

353 2911 466 2972 sibi
495 2911 794 2972 osculandi
830 2927 1005 2972 causa
1031 2912 1544 2992 apprehendisset,
1577 2912 1909 2973 existimans
1938 2919 2250 2991 temptatas
2282 2910 2359 2971 ab

355 3012 430 3056 eo
459 3015 662 3075 venas,
698 3014 1001 3058 remanere
1045 3014 1117 3058 ac
1154 2997 1499 3058 recumbere
1530 2996 1795 3057 hortatus
1830 3004 1949 3074 est,
1999 3012 2359 3074 caenamque

355 3083 659 3157 protraxit.
727 3081 855 3141 Nec
893 3080 1160 3142 abstinuit
1192 3080 1607 3142 consuetudine
1645 3081 1779 3159 quin
1818 3089 1956 3141 tuuc
1994 3096 2228 3159 quoque
2271 3081 2358 3138 in·

356 3170 513 3220 stans
560 3165 617 3222 in
650 3164 841 3225 medio
888 3164 1174 3243 triclinio,
1211 3173 1435 3226 astante
1466 3165 1708 3243 lictore,
1745 3165 2010 3243 singulos
2037 3164 2240 3224 valere
2272 3162 2360 3223 di-

271 3260 341 3317 ·13
359 3244 544 3304 centis
576 3249 918 3327 appellaret.
996 3247 1232 3309 Interim
1263 3267 1391 3310 cnm
1421 3250 1478 3308 in
1511 3249 1654 3309 actis
1686 3258 1920 3309 senatus
1953 3247 2231 3325 legisset,
2268 3246 2355 3308 di·
2378 3268 2434 3310 ³5

353 3328 567 3390 missos
597 3346 670 3390 ac
704 3351 776 3392 ne
804 3332 1028 3393 auditos
1061 3333 1291 3414 quidem
1328 3333 1607 3413 quosdam
1649 3350 1808 3411 reos,
1852 3332 1923 3393 de
1971 3331 2178 3412 quibus
2224 3332 2360 3393 stri·

358 3414 493 3474 ctim
538 3421 599 3473 et
637 3414 775 3475 nihil
805 3415 956 3476 aliud
985 3434 1156 3495 quam
1190 3421 1511 3479 nominatos
1543 3416 1616 3478 ab
1647 3417 1836 3479 indice
1869 3419 2210 3497 scripserat,
2244 3432 2363 3496 pro

358 3504 691 3576 contempto
746 3514 812 3557 se
861 3498 1116 3562 habitum
1166 3503 1423 3564 fremens
1477 3510 1755 3582 repetere
1804 3500 2068 3583 Capreas
2119 3517 2365 3582 quoquo
