2553 3960
347 202 467 266 158
525 216 584 266 0.
616 213 919 264 semrom
953 214 1211 274 TRANQ.
1243 214 1339 261 DE
1369 213 1536 261 vrrA
1580 212 1947 261 CAESARUM
1975 213 2116 260 mn.
2146 212 2213 260 v.

346 387 573 450 perque
626 369 871 430 mediam
927 387 1194 446 caveam,
1251 367 1588 430 sedentibus
1641 386 1712 428 ac
1756 367 2057 427 silentibus
2108 369 2354 447 cunctis,

349 454 771 515 descendisset.
865 451 1032 514 Fecit
1092 462 1150 513 et
1209 452 1590 528 Saeculares,
1658 453 1822 530 quasi
1874 453 2222 531 anticipatos
2277 453 2353 513 ab

346 538 617 616 Augusto
647 556 762 599 nec
812 538 1074 614 legitimo
1116 537 1366 616 tempori
1409 545 1775 613 reservatos,
1817 538 2076 614 quamvis
2122 538 2251 615 ipse
2292 538 2354 596 in

336 622 607 682 historiis
639 624 758 683 suis
787 620 1029 701 prodat,
1073 622 1434 682 intermissos
1477 637 1584 679 eos
1611 618 1937 697 Augustum
1975 620 2155 680 multo
2192 630 2351 699 post,

349 706 789 784 diligentissime
814 722 1089 765 annorum
1106 708 1328 765 ratione
1347 703 1645 780 subducta,
1669 706 1727 762 in
1750 704 2009 764 ordinem
2022 704 2349 782 redegisse.
2371 723 2398 772 s

351 792 544 866 Quare
571 808 692 852 vox
718 790 1031 870 praeconis
1071 790 1239 849 irrisa
1285 797 1410 864 est,
1457 788 1745 847 invitantis
1774 805 1937 848 more
1978 788 2248 848 sollemni
2279 789 2352 849 ad

344 874 547 952 ludos,
581 891 737 955 quos
764 892 879 934 nec
897 879 1245 953 spectasset
1264 872 1591 953 quisquam
1613 890 1727 931 uec
1749 878 2143 950 spectaturus
2168 880 2349 950 esset,

349 976 476 1020 cum
510 966 896 1038 superessent
925 957 1112 1017 adhuc
1140 958 1236 1038 qui
1282 964 1725 1036 spectaverant,
1773 964 1830 1016 et
1862 955 2089 1034 quidam
2117 956 2349 1016 histrio·

344 1061 476 1103 num
521 1042 791 1121 producti
839 1042 977 1102 olim
1029 1051 1163 1101 tunc
1205 1058 1439 1120 quoque
1484 1039 1964 1118 producerentur.
2034 1038 2352 1101 Circenses

343 1127 683 1205 frequenter
730 1127 901 1186 etiam
934 1127 991 1184 in
1022 1126 1309 1186 Vaticano
1360 1124 1670 1201 commisit,
1718 1141 2139 1204 nonnumquam
2170 1126 2345 1185 inter·
2371 1147 2421 1189 ιο

341 1212 493 1269 iecta
539 1227 646 1287 per
691 1209 900 1287 quinos
930 1210 1138 1269 missus
1177 1208 1509 1269 venatione.
1550 1205 1726 1267 Circo
1753 1226 1895 1268 vero
1923 1210 2171 1269 maximo
2200 1228 2349 1269 mar-

342 1294 558 1353 moreis
592 1292 925 1353 carceribus
972 1294 1306 1371 auratisque
1352 1292 1553 1373 metis,
1599 1309 1749 1371 quae
1791 1301 2033 1371 utraque
2075 1302 2133 1353 et
2171 1294 2352 1354 tofina

341 1395 413 1438 ac
436 1377 631 1454 lignea
655 1386 825 1438 antea
841 1377 1090 1454 fuerant,
1118 1376 1374 1454 exculto,
1403 1377 1642 1456 propria
1667 1377 2030 1436 senatoribus
2055 1378 2353 1438 constituit

340 1462 474 1523 loca
506 1462 838 1540 promiscue
881 1470 1153 1539 spectare
1196 1461 1417 1530 solitis;
1470 1478 1542 1521 ac
1577 1479 1755 1539 super
1785 1461 2190 1540 quadrigarum
2224 1480 2348 1522 cer-

342 1546 552 1606 tamina
584 1545 794 1607 Troiae
826 1545 1012 1605 lusum
1038 1544 1295 1606 exhibuit
1328 1552 1387 1605 et
1410 1543 1755 1622 AfricanaS,
1789 1545 2135 1606 conficiente
2167 1555 2351 1607 turma
2371 1564 2417 1606 ιε

344 1632 595 1708 equitum
627 1632 1154 1708 praetorianorum,
1189 1628 1431 1689 ducibus
1459 1628 1702 1689 tribunis
1729 1630 1979 1709 ipsoque
2010 1629 2347 1709 praefecto;

343 1723 654 1793 praeterea
705 1713 1023 1775 Thessalos
1077 1716 1337 1793 equiteS,
1394 1714 1487 1792 qui
1544 1713 1709 1772 feros
1763 1722 1960 1774 tauros
2012 1732 2120 1792 per
2163 1716 2349 1794 spatia

345 1798 486 1857 circi
525 1807 701 1875 agunt
741 1798 1110 1878 insiliuntque
1157 1798 1429 1859 defessos
1470 1805 1527 1856 et
1568 1796 1641 1858 ad
1685 1805 1895 1857 terram
1943 1796 2216 1859 cornibus
2249 1797 2347 1858 de·

340 1881 588 1942 trahunt.

468 1964 820 2027 Gladiatoria
878 1984 1115 2027 munera
1159 1964 1516 2045 plurifariam
1561 1983 1631 2026 ac
1674 1965 2011 2045 multiplicia
2058 1964 2418 2027 exhibuitzzo

344 2051 795 2111 anniversarium
837 2050 896 2109 in
942 2052 1147 2111 castris
1178 2051 1567 2129 praetorianis
1600 2051 1726 2109 sine
1762 2051 2073 2111 venatione
2103 2068 2347 2130 appara-

343 2142 557 2213 tuque,
599 2135 804 2193 iustum
840 2143 1014 2213 atque
1056 2133 1372 2210 legitimum
1401 2134 1459 2193 iu
1490 2133 1717 2212 Septis;
1778 2134 1989 2195 ibidem
2027 2133 2347 2195 extraordi-

343 2218 564 2276 narium
613 2226 671 2276 et
714 2216 895 2277 breve
941 2217 1276 2296 dierumque
1326 2234 1670 2296 paucorum,
1729 2218 1997 2298 quodque
2042 2219 2348 2298 appellare

348 2303 544 2378 coepit
574 2319 654 2380 sp
673 2318 708 2361 o
726 2300 1020 2378 rtulam,
1059 2303 1191 2380 quia
1223 2302 1466 2379 primum
1490 2301 1722 2362 daturus
1748 2301 2043 2380 edixerat,
2074 2303 2237 2363 velut
2261 2302 2353 2362 ad

343 2383 615 2445 subitam
638 2384 1105 2464 condictamque
1129 2385 1454 2447 caenulam
1480 2386 1751 2446 invitare
1775 2405 1845 2446 se
1868 2387 2185 2465 populum.
2217 2385 2348 2447 Nec
2366 2408 2420 2450 2⁵

341 2467 461 2528 ullo
499 2468 822 2548 spectaculi
850 2486 1073 2547 genere
1120 2470 1473 2530 communior
1514 2478 1609 2529 aut
1650 2472 1950 2530 remissior
1986 2478 2140 2547 erat,
2196 2469 2348 2532 adeo

341 2560 403 2611 ut
431 2553 662 2613 oblatos
683 2553 1008 2614 victoribus
1029 2571 1240 2614 aureos
1263 2553 1492 2634 prolata
1516 2553 1746 2615 sinistra
1767 2557 1987 2634 pariter
2012 2572 2138 2613 cum
2165 2555 2346 2633 vulgo

341 2653 494 2698 voce
547 2637 858 2718 digitisque
898 2646 1257 2714 numeraret,
1323 2655 1393 2698 ac
1432 2655 1612 2716 saepe
1646 2637 1932 2699 hortando
1963 2637 2349 2718 rogandoque

341 2719 414 2782 ad
441 2719 786 2783 bilaritatem
816 2721 1079 2782 homines
1116 2730 1503 2800 provocaret,
1537 2721 1868 2782 dominos
1901 2721 2210 2783 identidem
2244 2741 2345 2802 ap-

341 2804 604 2884 pehns‚
647 2806 916 2866 immixtis
946 2805 1228 2865 interdum
1256 2805 1485 2884 frigidis
1515 2814 1575 2866 et
1604 2808 1904 2866 arcessitis
1932 2807 2114 2876 iocis;
2159 2807 2346 2887 qualis
2366 2828 2419 2872 so

343 2898 434 2949 est
469 2898 528 2949 ut
557 2907 685 2949 cum
715 2888 1047 2950 Palumbum
1088 2888 1514 2969 postulantibus
1544 2889 1802 2950 daturum
1843 2909 1911 2951 se
1941 2893 2242 2970 promisit,
2291 2891 2354 2951 si

343 2979 569 3051 captus
592 2979 769 3034 esset.
804 2972 953 3033 Illud
973 2973 1148 3054 plane
1175 2974 1534 3054 quantumvis
1559 2973 1869 3034 salubriter
1886 2983 1944 3034 et
1971 2976 2346 3056 intempore:

344 3073 471 3115 cum
504 3057 835 3136 essedario,
880 3074 990 3138 pro
1034 3074 1146 3136 quo
1178 3065 1446 3136 quattuor
1476 3057 1556 3117 fili
1587 3057 2085 3137 deprecabantur,
2131 3077 2347 3138 magno

343 3141 590 3201 omnium
620 3143 826 3204 favore
866 3140 1202 3202 indulsisset
1230 3140 1466 3219 rudem,
1510 3141 1758 3202 tabulam
1790 3142 1929 3203 ilico
1967 3145 2119 3203 misit
2152 3144 2320 3205 admo

341 3239 485 3282 nens
512 3225 803 3303 populum,
835 3231 1064 3306 quanto
1087 3242 1278 3304 opere
1298 3224 1530 3287 liberos
1552 3224 1873 3305 suscipere
1892 3225 2160 3304 deberet,
2192 3245 2350 3307 quos
2366 3252 2418 3294 30

337 3304 576 3368 videret
618 3314 677 3369 et
717 3308 1068 3389 yladiatort‘
1100 3309 1432 3388 praesidio
1470 3309 1838 3391 qratiaeque
1865 3328 2018 3371 esse.
2061 3310 2254 3372 Edidit
2290 3320 2350 3372 et

335 3390 394 3451 in
439 3390 648 3452 Martio
695 3410 900 3472 campo
946 3395 1436 3473 expugnationem
1487 3393 1986 3475 direptionemque
2033 3396 2232 3475 oppidi
2274 3394 2348 3456 ad

333 3474 642 3553 imaginem
671 3474 943 3537 bellicam
974 3487 1033 3539 et
1075 3476 1425 3540 deditionem
1456 3477 1784 3540 Britanniae
1819 3497 2058 3557 regum,
2104 3498 2346 3559 praese·
