2553 3960
274 237 278 242 .
339 180 422 245 82
509 192 570 242 o,
603 193 904 243 sum-om
936 193 1192 254 TRANQ.
1222 193 1322 242 DE
1350 178 1515 243 vrrA
1550 192 1919 242 cursuum
1951 196 2088 245 mn.
2117 197 2194 247 11.

340 351 721 429 imperasset,
777 366 846 408 ac
898 347 1083 409 subita
1134 350 1441 428 eruptione
1486 349 1684 410 hostes
1729 366 1957 410 omnem
1996 352 2083 411 rei
2123 352 2351 415 divinae

340 442 681 515 apparatum
713 431 1115 510 abstulissent,
1151 435 1404 493 constitit
1433 434 1583 493 inter
1610 433 1983 514 haruspices,
2016 453 2165 515 quae
2194 439 2325 516 peri

342 520 542 581 culosa
586 526 644 577 et
694 516 942 577 adversa
992 518 1341 577 sacrificanti
1381 516 1708 579 denuntiata
1755 527 1985 598 essent,
2044 529 2250 581 cuncta
2292 523 2350 581 in

351 606 516 683 ipsos
544 618 820 662 recasura
848 602 942 679 qui
973 609 1108 661 exta
1137 599 1446 671 haberent;
1482 619 1672 680 neque
1702 601 1872 665 aliter
1904 606 2114 664 evenit.
2159 604 2353 666 Pridie

339 686 900 769 quamsiciliensem
931 702 1182 764 pugnam
1215 684 1406 745 classe
1437 688 1839 765 committeret,
1876 686 2259 750 deambulanti
2287 690 2391 749 int

336 773 512 834 litore
547 770 728 850 piscis
757 788 792 829 e
821 771 964 830 mari
991 769 1212 829 exilivit
1241 777 1302 830 et
1332 768 1403 830 ad
1433 769 1619 848 pedes
1654 772 1846 831 iacuit.
1909 770 2084 851 Apud
2118 771 2351 834 Actium

341 854 716 918 descendenti
755 855 813 914 in
853 855 1036 915 aciem
1073 853 1289 914 asellus
1334 870 1461 913 cum
1502 854 1749 915 asinario
1793 857 2082 933 occurrit,
2135 856 2351 918 homini

338 939 669 1015 Eutychus,
713 937 939 999 bestiae
977 937 1166 998 Nicon
1213 946 1340 998 erat
1367 955 1604 1007 nomem
1658 940 1954 1017 utriusque
1986 939 2350 1002 simulacrum

341 1041 581 1086 aeneum
623 1025 812 1083 victor
852 1024 1046 1101 posuit
1087 1022 1144 1081 in
1183 1021 1439 1100 templo,
1477 1024 1534 1082 in
1570 1021 1727 1100 quod
1764 1031 2086 1083 castrorum
2117 1042 2350 1086 suorum

337 1109 533 1170 locum
560 1107 753 1167 vertit.
928 1101 937 1108 “
2371 1126 2421 1169 υ

251 1203 319 1259 97
465 1191 625 1252 Mors
662 1208 890 1270 quoque
921 1190 1073 1267 eius,
1125 1190 1197 1250 de
1230 1207 1347 1269 qua
1371 1188 1505 1250 hinc
1539 1191 1758 1269 dicam,
1799 1190 2180 1269 divinitasque
2213 1200 2353 1271 post

336 1284 578 1337 mortem
613 1273 1059 1335 evidentissimis
1089 1275 1333 1334 ostentis
1364 1277 1751 1353 praecognita
1783 1283 1893 1334 est.
1943 1272 2085 1335 Cum
2109 1274 2351 1337 lustrum

336 1363 394 1421 in
440 1376 645 1438 campo
675 1358 882 1419 Martio
935 1376 1144 1436 magna
1190 1358 1393 1437 populi
1435 1358 1760 1439 frequentia
1806 1358 2114 1435 conderet,
2155 1359 2351 1438 aquila

337 1463 467 1506 eum
500 1445 731 1523 saepius
761 1442 1226 1520 circumvolavit,
1260 1450 1746 1523 transgressaque
1777 1444 1835 1502 in
1863 1445 2111 1504 vicinam
2143 1443 2351 1504 aedem

337 1547 515 1609 super
541 1537 750 1588 nomen
769 1526 1074 1607 Agrippae
1108 1526 1178 1587 ad
1201 1527 1440 1606 primam
1463 1526 1711 1588 litteram
1735 1527 1914 1598 sedit;
1951 1544 2064 1606 quo
2099 1527 2347 1588 animad-
2372 1543 2422 1585 15

336 1630 510 1674 verso
547 1622 715 1689 vota,
751 1628 900 1689 quae
935 1612 992 1670 in
1024 1612 1346 1690 proximum
1381 1610 1620 1672 lustrum
1650 1614 1869 1691 suscipi
1899 1628 2024 1671 mos
2055 1619 2176 1688 est,
2224 1605 2349 1673 cod-

336 1697 530 1775 legam
570 1714 732 1757 suum
761 1695 1052 1755 Tiberium
1089 1713 1422 1774 nuncupare
1457 1696 1651 1757 iussit:
1707 1714 1837 1756 nam
1886 1715 1987 1771 se,
2023 1713 2350 1775 quanquam

339 1781 687 1859 conscriptis
721 1780 1054 1859 paratisque
1080 1780 1191 1839 iam
1217 1779 1459 1858 tabuliS,
1491 1781 1730 1857 negavit
1764 1787 2165 1858 suscepturum
2195 1798 2351 1859 quae

335 1882 450 1925 non
495 1871 655 1924 esset
693 1863 1003 1923 soluturus.
1078 1863 1196 1922 Sub
1239 1863 1390 1923 idem
1432 1872 1659 1943 tempus
1703 1866 1820 1923 ictu
1862 1863 2111 1924 fulminis
2156 1883 2233 1923 ex
2261 1864 2346 1923 in-

335 1950 652 2029 scriptione
682 1955 904 2008 statuae
937 1948 1061 2008 eius
1089 1949 1273 2026 prima
1303 1948 1547 2008 nominis
1578 1948 1770 2009 littera
1805 1947 2057 2019 effluxit;
2100 1965 2345 2028 respon·
2368 1972 2423 2014 20

335 2052 460 2094 sum
496 2042 606 2109 est,
639 2039 866 2092 centum
893 2031 1056 2091 solos
1087 2031 1212 2091 dies
1244 2033 1490 2111 posthac
1521 2035 1822 2110 victurum,
1854 2051 2025 2112 quem
2053 2051 2352 2093 numerum

337 2115 383 2178 C
415 2118 610 2177 littera
651 2124 910 2193 notaret,
949 2115 1313 2195 futurumque
1342 2125 1403 2176 ut
1432 2118 1583 2177 inter
1616 2116 1761 2177 deos
1788 2117 2141 2196 referretur,
2192 2115 2351 2196 quod

335 2219 536 2277 aesar,
577 2199 638 2259 id
672 2208 763 2259 est
785 2199 1012 2279 reliqua
1044 2218 1180 2279 pars
1210 2218 1245 2260 e
1279 2199 1548 2262 Caesaris
1580 2202 1842 2280 nomine,
1872 2180 2122 2262 &tr-usca
2151 2201 2351 2278 lingua

334 2286 475 2346 deus
507 2292 836 2345 vocaretur.
1575 2337 1590 2349 ,

462 2367 753 2429 Tiberium
802 2368 980 2445 igitur
1002 2369 1073 2426 ,in
1116 2367 1413 2443 Illyricum
1465 2368 1797 2429 dimissurus
1849 2378 1907 2428 et
1948 2369 2423 2434 Beneventumw

333 2471 518 2533 usque
572 2461 988 2532 prosecuturus
1010 2497 1030 2529 ,
1094 2470 1220 2512 cum
1275 2452 1748 2532 interpellatores
1803 2453 1932 2513 aliis
1992 2461 2163 2532 atque
2216 2452 2347 2513 aliis

336 2539 526 2598 causis
554 2539 613 2596 in
646 2537 772 2597 iure
809 2535 1056 2596 dicendo
1091 2536 1445 2613 detinerent,
1487 2537 1852 2614 exclamavit,
1884 2536 2038 2616 quod
2069 2545 2127 2596 et
2157 2537 2348 2615 ipsum

332 2640 468 2683 mox
510 2624 661 2682 inter
699 2621 885 2682 omina
923 2621 1167 2682 relatum
1214 2628 1338 2697 est,
1388 2638 1545 2696 non,
1591 2620 1651 2681 si
1690 2621 1896 2682 omnia
1922 2625 2344 2697 moroerentur,

335 2706 606 2785 amplius·
631 2723 703 2765 se
719 2704 991 2784 posthac
1018 2705 1257 2766 Romae
1285 2703 1563 2781 futurum
1577 2729 1607 2775 ,·
1638 2714 1808 2784 atque
1838 2706 2043 2765 itInere
2068 2704 2344 2766 inchoato

331 2792 602 2854 Asturam
642 2791 934 2868 perrexit,
979 2797 1039 2849 et
1067 2788 1231 2867 inde,
1274 2796 1511 2868 praeter
1542 2789 2014 2849 consuetudinem
2045 2789 2116 2850 de
2148 2797 2343 2867 nocte,
2364 2811 2420 2854 30

334 2877 406 2939 ad
449 2875 1023 2936 occasionem-aurae
1061 2881 1301 2933 evectus
1334 2890 1563 2933 causam
1593 2873 1919 2934 valitudinis
1949 2873 2239 2933 contraxit
2267 2891 2346 2932 ex

247 2976 318 3032 98
334 2960 620 3041 profluvio
660 2959 794 3019 alvi.
860 2957 1020 3017 Tunc
1053 2955 1403 3035 Campaniae
1439 2976 1540 3018 ora
1575 2958 1969 3037 proximisque
1998 2957 2198 3017 insulis
2234 2957 2340 3016 cir·
2409 3016 2417 3023 ,

336 3045 534 3122 cuitis,
571 3042 925 3122 Caprearum
959 3059 1189 3122 quoque
1224 3042 1486 3102 secessui
1522 3040 1894 3121 quadriduum
1921 3039 2218 3121 impendit,
2249 3058 2342 3100 re-

335 3127 672 3187 mississimo
704 3126 774 3188 ad
805 3129 979 3187 otium
1009 3134 1068 3186 et
1099 3125 1169 3187 ad
1201 3144 1427 3186 omnem
1458 3127 1785 3187 comitatem
1814 3127 2021 3187 animo.

459 3209 636 3268 Forte
664 3210 1038 3273 Puteolanum
1081 3212 1264 3271 sinum
1309 3210 1779 3289 praetervehenti
1804 3219 2081 3270 vectores
2110 3217 2341 3269 nautae·
2362 3227 2419 3269 3⁸

335 3311 447 3373 que
480 3291 552 3351 de
581 3295 713 3352 navi
747 3293 1170 3373 Alexandrina,
1215 3313 1363 3374 quae
1396 3303 1609 3355 tantum
1640 3294 1793 3374 quod
1823 3294 2162 3374 appulerat,
2208 3310 2341 3352 can-

335 3372 509 3436 didati
565 3380 937 3456 coronatique
982 3388 1041 3440 et
1079 3389 1204 3439 tura
1254 3378 1501 3440 libantes
1543 3380 1731 3440 fausta
1772 3379 1960 3439 omina
2004 3387 2060 3438 et
2100 3378 2342 3438 eximias

333 3457 536 3519 laudes
576 3471 1024 3542 congesserant,
1062 3482 1184 3542 per
1224 3462 1398 3525 illum
1432 3483 1502 3525 se
1538 3463 1778 3542 vivere,
1810 3479 1933 3543 per
1969 3461 2140 3524 illum
2166 3456 2340 3522 navi-
