2553 3960
1073 211 1414 261 TIBERIUS.
2188 200 2270 268 89

260 367 443 449 polim
483 364 588 426 sub
631 366 1016 446 inruptionem
1048 366 1232 427 hostis
1270 368 1559 445 navigium
1601 367 1749 430 clam
1790 367 2042 445 petentis
2073 370 2271 447 vagitu

263 468 368 513 suo
410 468 599 531 paene
641 449 732 510 bis
772 450 1054 530 prodidit,
1102 450 1286 511 semel
1318 469 1445 511 cum
1478 469 1511 512 a
1539 452 1776 513 nutricis
1807 449 2021 530 ubere,
2066 454 2270 514 iterum

265 554 394 597 cum
431 553 463 595 a
492 536 619 595 sinu
649 536 846 595 matris
887 537 1094 614 raptim
1135 535 1459 596 auferretur
1489 535 1560 595 ab
1590 538 1689 614 iis,
1736 536 1830 615 qui
1873 552 1981 614 pro
2015 540 2269 598 necessi·-

263 628 382 680 tate
413 621 692 698 temporis
726 618 1093 680 mulierculas
1125 618 1325 679 levare
1363 637 1542 680 onere
1577 618 1949 699 temptabant.
2037 620 2151 681 Per
2184 623 2269 683 Si·

216 719 243 761 ⁶
266 703 453 764 cilium
478 721 706 783 quoque
740 712 799 764 et
827 722 935 783 per
951 703 1230 764 Achaiam
1252 704 1691 784 circumductus,
1715 722 1785 764 ac
1802 703 2271 767 Lacedaemoniis

267 787 522 867 publice,
557 787 711 867 quod
737 790 792 848 in
824 787 1002 849 tutela
1037 787 1403 849 Claudiorum
1433 797 1617 867 erant,
1652 787 2042 867 demandatus,
2080 789 2269 867 digre-

266 872 432 933 diens
473 871 603 932 inde
643 874 848 933 itinere
878 881 1160 932 nocturno
1196 872 1502 933 discrimen
1536 874 1688 934 vitae
1719 873 1883 950 adiit,
1931 872 2153 934 flamma
2181 892 2269 934 re-

265 964 443 1036 pente
488 975 523 1017 e
565 956 727 1016 silvis
772 955 1019 1037 undique
1066 966 1299 1033 exorta,
1355 957 1616 1038 adeoque
1672 974 1894 1017 omnem
1947 959 2271 1019 comitatum

267 1039 692 1119 circumplexa,
736 1049 796 1101 ut
835 1039 1030 1101 Liviae
1078 1059 1213 1120 pars
1255 1044 1435 1101 vestis
1482 1050 1540 1102 et
1580 1040 1780 1121 capilli
1817 1040 2268 1102 amburerentur.

194 1142 245 1186 ιο
264 1124 537 1202 Munera,
583 1123 786 1203 quibus
817 1143 849 1185 a
884 1123 1186 1204 Pompeia,
1236 1125 1374 1185 Sex.
1415 1124 1654 1205 Pompei
1690 1142 1927 1203 sorore,
1975 1127 2032 1185 in
2073 1126 2271 1186 Sicilia
2302 1141 2307 1146 ’

264 1208 510 1269 donatus
541 1215 648 1285 est,
683 1207 881 1268 clamis
917 1218 976 1268 et
1004 1209 1178 1270 fibula
1205 1212 1341 1271 item
1365 1208 1556 1271 bullae
1588 1227 1817 1286 aureae,
1841 1208 2051 1276 „durant
2078 1218 2267 1271 osten-

264 1291 586 1371 dunturque
618 1292 799 1352 adhuc
825 1292 976 1354 Bais.
1029 1293 1170 1354 Post
1197 1293 1442 1354 reditum
1469 1296 1526 1354 in
1558 1294 1757 1355 urbem
1788 1312 1820 1353 a
1850 1293 1926 1354 Μ.
1960 1292 2144 1355 Gallio
2177 1312 2266 1354 se·

263 1386 469 1437 natore
492 1385 834 1446 testamento
860 1378 1183 1457 adoptatus,
1197 1377 1520 1439 hereditate
1554 1377 1704 1439 adita
1729 1395 1864 1454 mox
1887 1380 2114 1438 nomine
2138 1377 2266 1439 abs-

265 1462 456 1537 tinuit,
488 1459 643 1539 qnod
669 1459 885 1522 Gallius
919 1462 1291 1522 adversarum
1319 1461 1583 1540 Augusto
1619 1463 1864 1541 partium
1898 1461 2105 1522 fuerat.

194 1564 244 1605 15
390 1543 616 1604 Novem
638 1554 803 1605 natus
828 1564 1007 1606 annos
1038 1545 1368 1606 defunctum
1391 1555 1614 1625 patrem
1636 1562 1744 1624 pro
1770 1546 1974 1605 rostris
1997 1545 2267 1606 laudavit.

263 1627 489 1688 Dehinc
532 1627 863 1707 pubescens
891 1629 1136 1690 Actiaco
1168 1630 1453 1709 triumpho
1495 1647 1720 1690 currum
1759 1627 2005 1706 Augusti
2037 1630 2266 1691 comita-

266 1719 357 1773 tus
388 1719 478 1772 est
507 1712 866 1774 sinisteriore
897 1713 1073 1775 funali
1107 1731 1281 1794 equo,
1316 1732 1441 1792 cum
1470 1713 1780 1775 Marcellus
1812 1711 2087 1774 Octaviae
2119 1714 2269 1775 filius

267 1795 599 1856 dexteriore
630 1798 959 1858 veheretur.
1047 1797 1349 1859 Praesedit
1377 1807 1436 1858 et
1466 1800 1660 1858 asticis
1692 1797 1868 1875 ludis,
1906 1806 1964 1857 et
1993 1797 2268 1858 Troiam*

269 1879 646 1958 circensibus,
678 1882 882 1943 ductor
908 1891 1124 1942 turmae
1149 1900 1458 1961 puerorum
1488 1884 1781 1943 maiorum.

194 1987 247 2030 ιο
397 1964 565 2026 Virili
595 1973 735 2045 toga
766 1974 1020 2046 sumpta,
1060 1966 1507 2029 adulescentiam
1538 1985 1763 2029 omnem
1792 1965 2151 2047 spatiumque
2185 1967 2265 2026 in·
2287 1967 2320 2026 7

266 2052 562 2130 sequentis
614 2052 819 2111 aetatis
867 2069 1047 2130 usque
1099 2051 1169 2112 ad
1213 2054 1568 2132 principatus
1615 2053 1771 2113 initia
1809 2069 1918 2130 per
1954 2051 2101 2113 haec
2139 2051 2267 2112 fere

264 2136 568 2211 transegit.
625 2134 827 2195 Munus
857 2134 1258 2212 gladiatorium
1288 2139 1344 2196 in
1374 2137 1701 2198 memoriam
1734 2137 1913 2216 patris
1942 2144 2000 2196 et
2029 2135 2268 2197 alterum

264 2220 322 2277 in
352 2219 445 2277 avi
471 2216 875 2296 Drusi'dedit,
917 2219 1164 2282 diversis
1206 2220 1559 2300 temporibus
1606 2238 1674 2281 ac
1718 2221 1896 2296 locis,
1942 2222 2182 2298 primum
2212 2221 2268 2279 in

263 2302 430 2377 forn,
468 2302 778 2362 secundum
814 2303 871 2362 in
906 2303 1354 2382 amphitheatro,
1398 2305 1640 2365 rudiaris
1676 2322 1904 2384 quoque
1935 2303 2268 2384 quibusdam

190 2396 244 2436 ²5
264 2386 559 2446 revocatis
591 2396 1021 2447 auctoramento
1056 2396 1356 2447 centenum
1384 2388 1625 2457 milium:
1658 2388 1812 2449 dedit
1843 2395 1902 2447 et
1929 2386 2125 2465 ludos,
2164 2386 2269 2447 sed

266 2469 509 2530 absens:
543 2478 746 2530 cuncta
777 2472 1115 2548 magnifice,
1148 2473 1388 2550 inpensa
1415 2473 1611 2532 matris
1642 2490 1711 2532 ac
1743 2472 1950 2531 vitrici.

390 2552 794 2633 Agrippinam,
823 2554 1020 2615 Marco
1052 2554 1318 2634 Agrippa
1350 2558 1621 2633 genitam,
1654 2562 1887 2633 neptem
1918 2551 2137 2614 Caecili
2164 2552 2266 2614 At·

262 2639 361 2698 tici
396 2640 601 2716 equitis
615 2639 686 2699 R.
706 2638 776 2699 ad
811 2657 979 2719 quem
1009 2647 1138 2699 sunt
1155 2637 1456 2700 Ciceronis
1487 2638 1792 2718 epistolae,
1823 2638 1978 2699 duxit
1997 2653 2264 2708 uxorem;

264 2720 607 2801 sublatoque
643 2741 719 2782 ex
761 2740 830 2782 ea
862 2723 978 2782 lilio
1011 2722 1231 2800 Druso,
1284 2740 1603 2802 quanquam
1638 2722 1788 2783 bene
1831 2721 2270 2782 convenientem

192 2822 579 2884 sorursusque
622 2805 921 2883 gravidam
965 2806 1278 2885 dimittere,
1326 2826 1395 2868 ac
1422 2807 1620 2869 Iuliam
1650 2806 1897 2885 Augusti
1931 2805 2104 2866 filiam
2134 2822 2268 2865 con·
2309 2856 2316 2859 ,

262 2888 456 2950 festim
490 2898 727 2951 coactus
759 2900 848 2951 est
879 2891 1116 2968 ducere,
1143 2909 1257 2952 non
1287 2893 1411 2952 sine
1439 2910 1649 2970 magno
1676 2909 1894 2969 angono
1928 2890 2115 2966 animi,
2142 2907 2271 2949 cum

264 2981 324 3033 et
351 2972 712 3052 Agrippinae
747 2973 1160 3036 consuetudine
1191 2984 1486 3036 teneretur
1525 2984 1584 3036 et
1616 2975 1795 3037 Iuliae
1834 2991 2025 3034 mores
2059 2975 2267 3053 impro-

260 3055 459 3126 baret;
505 3066 565 3117 ut
592 3075 759 3137 quam
787 3061 1068 3119 sensisset
1098 3061 1184 3119 sui
1214 3077 1443 3139 quoque
1488 3059 1594 3120 sub
1624 3062 1822 3139 priore
1852 3058 2056 3118 marito
2090 3077 2267 3138 appe-

263 3148 507 3218 tentem,
539 3140 691 3222 quod
722 3161 861 3203 sane
893 3145 1065 3204 etiam
1095 3143 1272 3221 vulgo
1308 3143 1754 3205 existimabatur.
1845 3142 1963 3202 Sed
1989 3141 2266 3222 Agrippi-

188 3241 391 3285 anam
436 3234 495 3285 et
534 3224 806 3303 abegisse
847 3237 983 3306 post
1018 3228 1319 3288 divortium
1362 3228 1569 3306 doluit,
1614 3236 1673 3289 et
1716 3226 1896 3288 semel
1932 3229 2158 3287 omnino
2191 3245 2266 3286 ex

260 3324 511 3369 occursu
544 3310 726 3370 visam
757 3310 903 3372 adeo
936 3313 1221 3372 contentis
1255 3320 1314 3373 et
1341 3311 1661 3385 umentibus
1702 3310 1885 3371 oculis
1921 3317 2265 3390 prosecutus

260 3401 382 3469 est,
434 3402 496 3453 ut
539 3394 878 3455 custoditum
921 3398 993 3455 sit
1032 3414 1105 3455 ne
1150 3413 1410 3476 umquam
1440 3396 1495 3454 in
1531 3404 1906 3475 conspectum
1938 3396 1992 3454 ei
2020 3389 2265 3470 posthac

256 3477 506 3537 veniret.
600 3474 738 3537 Cum
769 3477 909 3541 Iulia
940 3482 1124 3562 primo
1158 3478 1528 3541 concorditer
1558 3489 1618 3541 et
1648 3497 1841 3542 amore
1875 3484 2066 3537 mutuo
2091 3472 2263 3539 vixit3
