2553 3960
266 213 390 277 262
771 227 830 276 ο.
858 225 1239 277 sum-omns
1271 226 1760 287 ‘ruminans

268 383 363 461 qui
391 383 605 462 primus
634 381 750 442 hoc
782 400 1108 461 cognomen
1129 382 1239 443 sibi
1261 380 1598 457 vindicavit,
1649 380 1952 460 multiplici
1981 380 2264 460 variaque

266 465 525 527 doctrina
549 466 911 526 censebatur.
957 465 1126 542 Quod
1148 484 1289 528 sane
1310 484 1385 527 ex
1409 466 1830 527 commentariis
1854 466 1979 524 eius
1996 475 2261 544 apparet,

267 568 588 629 quanquam
645 551 971 630 paucissimi
1018 560 1242 620 extent;
1308 549 1381 611 de
1425 567 1666 630 quorum
1719 559 1909 610 tamen
1952 551 2125 628 copia
2177 550 2265 609 sic

266 634 448 695 altera
471 634 542 695 ad
567 635 810 696 eundem
829 633 1096 695 Hermam
1126 635 1377 714 epistola
1405 636 1723 713 significat:
1761 631 1960 713 Hylen
1984 640 2264 694 nostram

266 719 412 780 aliis
432 726 722 780 memento
755 718 1211 796 commendare,
1245 736 1430 798 quam
1451 718 1646 781 omnis
1663 718 1912 797 qeneris
1932 717 2261 796 cchimuS,
2288 736 2316 774 s

263 803 355 863 uli
380 804 541 879 scic,
573 804 952 883 octinqentos
980 803 1044 864 in
1076 801 1291 865 libros.
1362 801 1554 863 Coluit
1581 810 1788 882 postea
1818 801 2265 862 familiarissime

267 885 333 947 C.
368 887 698 947 Sallustium
739 896 797 947 et
826 904 899 948 eo
927 886 1197 949 defuncto
1229 887 1490 948 Asinium
1524 885 1878 963 Pollionem,
1913 903 2059 965 quos
2085 886 2263 947 histo-

263 973 403 1032 riam
436 989 790 1052 componere
821 988 1171 1049 aggressos,
1205 973 1446 1032 alterum
1485 971 1773 1032 breviario
1797 989 1986 1031 rerum
2018 972 2265 1030 omnium

262 1057 667 1132 Romanarum,
696 1074 772 1115 ex
798 1056 1005 1135 quibus
1030 1074 1173 1135 quas
1196 1056 1378 1116 vellet
1408 1055 1676 1133 eligeret,
1706 1055 1993 1132 instruxit,
2021 1054 2262 1115 alterum

267 1143 599 1220 praeceptis
634 1139 706 1199 de
746 1141 972 1199 ratione
1012 1139 1323 1200 scribendi.
1399 1139 1527 1214 Quo
1573 1141 1758 1218 magis
1799 1140 1974 1199 miror
2004 1137 2264 1198 Asinium
2290 1154 2340 1195 io

267 1224 608 1301 credidisse,
635 1225 867 1302 antiqua
891 1241 1020 1283 eum
1043 1224 1223 1284 verba
1242 1233 1302 1284 et
1326 1224 1540 1301 figuras
1564 1223 1795 1284 solitum
1818 1241 1954 1284 esse
1979 1223 2262 1301 colligere

265 1307 570 1377 Sallustio;
600 1326 725 1367 cum
749 1305 861 1367 sibi
885 1309 1033 1367 sciat
1059 1308 1199 1368 nihil
1222 1307 1377 1368 aliud
1402 1308 1646 1368 suadere
1678 1326 1845 1386 quam
1869 1317 1928 1368 ut
1952 1317 2088 1368 noto
2126 1309 2265 1368 civi·

265 1393 424 1471 lique
460 1401 519 1451 et
557 1393 796 1470 proprio
825 1409 1094 1452 sermone
1125 1401 1343 1468 utatur,
1386 1393 1647 1471 vitetque
1671 1395 1916 1454 maxime
1942 1391 2264 1452 obscurita·
2298 1410 2307 1415 ·

266 1485 380 1537 tem
413 1475 668 1536 Sallustii
699 1484 756 1536 et
786 1474 1081 1536 audaciam
1113 1478 1170 1536 in
1202 1476 1689 1537 translationibus.

182 1581 246 1635 11
390 1560 453 1621 P.
486 1560 754 1621 Valerius
788 1558 965 1635 Cato,
1006 1569 1067 1620 ut
1097 1560 1357 1621 nonnulli
1390 1560 1765 1639 tradiderunt,
1799 1562 2040 1622 Burseni
2074 1563 2263 1622 cuius·
2291 1575 2340 1614 1⁵

266 1647 394 1706 dam
434 1644 677 1705 libertus
718 1662 792 1705 ex
840 1644 1055 1714 Gallia3
1116 1644 1245 1722 ipse
1286 1644 1519 1722 libello,
1566 1648 1655 1705 cui
1705 1655 1792 1706 est
1836 1646 2030 1707 titulus
2067 1645 2265 1707 Indi·

265 1729 518 1806 gnatio
538 1774 556 1805 ,
586 1731 895 1806 ingenuum
928 1747 993 1788 se
1024 1738 1215 1789 natum
1246 1730 1325 1789 ait
1354 1737 1411 1789 et
1444 1729 1723 1808 pupillum
1754 1730 2044 1808 relictum,
2076 1747 2267 1809 eoque
2338 1748 2351 1757 ·

264 1813 493 1873 facilius
523 1812 753 1873 licentia
788 1811 1008 1886 Syllani
1039 1815 1319 1892 temporis
1350 1822 1579 1874 exutum
1615 1815 1978 1893 patrimonio.
2052 1814 2268 1874 Docuit

265 1896 474 1957 multos
506 1906 564 1957 et
594 1896 850 1974 nobiles,
895 1897 1171 1976 visusque
1208 1905 1299 1957 est
1330 1896 1682 1977 peridoneus
1716 1908 2103 1978 praeceptor,
2149 1917 2264 1957 ma·

266 1984 418 2042 xime
463 1980 534 2043 ad
577 1984 866 2060 poeticam
904 1979 1300 2061 tendentibus,
1341 1991 1402 2042 ut
1440 1983 1666 2063 quidem
1699 2003 1987 2064 apparere
2035 1983 2131 2045 vel
2176 1982 2340 2047 hisso

266 2066 573 2126 versiculis
603 2074 829 2145 potest:

679 2153 808 2209 Cato
835 2156 1227 2226 qrammaticus
1241 2198 1255 2221 ,
1291 2155 1491 2212 latina
1527 2155 1707 2226 Siren,

681 2236 789 2304 Qui
808 2239 957 2294 solus
985 2241 1107 2311 leyit
1137 2254 1205 2293 ac
1231 2238 1376 2310 facit
1421 2247 1637 2313 poetas.

266 2317 322 2377 Is
370 2318 606 2395 scripsit
641 2326 874 2395 praeter
914 2320 1321 2396 grammaticos
1359 2318 1595 2380 libellos
1642 2321 1812 2380 etiam
1848 2330 2146 2400 poemata,
2192 2340 2266 2380 ex

270 2400 475 2479 quibus
516 2402 829 2479 praecipue
851 2401 1166 2480 probantur
1199 2400 1419 2476 Lydia
1459 2413 1517 2464 et
1537 2403 1782 2465 Diana.
1828 2404 2041 2480 Lydiae
2067 2404 2266 2467 Ticida
2288 2428 2341 2469 25

267 2485 549 2545 meminit:

698 2575 874 2647 Lydia
902 2576 1183 2632 doctorum
1216 2578 1463 2632 maxima
1487 2593 1627 2633 cura
1658 2577 1792 2633 liber
1804 2601 1821 2639 ‚-

266 2652 488 2714 Dianae
520 2651 726 2713 Cinna:

477 2741 478 2746 ’
615 2741 816 2798 Secula
838 2751 1173 2814 permaneat
1196 2745 1375 2800 nostri
1403 2745 1679 2815 Dictynna
1710 2736 1945 2801 Catonis,

268 2823 430 2884 Vixit
458 2821 529 2882 ad
554 2830 867 2882 extremam
894 2832 1188 2883 senectam
1205 2869 1223 2901 ,
1255 2823 1362 2885 sed
1391 2824 1447 2882 in
1478 2841 1691 2883 summa
1715 2824 1998 2902 pauperie
2029 2833 2084 2884 et
2114 2841 2268 2903 pene
2291 2843 2344 2885 ao

268 2907 498 2985 inopia,
530 2904 755 2965 abditus
784 2906 1015 2966 modico
1044 2909 1384 2983 gurgustio,
1425 2916 1729 2986 postquam
1762 2906 2089 2969 Tusculana
2127 2907 2268 2966 villa

270 2990 653 3051 creditoribus
682 2998 974 3066 cesserat,
1005 3000 1066 3049 ut
1097 2999 1300 3050 auctor
1332 2998 1422 3050 est
1453 2989 1792 3051 Bibaculus:

680 3078 745 3135 Si
772 3080 893 3152 quis
917 3077 1065 3151 forte
1097 3080 1206 3134 mei
1229 3080 1445 3134 domum
1475 3078 1717 3144 Catonia,

676 3164 938 3233 Depictas
965 3164 1127 3219 minio
1157 3166 1405 3231 assulas,
1436 3169 1489 3217 et
1510 3164 1631 3218 illos

675 3246 917 3302 Custodia
949 3247 1092 3302 videl
1121 3246 1367 3303 hortulos
1391 3245 1595 3318 Priapi
1605 3272 1620 3302 .·
2290 3265 2345 3307 ss

680 3328 951 3399 Miratur,
981 3330 1171 3402 quibus
1196 3332 1284 3386 ille
1312 3332 1608 3402 disciplinis

684 3410 913 3466 Tantam
940 3417 1009 3469 sit
1038 3417 1361 3486 sapientiam
1395 3422 1697 3484 assecuta-9,

688 3492 855 3559 Quem
884 3501 995 3552 tres
1023 3500 1305 3566 cauliculi,
1337 3499 1537 3555 selibra
1564 3500 1769 3571 sarria,
