2553 3960
951 260 1158 309 Divus
1191 260 1569 310 menemus,
2210 249 2286 310 71

288 424 346 475 et
376 416 501 474 sine
528 432 816 475 marmore
850 415 966 475 ullo
993 424 1090 475 aut
1113 416 1324 492 insigni
1351 416 1677 493 pavimento
1710 416 2029 477 conclavia.
2062 414 2155 476 Ac
2184 434 2292 495 per

285 515 471 559 annos
505 499 750 578 amplius
783 498 1159 578 quadraginta
1198 499 1405 559 eodem
1443 498 1713 560 cubiculo
1750 500 1939 559 hieme
1974 507 2035 560 et
2070 507 2291 559 aestate

286 588 515 659 mansit,
548 584 805 662 quamvis
837 601 1036 662 parum
1060 582 1350 643 salubrem
1381 582 1679 643 valitudini
1707 600 1846 643 suae
1878 583 2081 643 urbem
2101 581 2290 642 hieme

286 667 683 744 experiretur,
728 666 1073 746 assidueque
1117 667 1176 725 in
1214 666 1360 727 urhe
1405 666 1703 728 hiemaret.
1775 668 1836 725 Si
1877 666 2105 747 quando
2157 665 2292 745 quid

239 764 266 804 ⁵
286 760 524 811 secreto
567 760 663 810 aut
691 752 818 809 sine
852 750 1323 829 interpellatione
1354 768 1536 826 agere
1566 751 2004 829 proposuisset,
2050 757 2175 810 erat
2207 748 2291 809 illi

285 836 453 895 locus
503 837 558 893 in
600 833 757 893 edito
806 832 1147 911 singularis,
1198 851 1368 913 quem
1412 835 1735 908 Syracusas
1778 842 1838 893 et
1878 833 2291 911 technophyon

286 918 561 979 vocabat:
587 917 701 977 huc
725 918 1022 994 transibat,
1050 927 1144 978 aut
1167 919 1225 977 in
1248 916 1486 978 alicuius
1511 917 1851 978 libertorum
1874 917 2286 985 suburbanum;

282 1020 469 1080 aeger
520 1011 709 1062 autem
756 1002 815 1060 in
866 1001 1036 1061 domo
1080 1002 1433 1062 Maecenatis
1481 1000 1746 1061 cubabat.
1820 1001 1914 1061 Ex
1953 1000 2289 1062 secessibus

282 1086 602 1166 praecipue
640 1086 1030 1165 frequentavit
1070 1086 1348 1145 maritima
1386 1084 1719 1165 insulasque
1766 1083 2149 1165 Campaniae,
2194 1092 2292 1144 aut

210 1186 264 1229 ιο
283 1170 549 1249 proxima
579 1168 708 1228 urbi
739 1169 982 1248 oppida,
1014 1168 1341 1245 Lanuvium,
1370 1167 1719 1246 Praeneste,
1751 1168 1960 1247 Tibur,
1992 1168 2089 1229 ubi
2118 1170 2289 1229 etiam

278 1254 339 1314 in
384 1253 706 1331 porticibus
744 1253 1018 1313 Herculis
1062 1253 1260 1331 templi
1309 1270 1597 1331 persaepe
1641 1255 1727 1312 ius
1762 1253 1921 1313 dixit.
1980 1252 2192 1331 Ampla
2231 1261 2292 1312 et

280 1354 537 1416 operosa
582 1338 873 1415 praetoria
903 1336 1272 1414 gravabatur.
1333 1335 1409 1396 Et
1438 1338 1629 1416 neptis
1660 1337 1888 1416 quidem
1917 1356 2057 1398 suae
2084 1336 2286 1414 Iuliae,

279 1421 524 1501 profuse
573 1421 644 1481 ab
696 1440 764 1481 ea
808 1429 1104 1498 extructa,
1161 1422 1331 1481 etiam
1381 1420 1550 1480 diruit
1604 1420 1676 1481 ad
1717 1421 1940 1498 solum,
1997 1440 2101 1482 sua
2141 1437 2285 1480 vero

282 1506 542 1584 quamvis
583 1505 811 1565 modica
854 1522 971 1564 non
1012 1514 1123 1565 tam
1173 1513 1485 1565 statuarum
1530 1504 1962 1584 tabularumque
2005 1506 2287 1583 pictarum

210 1607 262 1648 ιε
283 1598 506 1665 ornatu,
538 1607 706 1668 quam
734 1590 924 1663 xystis
956 1597 1016 1648 et
1042 1587 1375 1648 nemoribus
1401 1587 1657 1647 excoluit
1680 1588 1972 1667 rebusque
1995 1596 2285 1648 vetustate

280 1691 352 1733 ac
380 1674 616 1733 raritate
646 1671 1026 1733 notabilibus:
1059 1672 1251 1752 qualia
1281 1682 1412 1732 sunt
1443 1670 1686 1749 Capreis
1719 1673 2039 1731 immanium
2065 1670 2283 1733 bellua-

279 1775 405 1816 rum
441 1757 806 1835 i'erarumque
841 1756 1096 1818 membra
1142 1755 1560 1835 praegrandia,
1607 1773 1755 1833 quae
1784 1754 2046 1817 dicuntur
2077 1753 2284 1835 Gigan-

280 1850 397 1900 tum
441 1858 578 1901 ossa
619 1850 678 1900 et
706 1859 860 1901 arma
886 1841 1159 1901 Heroum.
1214 1839 1583 1900 Instrumenti
1626 1841 1751 1898 eius
1794 1847 1853 1898 et
1897 1841 2373 1921 supellectilis73

280 1925 628 2004 parsimonia
669 1933 914 2005 apparet
958 1927 1130 1986 etiam
1176 1942 1328 1984 nunc
1361 1922 1609 1984 residuis
1639 1922 1811 1986 lectis
1849 1934 2022 2006 atque
2050 1927 2285 2002 mensis,

205 2024 523 2089 eoquorum
562 2010 845 2088 pleraque
892 2011 991 2069 vix
1038 2010 1299 2088 privatae
1332 2009 1658 2085 elegantiae
1689 2008 1820 2070 sint.
1881 2010 1972 2071 Ne
2003 2019 2136 2070 toro
2167 2011 2285 2089 qui-

280 2093 410 2155 dem
442 2092 710 2153 cubuisse
741 2095 896 2154 aiunt
923 2093 1032 2152 uisi
1065 2092 1261 2152 humili
1294 2101 1353 2152 et
1381 2092 1613 2155 modice
1642 2095 1901 2155 instrato.
1964 2096 2149 2155 Veste
2172 2111 2288 2152 non

278 2188 502 2238 temere
548 2177 660 2237 alia
692 2195 860 2256 quam
892 2176 1212 2237 domestica
1241 2195 1378 2236 usus
1408 2186 1530 2255 est,
1575 2176 1647 2238 ab
1680 2195 1891 2239 sorore
1926 2187 1984 2238 et
2015 2196 2199 2238 uxore
2231 2185 2290 2236 et

279 2261 400 2324 filia
429 2260 814 2340 neptibusque
848 2261 1151 2330 confecta;
1185 2262 1345 2338 togis
1368 2279 1557 2340 neque
1580 2263 1869 2322 restrictis
1897 2280 2089 2341 neque
2120 2262 2287 2336 fusis,

279 2344 450 2406 clavo
482 2363 594 2404 nec
627 2345 746 2405 lato
776 2363 888 2405 nec
917 2354 1198 2423 angusto,
1244 2344 1634 2406 calciamentis
1671 2346 2020 2422 altiusculis,
2062 2354 2123 2405 ut
2151 2362 2287 2424 pro-

202 2444 258 2484 2⁶
282 2429 480 2489 cerior
522 2444 690 2508 quam
735 2438 862 2490 erat
905 2430 1221 2490 videretur.
1294 2428 1371 2489 Et
1413 2430 1671 2489 forensia
1712 2439 1900 2490 autem
1937 2438 1998 2490 et
2048 2429 2288 2490 calceos

278 2530 587 2591 numquam
616 2530 732 2572 non
772 2514 920 2573 intra
963 2513 1289 2575 cubiculum
1327 2512 1522 2574 habuit
1562 2513 1635 2573 ad
1666 2513 1890 2573 subitos
1920 2515 2285 2592 repentinos-

278 2614 393 2675 que
430 2614 600 2656 casus
633 2605 852 2676 parata.

365 2677 795 2746 convivabatur
843 2681 1073 2742 assidue
1127 2700 1237 2741 nec
1281 2698 1548 2759 umquam
1593 2681 1701 2739 nisi
1743 2689 1937 2755 recta,
1994 2696 2111 2738 non
2161 2681 2285 2738 sine
2301 2676 2369 2734 ⁷4

275 2781 491 2841 magno
536 2764 798 2824 ordinum
839 2765 1247 2844 hominumque
1292 2763 1528 2825 dilectu.
1586 2763 1861 2824 Valerius
1889 2762 2143 2824 Messala
2173 2772 2285 2823 tra-

202 2847 389 2923 sodit,
428 2850 713 2908 neminem
753 2867 1018 2928 umquam
1060 2848 1458 2909 libertinorum
1496 2847 1804 2909 adhibitum
1844 2847 1916 2909 ab
1961 2865 2035 2907 eo
2070 2865 2285 2908 caenae

278 2942 536 3009 excepto
586 2932 790 3009 Mena,
846 2932 951 2993 sed
997 2941 1223 2993 asserto
1266 2935 1326 2993 in
1366 2934 1779 3010 ingenuitatem
1822 2942 1960 3013 post
2002 2931 2285 3010 proditam

276 3016 443 3077 Sexti
474 3015 716 3096 Pompei
759 3017 1027 3078 classem.
1089 3016 1227 3095 Ipse
1273 3016 1508 3094 scribit,
1548 3017 1824 3078 invitasse
1868 3036 1935 3076 se
1980 3014 2283 3094 quendam,

273 3102 335 3160 in
369 3102 532 3160 cuius
561 3101 703 3162 villa
731 3110 1010 3178 maneret,
1043 3103 1139 3180 qui
1173 3101 1514 3178 speculator
1543 3119 1678 3161 suus
1707 3100 1844 3161 olim
1870 3101 2095 3160 fuisset.
2135 3098 2287 3161 Gon-

272 3184 430 3243 vivia
470 3201 896 3265 nonnumquam
942 3193 1002 3244 et
1048 3187 1235 3244 serius
1276 3184 1455 3245 inibat
1500 3192 1560 3244 et
1591 3187 1865 3246 maturius
1899 3184 2285 3264 relinquebat,

199 3284 254 3325 ss
275 3286 404 3328 cum
440 3271 727 3330 convivae
769 3278 828 3329 et
867 3287 1114 3330 caenare
1156 3270 1484 3348 inciperent
1524 3270 1684 3347 prius
1713 3288 1880 3348 quam
1910 3269 2011 3329 ille
2045 3269 2285 3329 discum-

271 3350 483 3429 beret,
518 3362 578 3413 et
608 3362 1017 3431 permanerent
1048 3352 1323 3429 digresso
1358 3371 1453 3414 eo.
1522 3351 1775 3414 Caenam
1806 3352 1986 3413 ternis
2022 3350 2285 3426 ferculis,

273 3443 373 3495 aut
414 3455 544 3496 cum
588 3437 1072 3497 abundantissime
1104 3438 1263 3496 senis
1292 3435 1647 3516 praebebat,
1696 3445 1757 3496 ut
1786 3455 1903 3497 non
1932 3436 2108 3495 nimio
2138 3450 2286 3491 sum-

274 3526 407 3596 ptu,
438 3520 517 3581 ita
548 3539 763 3581 summa
799 3522 1088 3582 comitate.
1148 3520 1294 3582 Nam
1326 3530 1385 3581 et
1413 3520 1484 3581 ad
1517 3521 1975 3581 communionem
2005 3514 2289 3575 sermonis
