2553 3960
445 251 713 298 LXXXIV
1141 246 1556 296 PRAEFATIO.

567 414 703 480 297,
745 413 781 462 4
822 423 958 466 vero
986 408 1246 469 Muretus.
1318 408 1453 481 fere
1473 405 1820 463 Casaubonus
1859 403 1869 481 Ι
1907 410 1939 460 5
1977 408 2252 462 traditum

447 502 532 552 est
558 493 868 551 Lambinus,
914 492 1110 548 Totum
1132 491 1313 548 locum
1344 498 1406 549 ut
1428 505 1562 549 vere
1582 519 1666 530 -
1689 498 2079 563 emungentem
2100 489 2254 545 Chri-

447 579 655 637 stianus
693 577 805 633 Iani
848 575 1017 632 deleri
1057 574 1173 631 vult
1212 575 1410 633 collato
1449 576 1687 631 Auctore
1728 574 1795 630 ad
1835 574 2166 630 Herennium
2195 578 2252 642 4,

443 668 529 717 54.
587 661 738 718 Adde
775 659 1103 717 Macrobium
1143 660 1358 716 Saturn.
1390 665 1444 729 ’1,
1474 665 1528 728 3,
1559 665 1611 715 6.
1673 658 2021 714 Plutarchum
2058 656 2249 714 Moral.

445 765 499 821 p.
526 753 624 801 631
645 747 704 802 Ι).
763 745 1059 818 Diogenem
1087 743 1361 799 Laertium
1390 749 1443 813 4,
1473 748 1558 797 46.
1621 742 1838 799 Suidam
1868 760 1911 802 S.
1943 760 1991 797 v.
2024 731 2246 816 ἀγκών.

442 829 695 887 Proverb.
727 829 935 886 Schott.
965 835 1014 899 1,
1043 833 1093 882 9.
1136 821 1147 906 Ι
1187 834 1251 882 10
1279 829 1534 899 Auyusto
1562 831 1622 883 in
1649 830 1898 900 qratiam
1925 830 2255 883 insinuatus

444 914 736 971 Lambinus
774 907 784 989 Ι
826 919 887 966 11
917 915 1190 969 dilexerit
1227 912 1333 968 Par
1361 916 1511 965 7977.
1575 911 1745 967 Bonn.
1805 911 2045 966 Muretus
2077 916 2132 965 et
2160 909 2252 963 Vi·

447 1007 608 1055 netus
637 1015 737 1072 pro
762 999 967 1054 dilexit
1004 991 1014 1073 Ι
1056 1001 1119 1050 14
1148 1004 1209 1053 tu
1239 1003 1396 1054 tuum
1415 995 1657 1051 Muretus
1675 1012 1773 1068 pro
1806 1000 1983 1050 tutum
2021 991 2030 1066 Ι
2071 997 2133 1047 15
2161 996 2250 1050 in-

446 1085 584 1139 nulo
626 1098 749 1155 ego.
821 1083 1058 1137 hinnulo
1089 1079 1534 1153 OudendorpiuS,
1578 1078 1676 1134 cfr.
1709 1079 1914 1134 Nonius
1944 1095 1997 1151 p.
2035 1083 2162 1146 122,
2194 1082 2246 1130 6.

444 1166 652 1222 Plinius
691 1182 744 1220 n.
789 1165 842 1220 h.
887 1169 919 1218 8
961 1165 1156 1236 3112.
1238 1166 1410 1221 kinno
1450 1178 1539 1219 me
1575 1162 1884 1218 Lambinus,
1965 1165 2113 1218 mulo
2160 1177 2252 1216 me

447 1246 1074 1346 Baumgarten-Crusoius
1146 1249 1356 1305 Ninnio
1394 1247 1453 1303 P.
1487 1246 1765 1303 Pithoeus,
1820 1249 2013 1314 mimo,
2058 1248 2250 1314 minio,

448 1335 638 1402 nimio,
682 1349 871 1402 muno,
913 1334 1066 1389 ninio
1106 1331 1231 1387 libri
1268 1332 1279 1404 Ι
1321 1336 1383 1385 18
1413 1333 1641 1400 obtulit,
1687 1338 1750 1387 ut
1777 1332 1887 1387 hoc
1913 1328 2205 1384 Lambinus
2231 1287 2250 1403 Ι

447 1423 513 1472 21
543 1431 582 1473 a
614 1423 667 1473 te
687 1415 790 1471 Par
809 1420 964 1485 8214,
993 1415 1232 1471 Nannius
1254 1432 1356 1489 pro
1382 1421 1435 1471 te
1450 1405 1483 1492 Ι
1521 1416 1817 1472 adducere
1836 1414 1940 1470 Par
1961 1418 2115 1482 8214,
2138 1413 2252 1467 Mu·

447 1509 598 1557 retus
636 1499 645 1572 Ι
681 1503 858 1573 iyitur
893 1499 1136 1566 Muretus
1172 1495 1181 1575 Ι
1220 1504 1290 1553 24
1329 1513 1638 1572 suyyerere
1680 1501 1887 1555 destitit
1914 1497 2204 1552 Lambinus
2239 1488 2248 1572 Ι

445 1591 512 1639 32
563 1576 1191 1678 ἆνθυπερηφανοῦμεν
1237 1583 1603 1639 casaubonus.
1674 1573 2251 1655 ἄνθυπερηφανεύο-

447 1687 554 1743 μεν
601 1669 857 1725 Nannius
937 1653 1523 1741 ὖπερηφανευόμεθα
1572 1664 1882 1723 LambinuS.
1945 1657 2254 1736 ἀνθυπερ-

448 1757 785 1828 φρονοῦμεν
811 1751 1052 1822 Muretus
1081 1768 1183 1825 pro
1213 1751 1969 1808 ΑΝΘΠΘΡΘΦΑΝΟΥΜΘΝ
2007 1745 2017 1826 Ι
2054 1755 2121 1803 33
2151 1766 2252 1822 pu·

451 1837 723 1893 tissimum
748 1818 1039 1891 Lambinus
1077 1833 1088 1908 Ι
1122 1850 1327 1906 penem
1353 1835 1595 1890 Muretus
1623 1851 1723 1908 pro
1751 1849 1962 1906 paene,
1997 1848 2252 1905 poenae,

446 1936 599 1994 pene
625 1917 646 1993 Ἰ
684 1925 750 1973 36
772 1925 1057 1992 perpetuo
1083 1919 1217 1975 Edd.
1250 1919 1349 1974 cl'r.
1382 1918 1588 1974 Gellius
1616 1923 1671 1988 2,
1704 1924 1788 1988 12,
1821 1924 1867 1971 1.

574 2010 695 2075 298,
725 2010 756 2058 3
787 2007 1123 2062 mentionem
1145 2004 1374 2077 factam
1400 2002 1691 2059 Lambinus
1729 1997 1739 2077 Ι
1776 2002 2003 2059 Iratum
2043 2001 2255 2058 Lambi-

449 2107 551 2145 nus
590 2083 600 2166 Ι
636 2094 671 2142 4
698 2091 953 2161 loqueris
973 2087 1120 2144 Henr
1141 2088 1446 2162 Stephanus
1483 2081 1494 2163 Ι
1532 2093 1564 2141 6
1594 2088 1673 2142 ad
1700 2101 1762 2143 se
1793 2088 2052 2148 omittunt
2077 2085 2212 2146 Edd.

452 2179 514 2228 12
549 2173 695 2230 Item
733 2173 1018 2229 Horatius
1056 2174 1253 2229 habitu
1295 2188 1377 2226 ms
1418 2172 1611 2228 Nannii
1646 2165 1657 2247 Ι
1697 2172 1884 2230 brevis
1915 2172 2033 2245 fuit
2071 2170 2205 2226 Edd.

452 2262 517 2312 14
552 2258 860 2330 Dionysius
897 2257 1154 2317 Nannius.
1241 2255 1537 2312 Onesimus
1576 2254 1779 2312 Glaser.
1865 2256 2120 2329 Anysius
2171 2262 2258 2310 est

448 2340 592 2415 apud
628 2340 837 2415 Lydum
877 2359 931 2414 p.
976 2347 1074 2410 61,
1113 2346 1182 2394 20
1230 2340 1401 2396 Bonn.
1442 2334 1454 2417 Ι
1492 2346 1634 2408 ut,a
1679 2346 1963 2397 causante
2002 2356 2125 2414 ego.
2191 2346 2259 2394 ut

449 2439 717 2482 accusem
772 2432 826 2479 te
877 2425 1118 2499 Bentley.
1207 2438 1280 2480 ne
1333 2439 1603 2481 accusem
1658 2431 1713 2480 te
1754 2422 2117 2480 CasaubonuS.
2192 2430 2260 2480 ut

448 2527 563 2566 non
592 2523 862 2564 accusem
889 2509 1220 2565 brevitatem
1248 2506 1506 2564 Nannius
1585 2512 1647 2564 ut
1687 2514 2060 2564 accusantem
2087 2505 2211 2563 libri
2242 2499 2252 2584 Ι

451 2597 514 2647 17
537 2593 644 2649 sed
664 2595 716 2648 si
735 2593 834 2647 tibi
852 2592 1022 2647 Bonn.
1042 2588 1128 2667 (ἲ)
1157 2590 1290 2646 Edd.
1333 2585 1343 2667 Ι
1384 2596 1447 2645 18
1483 2596 1545 2648 ut
1565 2591 1668 2647 Par
1686 2596 1839 2653 7977.
1882 2592 2049 2646 Vatic.
2082 2591 2253 2647 Bonn.

449 2695 562 2751 quo
602 2675 893 2732 Salmasius
943 2692 1043 2749 pro
1087 2693 1215 2732 cum
1251 2668 1262 2752 Ι
1304 2680 1366 2729 19
1405 2667 1832 2751 ὀγκωδέστατος
1872 2675 2112 2731 Nannius
2154 2692 2256 2749 pro

451 2761 1050 2816 ΟΤΚωΔΗΟΤΑΤΟΟ
1099 2752 1112 2837 Ι
1157 2766 1224 2814 20
1301 2760 1591 2817 Vener-eas
1641 2759 1773 2820 Edd.
1820 2757 1831 2834 Ι
1880 2765 1946 2814 21
2003 2759 2258 2817 scortum

450 2846 506 2901 d.
552 2845 609 2901 h.
656 2846 989 2916 dispositum
1032 2874 1116 2884 —
1159 2847 1342 2900 coitus
1387 2845 1647 2901 obviaret
1697 2844 1801 2900 Par
1841 2849 2004 2899 7977..
2082 2843 2255 2899 Bonn.

450 2931 690 3000 specula
735 2932 793 2984 in
839 2924 955 3004 (vel
1000 2924 1143 3002 toto)
1188 2928 1450 2984 cubiculo
1507 2934 1777 2985 scortans
1819 2928 2257 3001 Oudendorpius,

449 3011 712 3086 Lessing,
757 3012 960 3069 Glaser.
1050 3012 1244 3068 Totum
1294 3011 1473 3068 locum
1526 3013 1621 3068 Ad
1659 3028 1757 3069 res
1799 3041 1882 3052 —
1925 3013 2259 3086 referretur

451 3096 801 3169 proscribunt
829 3097 1044 3166 Dacier,
1074 3095 1325 3169 Bentley,
1356 3095 1619 3170 Lessing;
1663 3096 1759 3156 cfr.
1786 3099 1870 3152 ita
1901 3103 1963 3154 ut
1994 3098 2258 3153 cubiculo

453 3183 748 3251 speculato
794 3187 1056 3237 uteretur
1097 3196 1207 3252 quo
1237 3194 1300 3234 se
1329 3187 1623 3237 coeuntem
1658 3182 1876 3237 videret
1911 3180 1967 3236 in
2008 3181 2111 3237 alia
2149 3182 2258 3235 vita

451 3263 674 3319 Horatii.
735 3271 799 3321 ut
829 3266 1149 3321 cubiculum
1169 3280 1333 3320 suum
1362 3268 1613 3343 speculis
1630 3267 1947 3322 adornaret
1970 3273 2258 3337 quatenus

453 3354 508 3403 et
551 3350 757 3404 coitum
800 3366 964 3405 suum
1009 3354 1275 3421 spectare
1322 3357 1515 3421 posset
1559 3349 1625 3405 de
1663 3350 1879 3406 Cratino
1924 3350 1981 3406 in
2025 3348 2258 3408 Scholiis

453 3429 519 3485 ad
548 3429 756 3486 Horatii
798 3432 956 3504 epist.
993 3438 1053 3503 1,
1102 3438 1195 3504 19,
1243 3439 1289 3486 1.
1365 3433 1570 3490 Similia
1613 3434 1679 3489 de
1722 3433 1913 3490 Hostio
1960 3432 2120 3489 habet
2162 3434 2258 3491 Se-

453 3529 585 3568 neca
626 3520 833 3587 quaest.
879 3522 1057 3578 natur,
1106 3523 1166 3587 1,
1215 3523 1298 3574 16.
1385 3517 1452 3573 de
1495 3516 1709 3574 Tiberio
1755 3517 2049 3574 Suetonius
2094 3534 2261 3593 supra
