<?xml version="1.0" encoding="UTF-8"?>
<!DOCTYPE html PUBLIC "-//W3C//DTD XHTML 1.0 Transitional//EN"
    "http://www.w3.org/TR/xhtml1/DTD/xhtml1-transitional.dtd">
<html xmlns="http://www.w3.org/1999/xhtml" xml:lang="en" lang="en">
 <head>
  <title>
</title>
<meta http-equiv="Content-Type" content="text/html;charset=utf-8" />
  <meta name='ocr-system' content='tesseract 3.04.00' />
  <meta name='ocr-capabilities' content='ocr_page ocr_carea ocr_par ocr_line ocrx_word'/>
</head>
<body>
  <div class='ocr_page' id='page_1' title='image "./csuetonitranqui06rothgoog_0207.png"; bbox 0 0 2553 3960; ppageno 0'>
   <div class='ocr_carea' id='block_1_1' title="bbox 1107 224 2285 285">
    <p class='ocr_par' dir='ltr' id='par_1_1' title="bbox 1107 224 2285 285">
     <span class='ocr_line' id='line_1_1' title="bbox 1107 224 2285 285; baseline 0.003 -3"><span class='ocrx_word' id='word_1_1' title='bbox 1107 234 1448 284; x_wconf 70' lang='lat' dir='ltr'>mmmmm.</span> <span class='ocrx_word' id='word_1_2' title='bbox 2202 224 2285 285; x_wconf 83' lang='lat'>95</span> 
     </span>
    </p>
   </div>
   <div class='ocr_carea' id='block_1_2' title="bbox 187 380 2365 3582">
    <p class='ocr_par' dir='ltr' id='par_1_2' title="bbox 187 380 2365 3582">
     <span class='ocr_line' id='line_1_2' title="bbox 270 380 2283 469; baseline 0.001 -19"><span class='ocrx_word' id='word_1_3' title='bbox 270 409 347 451; x_wconf 88' lang='lat' dir='ltr'>ne</span> <span class='ocrx_word' id='word_1_4' title='bbox 399 406 512 469; x_wconf 87' lang='lat' dir='ltr'>qua</span> <span class='ocrx_word' id='word_1_5' title='bbox 558 380 1005 468; x_wconf 80' lang='lat' dir='ltr'>deportarentur</span> <span class='ocrx_word' id='word_1_6' title='bbox 1049 389 1161 448; x_wconf 89' lang='lat' dir='ltr'>nisi</span> <span class='ocrx_word' id='word_1_7' title='bbox 1205 406 1492 450; x_wconf 90' lang='lat' dir='ltr'>concessa</span> <span class='ocrx_word' id='word_1_8' title='bbox 1536 397 1631 451; x_wconf 90' lang='lat' dir='ltr'>aut</span> <span class='ocrx_word' id='word_1_9' title='bbox 1671 389 2027 450; x_wconf 89' lang='lat' dir='ltr'>necessaria.</span> <span class='ocrx_word' id='word_1_10' title='bbox 2098 386 2283 452; x_wconf 83' lang='lat' dir='ltr'>Trans</span> 
     </span>
     <span class='ocr_line' id='line_1_3' title="bbox 269 472 2283 553; baseline 0 -18"><span class='ocrx_word' id='word_1_11' title='bbox 269 474 535 536; x_wconf 82' lang='lat' dir='ltr'><strong>Rhenum</strong></span> <span class='ocrx_word' id='word_1_12' title='bbox 563 489 709 533; x_wconf 84' lang='lat' dir='ltr'>vero</span> <span class='ocrx_word' id='word_1_13' title='bbox 746 490 876 532; x_wconf 91' lang='lat' dir='ltr'>eum</span> <span class='ocrx_word' id='word_1_14' title='bbox 905 476 1056 533; x_wconf 84' lang='lat' dir='ltr'>vitae</span> <span class='ocrx_word' id='word_1_15' title='bbox 1090 472 1353 533; x_wconf 86' lang='lat' dir='ltr'><strong>ordinem</strong></span> <span class='ocrx_word' id='word_1_16' title='bbox 1381 476 1591 550; x_wconf 86' lang='lat' dir='ltr'>tenuit,</span> <span class='ocrx_word' id='word_1_17' title='bbox 1637 480 1696 532; x_wconf 88' lang='lat' dir='ltr'>ut</span> <span class='ocrx_word' id='word_1_18' title='bbox 1723 472 1936 533; x_wconf 90' lang='lat' dir='ltr'>sedens</span> <span class='ocrx_word' id='word_1_19' title='bbox 1966 474 2024 532; x_wconf 91' lang='lat' dir='ltr'>in</span> <span class='ocrx_word' id='word_1_20' title='bbox 2056 475 2283 553; x_wconf 78' lang='lat' dir='ltr'>cespite</span> 
     </span>
     <span class='ocr_line' id='line_1_4' title="bbox 270 556 2281 638; baseline 0 -20"><span class='ocrx_word' id='word_1_21' title='bbox 270 557 424 618; x_wconf 92' lang='lat' dir='ltr'>nudo</span> <span class='ocrx_word' id='word_1_22' title='bbox 470 556 661 618; x_wconf 91' lang='lat' dir='ltr'>cibum</span> <span class='ocrx_word' id='word_1_23' title='bbox 693 565 967 636; x_wconf 84' lang='lat' dir='ltr'>caperet,</span> <span class='ocrx_word' id='word_1_24' title='bbox 1014 574 1195 636; x_wconf 81' lang='lat' dir='ltr'>saepe</span> <span class='ocrx_word' id='word_1_25' title='bbox 1227 558 1354 616; x_wconf 92' lang='lat' dir='ltr'>sine</span> <span class='ocrx_word' id='word_1_26' title='bbox 1386 558 1635 619; x_wconf 88' lang='lat' dir='ltr'>tentorio</span> <span class='ocrx_word' id='word_1_27' title='bbox 1670 565 2073 635; x_wconf 89' lang='lat' dir='ltr'>pernoctaret,</span> <span class='ocrx_word' id='word_1_28' title='bbox 2113 576 2281 638; x_wconf 87' lang='lat' dir='ltr'>prae·</span> 
     </span>
     <span class='ocr_line' id='line_1_5' title="bbox 273 640 2280 721; baseline 0 -18"><span class='ocrx_word' id='word_1_29' title='bbox 273 650 447 721; x_wconf 91' lang='lat' dir='ltr'>cepta</span> <span class='ocrx_word' id='word_1_30' title='bbox 479 644 778 719; x_wconf 86' lang='lat' dir='ltr'>sequentis</span> <span class='ocrx_word' id='word_1_31' title='bbox 803 642 916 701; x_wconf 89' lang='lat' dir='ltr'>diei</span> <span class='ocrx_word' id='word_1_32' title='bbox 948 642 1136 702; x_wconf 88' lang='lat' dir='ltr'>omnia</span> <span class='ocrx_word' id='word_1_33' title='bbox 1168 642 1261 721; x_wconf 90' lang='lat' dir='ltr'>(et</span> <span class='ocrx_word' id='word_1_34' title='bbox 1285 642 1333 699; x_wconf 90' lang='lat' dir='ltr'>si</span> <span class='ocrx_word' id='word_1_35' title='bbox 1356 640 1491 721; x_wconf 88' lang='lat' dir='ltr'>quid</span> <span class='ocrx_word' id='word_1_36' title='bbox 1514 640 1684 702; x_wconf 90' lang='lat' dir='ltr'>subiti</span> <span class='ocrx_word' id='word_1_37' title='bbox 1706 642 1958 701; x_wconf 87' lang='lat' dir='ltr'>muneris</span> <span class='ocrx_word' id='word_1_38' title='bbox 1981 643 2280 719; x_wconf 88' lang='lat' dir='ltr'>iniungen-</span> 
     </span>
     <span class='ocr_line' id='line_1_6' title="bbox 222 724 2278 807; baseline 0 -20"><span class='ocrx_word' id='word_1_39' title='bbox 222 747 250 787; x_wconf 74' lang='lat'>⁵</span> <span class='ocrx_word' id='word_1_40' title='bbox 273 726 403 787; x_wconf 89' lang='lat' dir='ltr'>dum</span> <span class='ocrx_word' id='word_1_41' title='bbox 445 735 640 802; x_wconf 90' lang='lat' dir='ltr'>esset,</span> <span class='ocrx_word' id='word_1_42' title='bbox 681 744 790 805; x_wconf 91' lang='lat' dir='ltr'>per</span> <span class='ocrx_word' id='word_1_43' title='bbox 822 725 1091 804; x_wconf 90' lang='lat' dir='ltr'>libellos)</span> <span class='ocrx_word' id='word_1_44' title='bbox 1127 725 1319 795; x_wconf 89' lang='lat' dir='ltr'>daret;</span> <span class='ocrx_word' id='word_1_45' title='bbox 1365 724 1553 787; x_wconf 87' lang='lat' dir='ltr'>addita</span> <span class='ocrx_word' id='word_1_46' title='bbox 1581 725 1894 786; x_wconf 91' lang='lat' dir='ltr'>monitione</span> <span class='ocrx_word' id='word_1_47' title='bbox 1927 734 2013 803; x_wconf 84' lang='lat' dir='ltr'>ut,</span> <span class='ocrx_word' id='word_1_48' title='bbox 2061 724 2133 786; x_wconf 88' lang='lat' dir='ltr'>de</span> <span class='ocrx_word' id='word_1_49' title='bbox 2163 741 2278 807; x_wconf 90' lang='lat' dir='ltr'>quo</span> 
     </span>
     <span class='ocr_line' id='line_1_7' title="bbox 275 809 2277 890; baseline 0 -21"><span class='ocrx_word' id='word_1_50' title='bbox 275 812 517 890; x_wconf 89' lang='lat' dir='ltr'>quisque</span> <span class='ocrx_word' id='word_1_51' title='bbox 548 809 866 887; x_wconf 77' lang='lat' dir='ltr'>dubitaret,</span> <span class='ocrx_word' id='word_1_52' title='bbox 915 829 980 869; x_wconf 91' lang='lat' dir='ltr'>se</span> <span class='ocrx_word' id='word_1_53' title='bbox 1009 827 1121 869; x_wconf 93' lang='lat' dir='ltr'>nec</span> <span class='ocrx_word' id='word_1_54' title='bbox 1153 809 1267 869; x_wconf 88' lang='lat' dir='ltr'>alio</span> <span class='ocrx_word' id='word_1_55' title='bbox 1302 810 1622 889; x_wconf 85' lang='lat' dir='ltr'>interprete</span> <span class='ocrx_word' id='word_1_56' title='bbox 1659 826 2018 888; x_wconf 87' lang='lat' dir='ltr'>quacumque</span> <span class='ocrx_word' id='word_1_57' title='bbox 2051 810 2145 870; x_wconf 86' lang='lat' dir='ltr'>vel</span> <span class='ocrx_word' id='word_1_58' title='bbox 2176 827 2277 871; x_wconf 89' lang='lat' dir='ltr'>no-</span> 
     </span>
     <span class='ocr_line' id='line_1_8' title="bbox 275 893 2365 972; baseline 0 -18"><span class='ocrx_word' id='word_1_59' title='bbox 275 896 385 955; x_wconf 90' lang='lat' dir='ltr'>ctis</span> <span class='ocrx_word' id='word_1_60' title='bbox 420 894 562 954; x_wconf 89' lang='lat' dir='ltr'>hora</span> <span class='ocrx_word' id='word_1_61' title='bbox 592 901 869 957; x_wconf 90' lang='lat' dir='ltr'>uteretur.</span> <span class='ocrx_word' id='word_1_62' title='bbox 933 893 1314 972; x_wconf 84' lang='lat' dir='ltr'>Disciplinam</span> <span class='ocrx_word' id='word_1_63' title='bbox 1345 896 1626 954; x_wconf 84' lang='lat' dir='ltr'>acerrime</span> <span class='ocrx_word' id='word_1_64' title='bbox 1660 895 1891 971; x_wconf 84' lang='lat' dir='ltr'>exegit,</span> <span class='ocrx_word' id='word_1_65' title='bbox 1923 894 2274 955; x_wconf 89' lang='lat' dir='ltr'>animadver-</span> <span class='ocrx_word' id='word_1_66' title='bbox 2294 914 2365 969; x_wconf 85' lang='lat'>19</span> 
     </span>
     <span class='ocr_line' id='line_1_9' title="bbox 271 976 2275 1057; baseline 0 -19"><span class='ocrx_word' id='word_1_67' title='bbox 271 981 494 1039; x_wconf 86' lang='lat' dir='ltr'>sionmn</span> <span class='ocrx_word' id='word_1_68' title='bbox 528 987 588 1037; x_wconf 86' lang='lat' dir='ltr'>et</span> <span class='ocrx_word' id='word_1_69' title='bbox 627 978 1065 1055; x_wconf 86' lang='lat' dir='ltr'>ignominiarum</span> <span class='ocrx_word' id='word_1_70' title='bbox 1110 976 1427 1054; x_wconf 88' lang='lat' dir='ltr'>generibus</span> <span class='ocrx_word' id='word_1_71' title='bbox 1484 997 1559 1038; x_wconf 85' lang='lat' dir='ltr'>ex</span> <span class='ocrx_word' id='word_1_72' title='bbox 1603 979 1935 1056; x_wconf 81' lang='lat' dir='ltr'>antiquitate</span> <span class='ocrx_word' id='word_1_73' title='bbox 1989 980 2275 1057; x_wconf 87' lang='lat' dir='ltr'>repetitis,</span> 
     </span>
     <span class='ocr_line' id='line_1_10' title="bbox 268 1060 2275 1141; baseline 0 -18"><span class='ocrx_word' id='word_1_74' title='bbox 268 1071 446 1141; x_wconf 88' lang='lat' dir='ltr'>atque</span> <span class='ocrx_word' id='word_1_75' title='bbox 476 1063 644 1121; x_wconf 89' lang='lat' dir='ltr'>etiam</span> <span class='ocrx_word' id='word_1_76' title='bbox 676 1062 875 1139; x_wconf 88' lang='lat' dir='ltr'>legato</span> <span class='ocrx_word' id='word_1_77' title='bbox 907 1061 1193 1139; x_wconf 87' lang='lat' dir='ltr'>legionis,</span> <span class='ocrx_word' id='word_1_78' title='bbox 1226 1060 1383 1140; x_wconf 90' lang='lat' dir='ltr'>quod</span> <span class='ocrx_word' id='word_1_79' title='bbox 1411 1079 1634 1141; x_wconf 91' lang='lat' dir='ltr'>paucos</span> <span class='ocrx_word' id='word_1_80' title='bbox 1664 1061 1873 1122; x_wconf 84' lang='lat' dir='ltr'>milites</span> <span class='ocrx_word' id='word_1_81' title='bbox 1908 1080 2035 1122; x_wconf 91' lang='lat' dir='ltr'>cum</span> <span class='ocrx_word' id='word_1_82' title='bbox 2068 1062 2275 1123; x_wconf 88' lang='lat' dir='ltr'>liberto</span> 
     </span>
     <span class='ocr_line' id='line_1_11' title="bbox 194 1146 2274 1225; baseline 0 -19"><span class='ocrx_word' id='word_1_83' title='bbox 194 1155 249 1198; x_wconf 84' lang='lat'>1⁰</span> <span class='ocrx_word' id='word_1_84' title='bbox 271 1163 378 1206; x_wconf 91' lang='lat' dir='ltr'>suo</span> <span class='ocrx_word' id='word_1_85' title='bbox 426 1154 586 1206; x_wconf 87' lang='lat' dir='ltr'>trans</span> <span class='ocrx_word' id='word_1_86' title='bbox 629 1147 813 1225; x_wconf 87' lang='lat' dir='ltr'>ripam</span> <span class='ocrx_word' id='word_1_87' title='bbox 849 1154 1116 1206; x_wconf 84' lang='lat' dir='ltr'>venatum</span> <span class='ocrx_word' id='word_1_88' title='bbox 1146 1146 1432 1223; x_wconf 86' lang='lat' dir='ltr'>misisset,</span> <span class='ocrx_word' id='word_1_89' title='bbox 1475 1147 1785 1224; x_wconf 83' lang='lat' dir='ltr'>ignominia</span> <span class='ocrx_word' id='word_1_90' title='bbox 1816 1153 2035 1207; x_wconf 88' lang='lat' dir='ltr'>notato.</span> <span class='ocrx_word' id='word_1_91' title='bbox 2096 1146 2274 1207; x_wconf 90' lang='lat' dir='ltr'>Proe-</span> 
     </span>
     <span class='ocr_line' id='line_1_12' title="bbox 269 1230 2324 1309; baseline 0.001 -19"><span class='ocrx_word' id='word_1_92' title='bbox 269 1232 379 1307; x_wconf 87' lang='lat' dir='ltr'>lia,</span> <span class='ocrx_word' id='word_1_93' title='bbox 427 1231 687 1308; x_wconf 85' lang='lat' dir='ltr'>quamvis</span> <span class='ocrx_word' id='word_1_94' title='bbox 728 1231 1013 1290; x_wconf 91' lang='lat' dir='ltr'>minimum</span> <span class='ocrx_word' id='word_1_95' title='bbox 1051 1230 1319 1290; x_wconf 84' lang='lat' dir='ltr'>fortunae</span> <span class='ocrx_word' id='word_1_96' title='bbox 1366 1230 1710 1309; x_wconf 87' lang='lat' dir='ltr'>casibusque</span> <span class='ocrx_word' id='word_1_97' title='bbox 1741 1231 2130 1309; x_wconf 87' lang='lat' dir='ltr'>permitteret,</span> <span class='ocrx_word' id='word_1_98' title='bbox 2173 1230 2273 1290; x_wconf 90' lang='lat' dir='ltr'>ali·</span> <span class='ocrx_word' id='word_1_99' title='bbox 2319 1288 2324 1293; x_wconf 85' lang='lat'>.</span> 
     </span>
     <span class='ocr_line' id='line_1_13' title="bbox 269 1313 2274 1395; baseline 0 -22"><span class='ocrx_word' id='word_1_100' title='bbox 269 1323 481 1394; x_wconf 85' lang='lat' dir='ltr'>quanto</span> <span class='ocrx_word' id='word_1_101' title='bbox 525 1318 882 1375; x_wconf 90' lang='lat' dir='ltr'>constantius</span> <span class='ocrx_word' id='word_1_102' title='bbox 916 1313 1098 1375; x_wconf 85' lang='lat' dir='ltr'>inibat</span> <span class='ocrx_word' id='word_1_103' title='bbox 1137 1316 1406 1393; x_wconf 89' lang='lat' dir='ltr'>quotiens</span> <span class='ocrx_word' id='word_1_104' title='bbox 1449 1313 1788 1375; x_wconf 89' lang='lat' dir='ltr'>lucubrante</span> <span class='ocrx_word' id='word_1_105' title='bbox 1825 1332 1923 1395; x_wconf 82' lang='lat' dir='ltr'>se,</span> <span class='ocrx_word' id='word_1_106' title='bbox 1973 1313 2162 1374; x_wconf 90' lang='lat' dir='ltr'>subito</span> <span class='ocrx_word' id='word_1_107' title='bbox 2204 1332 2274 1375; x_wconf 90' lang='lat' dir='ltr'>ac</span> 
     </span>
     <span class='ocr_line' id='line_1_14' title="bbox 267 1398 2273 1477; baseline 0 -20"><span class='ocrx_word' id='word_1_108' title='bbox 267 1398 426 1458; x_wconf 92' lang='lat' dir='ltr'>nullo</span> <span class='ocrx_word' id='word_1_109' title='bbox 474 1399 877 1477; x_wconf 90' lang='lat' dir='ltr'>propellente,</span> <span class='ocrx_word' id='word_1_110' title='bbox 924 1398 1226 1459; x_wconf 88' lang='lat' dir='ltr'>decideret</span> <span class='ocrx_word' id='word_1_111' title='bbox 1265 1399 1458 1459; x_wconf 91' lang='lat' dir='ltr'>lumen</span> <span class='ocrx_word' id='word_1_112' title='bbox 1505 1407 1563 1458; x_wconf 91' lang='lat' dir='ltr'>et</span> <span class='ocrx_word' id='word_1_113' title='bbox 1592 1399 2057 1476; x_wconf 84' lang='lat' dir='ltr'>extingueretur,</span> <span class='ocrx_word' id='word_1_114' title='bbox 2097 1399 2273 1458; x_wconf 85' lang='lat' dir='ltr'>confi·</span> 
     </span>
     <span class='ocr_line' id='line_1_15' title="bbox 271 1481 2276 1560; baseline -0.001 -18"><span class='ocrx_word' id='word_1_115' title='bbox 271 1483 432 1560; x_wconf 77' lang='lat' dir='ltr'>denS,</span> <span class='ocrx_word' id='word_1_116' title='bbox 465 1492 527 1543; x_wconf 90' lang='lat' dir='ltr'>ut</span> <span class='ocrx_word' id='word_1_117' title='bbox 561 1482 772 1560; x_wconf 88' lang='lat' dir='ltr'>aiebat,</span> <span class='ocrx_word' id='word_1_118' title='bbox 806 1492 1037 1544; x_wconf 90' lang='lat' dir='ltr'>ostento</span> <span class='ocrx_word' id='word_1_119' title='bbox 1080 1482 1190 1543; x_wconf 90' lang='lat' dir='ltr'>sibi</span> <span class='ocrx_word' id='word_1_120' title='bbox 1230 1501 1262 1543; x_wconf 91' lang='lat' dir='ltr'>a</span> <span class='ocrx_word' id='word_1_121' title='bbox 1303 1481 1615 1543; x_wconf 89' lang='lat' dir='ltr'>maioribus</span> <span class='ocrx_word' id='word_1_122' title='bbox 1650 1484 1769 1542; x_wconf 90' lang='lat' dir='ltr'>suis</span> <span class='ocrx_word' id='word_1_123' title='bbox 1800 1483 1858 1541; x_wconf 88' lang='lat' dir='ltr'>in</span> <span class='ocrx_word' id='word_1_124' title='bbox 1893 1483 2045 1542; x_wconf 90' lang='lat' dir='ltr'>omni</span> <span class='ocrx_word' id='word_1_125' title='bbox 2069 1482 2276 1541; x_wconf 88' lang='lat' dir='ltr'>ducatu</span> 
     </span>
     <span class='ocr_line' id='line_1_16' title="bbox 191 1565 2274 1646; baseline -0.003 -16"><span class='ocrx_word' id='word_1_126' title='bbox 191 1589 245 1630; x_wconf 82' lang='lat'>15</span> <span class='ocrx_word' id='word_1_127' title='bbox 268 1567 698 1645; x_wconf 86' lang='lat' dir='ltr'>expertissimo.</span> <span class='ocrx_word' id='word_1_128' title='bbox 761 1567 878 1627; x_wconf 87' lang='lat' dir='ltr'>Sed</span> <span class='ocrx_word' id='word_1_129' title='bbox 907 1586 972 1627; x_wconf 92' lang='lat' dir='ltr'>re</span> <span class='ocrx_word' id='word_1_130' title='bbox 1003 1584 1296 1646; x_wconf 89' lang='lat' dir='ltr'>prospere</span> <span class='ocrx_word' id='word_1_131' title='bbox 1334 1575 1530 1644; x_wconf 90' lang='lat' dir='ltr'>gesta,</span> <span class='ocrx_word' id='word_1_132' title='bbox 1562 1584 1678 1626; x_wconf 89' lang='lat' dir='ltr'>non</span> <span class='ocrx_word' id='word_1_133' title='bbox 1705 1565 1940 1625; x_wconf 88' lang='lat' dir='ltr'>multum</span> <span class='ocrx_word' id='word_1_134' title='bbox 1972 1565 2111 1625; x_wconf 89' lang='lat' dir='ltr'>afuit</span> <span class='ocrx_word' id='word_1_135' title='bbox 2139 1566 2274 1643; x_wconf 91' lang='lat' dir='ltr'>quin</span> 
     </span>
     <span class='ocr_line' id='line_1_17' title="bbox 265 1649 2274 1730; baseline -0.002 -18"><span class='ocrx_word' id='word_1_136' title='bbox 265 1671 299 1712; x_wconf 96' lang='lat' dir='ltr'>a</span> <span class='ocrx_word' id='word_1_137' title='bbox 326 1650 609 1711; x_wconf 84' lang='lat' dir='ltr'>Bructero</span> <span class='ocrx_word' id='word_1_138' title='bbox 655 1650 900 1730; x_wconf 88' lang='lat' dir='ltr'>quodam</span> <span class='ocrx_word' id='word_1_139' title='bbox 944 1650 1344 1727; x_wconf 90' lang='lat' dir='ltr'>occideretur,</span> <span class='ocrx_word' id='word_1_140' title='bbox 1389 1652 1481 1710; x_wconf 93' lang='lat' dir='ltr'>cui</span> <span class='ocrx_word' id='word_1_141' title='bbox 1508 1650 1657 1709; x_wconf 81' lang='lat' dir='ltr'>inter</span> <span class='ocrx_word' id='word_1_142' title='bbox 1685 1650 1987 1728; x_wconf 82' lang='lat' dir='ltr'>proximos</span> <span class='ocrx_word' id='word_1_143' title='bbox 2018 1649 2274 1709; x_wconf 83' lang='lat' dir='ltr'>versanti</span> 
     </span>
     <span class='ocr_line' id='line_1_18' title="bbox 267 1733 2273 1813; baseline -0.002 -17"><span class='ocrx_word' id='word_1_144' title='bbox 267 1744 326 1796; x_wconf 89' lang='lat' dir='ltr'>et</span> <span class='ocrx_word' id='word_1_145' title='bbox 367 1734 751 1813; x_wconf 88' lang='lat' dir='ltr'>trepidatione</span> <span class='ocrx_word' id='word_1_146' title='bbox 793 1735 1028 1796; x_wconf 92' lang='lat' dir='ltr'>detecto</span> <span class='ocrx_word' id='word_1_147' title='bbox 1070 1735 1370 1795; x_wconf 91' lang='lat' dir='ltr'>tormentis</span> <span class='ocrx_word' id='word_1_148' title='bbox 1402 1751 1685 1812; x_wconf 88' lang='lat' dir='ltr'>expressa</span> <span class='ocrx_word' id='word_1_149' title='bbox 1720 1733 2016 1792; x_wconf 92' lang='lat' dir='ltr'>confessio</span> <span class='ocrx_word' id='word_1_150' title='bbox 2051 1741 2142 1792; x_wconf 90' lang='lat' dir='ltr'>est</span> <span class='ocrx_word' id='word_1_151' title='bbox 2177 1748 2273 1792; x_wconf 94' lang='lat' dir='ltr'>co-</span> 
     </span>
     <span class='ocr_line' id='line_1_19' title="bbox 264 1816 2360 1897; baseline 0 -22"><span class='ocrx_word' id='word_1_152' title='bbox 264 1819 429 1896; x_wconf 85' lang='lat' dir='ltr'>gitati</span> <span class='ocrx_word' id='word_1_153' title='bbox 455 1818 755 1879; x_wconf 88' lang='lat' dir='ltr'>facinoris.</span> <span class='ocrx_word' id='word_1_154' title='bbox 808 1819 864 1879; x_wconf 82' lang='lat' dir='ltr'><strong>A</strong></span> <span class='ocrx_word' id='word_1_155' title='bbox 899 1818 1202 1880; x_wconf 86' lang='lat' dir='ltr'>Germania</span> <span class='ocrx_word' id='word_1_156' title='bbox 1237 1819 1294 1877; x_wconf 89' lang='lat' dir='ltr'>in</span> <span class='ocrx_word' id='word_1_157' title='bbox 1320 1817 1521 1878; x_wconf 90' lang='lat' dir='ltr'>urbem</span> <span class='ocrx_word' id='word_1_158' title='bbox 1551 1826 1688 1897; x_wconf 91' lang='lat' dir='ltr'>post</span> <span class='ocrx_word' id='word_1_159' title='bbox 1717 1816 2005 1878; x_wconf 88' lang='lat' dir='ltr'>biennium</span> <span class='ocrx_word' id='word_1_160' title='bbox 2034 1833 2267 1894; x_wconf 88' lang='lat' dir='ltr'>regres-</span> <span class='ocrx_word' id='word_1_161' title='bbox 2290 1834 2360 1887; x_wconf 81' lang='lat'>20</span> 
     </span>
     <span class='ocr_line' id='line_1_20' title="bbox 267 1900 2270 1985; baseline -0.001 -23"><span class='ocrx_word' id='word_1_162' title='bbox 267 1921 365 1962; x_wconf 90' lang='lat' dir='ltr'>sus</span> <span class='ocrx_word' id='word_1_163' title='bbox 396 1902 764 1982; x_wconf 89' lang='lat' dir='ltr'>triumphum,</span> <span class='ocrx_word' id='word_1_164' title='bbox 814 1922 983 1985; x_wconf 90' lang='lat' dir='ltr'>quem</span> <span class='ocrx_word' id='word_1_165' title='bbox 1015 1902 1345 1980; x_wconf 89' lang='lat' dir='ltr'>distulerat,</span> <span class='ocrx_word' id='word_1_166' title='bbox 1391 1902 1545 1979; x_wconf 87' lang='lat' dir='ltr'>egit,</span> <span class='ocrx_word' id='word_1_167' title='bbox 1577 1900 2069 1982; x_wconf 87' lang='lat' dir='ltr'>prosequentibus</span> <span class='ocrx_word' id='word_1_168' title='bbox 2099 1901 2270 1960; x_wconf 86' lang='lat' dir='ltr'>etiam</span> 
     </span>
     <span class='ocr_line' id='line_1_21' title="bbox 188 1983 2272 2066; baseline -0.002 -17"><span class='ocrx_word' id='word_1_169' title='bbox 188 2008 244 2049; x_wconf 86' lang='lat'>20</span> <span class='ocrx_word' id='word_1_170' title='bbox 265 1986 511 2064; x_wconf 88' lang='lat' dir='ltr'>legatis,</span> <span class='ocrx_word' id='word_1_171' title='bbox 557 1987 761 2066; x_wconf 89' lang='lat' dir='ltr'>quibus</span> <span class='ocrx_word' id='word_1_172' title='bbox 793 1988 1157 2066; x_wconf 88' lang='lat' dir='ltr'>triumphalia</span> <span class='ocrx_word' id='word_1_173' title='bbox 1195 1983 1530 2048; x_wconf 86' lang='lat' dir='ltr'>ornamenta</span> <span class='ocrx_word' id='word_1_174' title='bbox 1561 1988 1913 2065; x_wconf 88' lang='lat' dir='ltr'>impetrarat.</span> <span class='ocrx_word' id='word_1_175' title='bbox 1975 1985 2069 2046; x_wconf 87' lang='lat' dir='ltr'>Ac</span> <span class='ocrx_word' id='word_1_176' title='bbox 2113 1986 2272 2064; x_wconf 91' lang='lat' dir='ltr'>prius</span> 
     </span>
     <span class='ocr_line' id='line_1_22' title="bbox 264 2070 2271 2151; baseline -0.001 -21"><span class='ocrx_word' id='word_1_177' title='bbox 264 2089 436 2151; x_wconf 89' lang='lat' dir='ltr'>quam</span> <span class='ocrx_word' id='word_1_178' title='bbox 479 2073 536 2130; x_wconf 93' lang='lat' dir='ltr'>in</span> <span class='ocrx_word' id='word_1_179' title='bbox 565 2070 910 2151; x_wconf 88' lang='lat' dir='ltr'>Capitolium</span> <span class='ocrx_word' id='word_1_180' title='bbox 941 2073 1240 2148; x_wconf 88' lang='lat' dir='ltr'>flecteret,</span> <span class='ocrx_word' id='word_1_181' title='bbox 1287 2071 1587 2132; x_wconf 90' lang='lat' dir='ltr'>descendit</span> <span class='ocrx_word' id='word_1_182' title='bbox 1614 2089 1647 2130; x_wconf 98' lang='lat' dir='ltr'>e</span> <span class='ocrx_word' id='word_1_183' title='bbox 1686 2089 1855 2132; x_wconf 91' lang='lat' dir='ltr'>curru</span> <span class='ocrx_word' id='word_1_184' title='bbox 1886 2089 2071 2149; x_wconf 90' lang='lat' dir='ltr'>seque</span> <span class='ocrx_word' id='word_1_185' title='bbox 2103 2086 2271 2149; x_wconf 88' lang='lat' dir='ltr'>prae·</span> 
     </span>
     <span class='ocr_line' id='line_1_23' title="bbox 263 2154 2270 2234; baseline -0.001 -18"><span class='ocrx_word' id='word_1_186' title='bbox 263 2156 474 2216; x_wconf 88' lang='lat' dir='ltr'>sidenti</span> <span class='ocrx_word' id='word_1_187' title='bbox 511 2156 661 2234; x_wconf 88' lang='lat' dir='ltr'>patri</span> <span class='ocrx_word' id='word_1_188' title='bbox 691 2155 763 2216; x_wconf 86' lang='lat' dir='ltr'>ad</span> <span class='ocrx_word' id='word_1_189' title='bbox 791 2175 982 2234; x_wconf 92' lang='lat' dir='ltr'>genua</span> <span class='ocrx_word' id='word_1_190' title='bbox 1010 2156 1306 2216; x_wconf 89' lang='lat' dir='ltr'>summisit.</span> <span class='ocrx_word' id='word_1_191' title='bbox 1360 2156 1636 2216; x_wconf 88' lang='lat' dir='ltr'>Batonem</span> <span class='ocrx_word' id='word_1_192' title='bbox 1663 2154 2015 2216; x_wconf 88' lang='lat' dir='ltr'>Pannonium</span> <span class='ocrx_word' id='word_1_193' title='bbox 2043 2154 2270 2231; x_wconf 88' lang='lat' dir='ltr'>ducem,</span> 
     </span>
     <span class='ocr_line' id='line_1_24' title="bbox 261 2239 2273 2319; baseline -0 -20"><span class='ocrx_word' id='word_1_194' title='bbox 261 2239 595 2317; x_wconf 89' lang='lat' dir='ltr'>ingentibus</span> <span class='ocrx_word' id='word_1_195' title='bbox 639 2240 908 2301; x_wconf 91' lang='lat' dir='ltr'>donatum</span> <span class='ocrx_word' id='word_1_196' title='bbox 951 2242 1253 2319; x_wconf 88' lang='lat' dir='ltr'>praemiis,</span> <span class='ocrx_word' id='word_1_197' title='bbox 1300 2241 1635 2300; x_wconf 84' lang='lat' dir='ltr'>Ravennam</span> <span class='ocrx_word' id='word_1_198' title='bbox 1670 2239 1986 2316; x_wconf 89' lang='lat' dir='ltr'>transtulit,</span> <span class='ocrx_word' id='word_1_199' title='bbox 2028 2240 2273 2316; x_wconf 89' lang='lat' dir='ltr'>gratiam</span> 
     </span>
     <span class='ocr_line' id='line_1_25' title="bbox 261 2323 2270 2403; baseline -0.001 -20"><span class='ocrx_word' id='word_1_200' title='bbox 261 2324 563 2400; x_wconf 90' lang='lat' dir='ltr'>referens,</span> <span class='ocrx_word' id='word_1_201' title='bbox 611 2323 767 2403; x_wconf 92' lang='lat' dir='ltr'>quod</span> <span class='ocrx_word' id='word_1_202' title='bbox 808 2343 874 2384; x_wconf 90' lang='lat' dir='ltr'>se</span> <span class='ocrx_word' id='word_1_203' title='bbox 917 2325 1204 2403; x_wconf 89' lang='lat' dir='ltr'>quondam</span> <span class='ocrx_word' id='word_1_204' title='bbox 1237 2342 1363 2384; x_wconf 92' lang='lat' dir='ltr'>cum</span> <span class='ocrx_word' id='word_1_205' title='bbox 1393 2326 1655 2384; x_wconf 88' lang='lat' dir='ltr'>exercitu</span> <span class='ocrx_word' id='word_1_206' title='bbox 1685 2325 1985 2403; x_wconf 89' lang='lat' dir='ltr'>iniquitate</span> <span class='ocrx_word' id='word_1_207' title='bbox 2014 2323 2130 2382; x_wconf 92' lang='lat' dir='ltr'>loci</span> <span class='ocrx_word' id='word_1_208' title='bbox 2164 2323 2270 2381; x_wconf 91' lang='lat' dir='ltr'>cir-</span> 
     </span>
     <span class='ocr_line' id='line_1_26' title="bbox 187 2405 2271 2487; baseline -0.001 -19"><span class='ocrx_word' id='word_1_209' title='bbox 187 2406 619 2468; x_wconf 77' lang='lat' dir='ltr'>25cumclusum</span> <span class='ocrx_word' id='word_1_210' title='bbox 660 2426 870 2487; x_wconf 88' lang='lat' dir='ltr'>passus</span> <span class='ocrx_word' id='word_1_211' title='bbox 914 2418 1074 2469; x_wconf 90' lang='lat' dir='ltr'>esset</span> <span class='ocrx_word' id='word_1_212' title='bbox 1113 2408 1384 2469; x_wconf 87' lang='lat' dir='ltr'>evadere.</span> <span class='ocrx_word' id='word_1_213' title='bbox 1445 2407 1749 2468; x_wconf 85' lang='lat' dir='ltr'>Prandium</span> <span class='ocrx_word' id='word_1_214' title='bbox 1794 2407 2002 2468; x_wconf 89' lang='lat' dir='ltr'>dehinc</span> <span class='ocrx_word' id='word_1_215' title='bbox 2050 2405 2271 2485; x_wconf 89' lang='lat' dir='ltr'>populo</span> 
     </span>
     <span class='ocr_line' id='line_1_27' title="bbox 260 2489 2270 2570; baseline -0.001 -19"><span class='ocrx_word' id='word_1_216' title='bbox 260 2490 421 2551; x_wconf 91' lang='lat' dir='ltr'>mille</span> <span class='ocrx_word' id='word_1_217' title='bbox 463 2494 709 2570; x_wconf 79' lang='lat' dir='ltr'>mensiS,</span> <span class='ocrx_word' id='word_1_218' title='bbox 754 2501 812 2552; x_wconf 91' lang='lat' dir='ltr'>et</span> <span class='ocrx_word' id='word_1_219' title='bbox 852 2494 1206 2570; x_wconf 86' lang='lat' dir='ltr'>congiarium</span> <span class='ocrx_word' id='word_1_220' title='bbox 1240 2502 1516 2552; x_wconf 89' lang='lat' dir='ltr'>trecenos</span> <span class='ocrx_word' id='word_1_221' title='bbox 1563 2510 1823 2552; x_wconf 90' lang='lat' dir='ltr'>nummos</span> <span class='ocrx_word' id='word_1_222' title='bbox 1851 2491 2063 2551; x_wconf 88' lang='lat' dir='ltr'>viritim</span> <span class='ocrx_word' id='word_1_223' title='bbox 2095 2489 2270 2550; x_wconf 84' lang='lat' dir='ltr'>dedit.</span> 
     </span>
     <span class='ocr_line' id='line_1_28' title="bbox 258 2572 2271 2653; baseline -0.001 -18"><span class='ocrx_word' id='word_1_224' title='bbox 258 2574 569 2635; x_wconf 85' lang='lat' dir='ltr'>Dedicavit</span> <span class='ocrx_word' id='word_1_225' title='bbox 621 2585 679 2635; x_wconf 92' lang='lat' dir='ltr'>et</span> <span class='ocrx_word' id='word_1_226' title='bbox 725 2574 1091 2638; x_wconf 87' lang='lat' dir='ltr'>Concordiae</span> <span class='ocrx_word' id='word_1_227' title='bbox 1143 2575 1373 2653; x_wconf 89' lang='lat' dir='ltr'>aedem,</span> <span class='ocrx_word' id='word_1_228' title='bbox 1430 2578 1567 2635; x_wconf 88' lang='lat' dir='ltr'>item</span> <span class='ocrx_word' id='word_1_229' title='bbox 1606 2575 1865 2636; x_wconf 87' lang='lat' dir='ltr'>Pollucis</span> <span class='ocrx_word' id='word_1_230' title='bbox 1909 2582 1969 2634; x_wconf 88' lang='lat' dir='ltr'>et</span> <span class='ocrx_word' id='word_1_231' title='bbox 2012 2572 2271 2634; x_wconf 86' lang='lat' dir='ltr'>Castoris</span> 
     </span>
     <span class='ocr_line' id='line_1_29' title="bbox 262 2657 2350 2739; baseline -0.004 -19"><span class='ocrx_word' id='word_1_232' title='bbox 262 2677 370 2720; x_wconf 93' lang='lat' dir='ltr'>suo</span> <span class='ocrx_word' id='word_1_233' title='bbox 423 2659 733 2739; x_wconf 83' lang='lat' dir='ltr'>fratrisque</span> <span class='ocrx_word' id='word_1_234' title='bbox 784 2663 1044 2739; x_wconf 90' lang='lat' dir='ltr'>nomine,</span> <span class='ocrx_word' id='word_1_235' title='bbox 1103 2660 1175 2721; x_wconf 92' lang='lat' dir='ltr'>de</span> <span class='ocrx_word' id='word_1_236' title='bbox 1228 2659 1527 2721; x_wconf 76' lang='lat' dir='ltr'>manubiis,</span> <span class='ocrx_word' id='word_1_237' title='bbox 1602 2658 1704 2719; x_wconf 90' lang='lat' dir='ltr'>Ac</span> <span class='ocrx_word' id='word_1_238' title='bbox 1736 2675 1853 2717; x_wconf 90' lang='lat' dir='ltr'>non</span> <span class='ocrx_word' id='word_1_239' title='bbox 1894 2657 2071 2716; x_wconf 91' lang='lat' dir='ltr'>multo</span> <span class='ocrx_word' id='word_1_240' title='bbox 2115 2657 2350 2735; x_wconf 83' lang='lat' dir='ltr'>post,2l</span> 
     </span>
     <span class='ocr_line' id='line_1_30' title="bbox 263 2741 2276 2824; baseline -0.001 -22"><span class='ocrx_word' id='word_1_241' title='bbox 263 2743 403 2820; x_wconf 89' lang='lat' dir='ltr'>lege</span> <span class='ocrx_word' id='word_1_242' title='bbox 452 2760 560 2821; x_wconf 91' lang='lat' dir='ltr'>per</span> <span class='ocrx_word' id='word_1_243' title='bbox 593 2744 865 2804; x_wconf 90' lang='lat' dir='ltr'>consules</span> <span class='ocrx_word' id='word_1_244' title='bbox 896 2745 1011 2804; x_wconf 90' lang='lat' dir='ltr'>lata</span> <span class='ocrx_word' id='word_1_245' title='bbox 1040 2754 1099 2804; x_wconf 92' lang='lat' dir='ltr'>ut</span> <span class='ocrx_word' id='word_1_246' title='bbox 1128 2745 1464 2824; x_wconf 82' lang='lat' dir='ltr'>provincias</span> <span class='ocrx_word' id='word_1_247' title='bbox 1496 2762 1622 2805; x_wconf 87' lang='lat' dir='ltr'>cum</span> <span class='ocrx_word' id='word_1_248' title='bbox 1652 2743 1922 2820; x_wconf 86' lang='lat' dir='ltr'>Augusto</span> <span class='ocrx_word' id='word_1_249' title='bbox 1962 2741 2276 2801; x_wconf 89' lang='lat' dir='ltr'>communi-·</span> 
     </span>
     <span class='ocr_line' id='line_1_31' title="bbox 188 2824 2273 2908; baseline -0.002 -20"><span class='ocrx_word' id='word_1_250' title='bbox 188 2836 354 2888; x_wconf 77' lang='lat' dir='ltr'>soter</span> <span class='ocrx_word' id='word_1_251' title='bbox 399 2825 820 2888; x_wconf 88' lang='lat' dir='ltr'>administraret</span> <span class='ocrx_word' id='word_1_252' title='bbox 861 2828 1142 2908; x_wconf 91' lang='lat' dir='ltr'>simulque</span> <span class='ocrx_word' id='word_1_253' title='bbox 1185 2847 1421 2888; x_wconf 90' lang='lat' dir='ltr'>censum</span> <span class='ocrx_word' id='word_1_254' title='bbox 1453 2837 1683 2906; x_wconf 88' lang='lat' dir='ltr'>ageret,</span> <span class='ocrx_word' id='word_1_255' title='bbox 1730 2825 1964 2888; x_wconf 90' lang='lat' dir='ltr'>condito</span> <span class='ocrx_word' id='word_1_256' title='bbox 2000 2824 2184 2884; x_wconf 89' lang='lat' dir='ltr'>lustro</span> <span class='ocrx_word' id='word_1_257' title='bbox 2214 2825 2273 2884; x_wconf 89' lang='lat' dir='ltr'>in</span> 
     </span>
     <span class='ocr_line' id='line_1_32' title="bbox 261 2909 2272 2989; baseline 0 -20"><span class='ocrx_word' id='word_1_258' title='bbox 261 2909 555 2985; x_wconf 78' lang='lat' dir='ltr'>Illyricum</span> <span class='ocrx_word' id='word_1_259' title='bbox 600 2912 904 2989; x_wconf 87' lang='lat' dir='ltr'>profectus</span> <span class='ocrx_word' id='word_1_260' title='bbox 950 2921 1057 2977; x_wconf 88' lang='lat' dir='ltr'>est.</span> <span class='ocrx_word' id='word_1_261' title='bbox 1117 2911 1193 2972; x_wconf 92' lang='lat' dir='ltr'>Et</span> <span class='ocrx_word' id='word_1_262' title='bbox 1237 2915 1427 2973; x_wconf 87' lang='lat' dir='ltr'>statim</span> <span class='ocrx_word' id='word_1_263' title='bbox 1472 2931 1548 2973; x_wconf 87' lang='lat' dir='ltr'>ex</span> <span class='ocrx_word' id='word_1_264' title='bbox 1576 2914 1783 2974; x_wconf 89' lang='lat' dir='ltr'>itinere</span> <span class='ocrx_word' id='word_1_265' title='bbox 1817 2918 2130 2972; x_wconf 83' lang='lat' dir='ltr'>revocatus</span> <span class='ocrx_word' id='word_1_266' title='bbox 2159 2910 2272 2970; x_wconf 90' lang='lat' dir='ltr'>iam</span> 
     </span>
     <span class='ocr_line' id='line_1_33' title="bbox 262 2994 2269 3076; baseline 0 -23"><span class='ocrx_word' id='word_1_267' title='bbox 262 2994 493 3074; x_wconf 87' lang='lat' dir='ltr'>quidem</span> <span class='ocrx_word' id='word_1_268' title='bbox 523 2995 837 3074; x_wconf 86' lang='lat' dir='ltr'>adfectum,</span> <span class='ocrx_word' id='word_1_269' title='bbox 869 2995 974 3056; x_wconf 92' lang='lat' dir='ltr'>sed</span> <span class='ocrx_word' id='word_1_270' title='bbox 1001 3004 1189 3056; x_wconf 88' lang='lat' dir='ltr'>tamen</span> <span class='ocrx_word' id='word_1_271' title='bbox 1218 2997 1533 3076; x_wconf 89' lang='lat' dir='ltr'>spirantem</span> <span class='ocrx_word' id='word_1_272' title='bbox 1565 2996 1751 3057; x_wconf 89' lang='lat' dir='ltr'>adhuc</span> <span class='ocrx_word' id='word_1_273' title='bbox 1782 2995 2105 3073; x_wconf 90' lang='lat' dir='ltr'>Augustum</span> <span class='ocrx_word' id='word_1_274' title='bbox 2136 3012 2269 3074; x_wconf 90' lang='lat' dir='ltr'>rep-</span> 
     </span>
     <span class='ocr_line' id='line_1_34' title="bbox 260 3079 1632 3158; baseline 0.002 -21"><span class='ocrx_word' id='word_1_275' title='bbox 260 3079 414 3158; x_wconf 89' lang='lat' dir='ltr'>perit</span> <span class='ocrx_word' id='word_1_276' title='bbox 449 3079 669 3157; x_wconf 81' lang='lat' dir='ltr'>fuitque</span> <span class='ocrx_word' id='word_1_277' title='bbox 701 3098 809 3140; x_wconf 88' lang='lat' dir='ltr'>una</span> <span class='ocrx_word' id='word_1_278' title='bbox 848 3090 1081 3141; x_wconf 88' lang='lat' dir='ltr'>secreto</span> <span class='ocrx_word' id='word_1_279' title='bbox 1117 3098 1223 3158; x_wconf 91' lang='lat' dir='ltr'>per</span> <span class='ocrx_word' id='word_1_280' title='bbox 1253 3089 1434 3140; x_wconf 88' lang='lat' dir='ltr'>totum</span> <span class='ocrx_word' id='word_1_281' title='bbox 1465 3080 1632 3141; x_wconf 91' lang='lat' dir='ltr'>diem.</span> 
     </span>
     <span class='ocr_line' id='line_1_35' title="bbox 386 3162 2264 3244; baseline 0 -22"><span class='ocrx_word' id='word_1_282' title='bbox 386 3163 527 3223; x_wconf 90' lang='lat' dir='ltr'>Scio</span> <span class='ocrx_word' id='word_1_283' title='bbox 560 3162 738 3240; x_wconf 84' lang='lat' dir='ltr'>vulgo</span> <span class='ocrx_word' id='word_1_284' title='bbox 771 3182 1109 3242; x_wconf 89' lang='lat' dir='ltr'>persuasum</span> <span class='ocrx_word' id='word_1_285' title='bbox 1140 3167 1337 3244; x_wconf 92' lang='lat' dir='ltr'>quasi,</span> <span class='ocrx_word' id='word_1_286' title='bbox 1384 3182 1631 3243; x_wconf 88' lang='lat' dir='ltr'>egresso</span> <span class='ocrx_word' id='word_1_287' title='bbox 1660 3171 1795 3244; x_wconf 87' lang='lat' dir='ltr'>post</span> <span class='ocrx_word' id='word_1_288' title='bbox 1825 3171 2114 3223; x_wconf 90' lang='lat' dir='ltr'>secretum</span> <span class='ocrx_word' id='word_1_289' title='bbox 2143 3182 2264 3224; x_wconf 92' lang='lat' dir='ltr'>ser·</span> 
     </span>
     <span class='ocr_line' id='line_1_36' title="bbox 187 3246 2259 3328; baseline -0.001 -18"><span class='ocrx_word' id='word_1_290' title='bbox 187 3266 487 3311; x_wconf 71' lang='lat' dir='ltr'>asmonem</span> <span class='ocrx_word' id='word_1_291' title='bbox 531 3246 798 3324; x_wconf 87' lang='lat' dir='ltr'>Tiberio,</span> <span class='ocrx_word' id='word_1_292' title='bbox 844 3266 962 3308; x_wconf 86' lang='lat' dir='ltr'>vox</span> <span class='ocrx_word' id='word_1_293' title='bbox 988 3246 1236 3326; x_wconf 89' lang='lat' dir='ltr'>Augusti</span> <span class='ocrx_word' id='word_1_294' title='bbox 1278 3268 1388 3328; x_wconf 91' lang='lat' dir='ltr'>per</span> <span class='ocrx_word' id='word_1_295' title='bbox 1428 3248 1817 3309; x_wconf 89' lang='lat' dir='ltr'>cubicularios</span> <span class='ocrx_word' id='word_1_296' title='bbox 1859 3256 2109 3327; x_wconf 87' lang='lat' dir='ltr'>excepta</span> <span class='ocrx_word' id='word_1_297' title='bbox 2150 3247 2259 3307; x_wconf 88' lang='lat' dir='ltr'>sit:</span> 
     </span>
     <span class='ocr_line' id='line_1_37' title="bbox 257 3331 2267 3412; baseline -0.003 -19"><span class='ocrx_word' id='word_1_298' title='bbox 257 3331 558 3393; x_wconf 76' lang='lat' dir='ltr'>Miserum</span> <span class='ocrx_word' id='word_1_299' title='bbox 595 3331 892 3410; x_wconf 82' lang='lat' dir='ltr'>populum</span> <span class='ocrx_word' id='word_1_300' title='bbox 942 3333 1019 3394; x_wconf 89' lang='lat' dir='ltr'>R.</span> <span class='ocrx_word' id='word_1_301' title='bbox 1076 3333 1183 3412; x_wconf 80' lang='lat' dir='ltr'>qui</span> <span class='ocrx_word' id='word_1_302' title='bbox 1229 3332 1344 3394; x_wconf 82' lang='lat' dir='ltr'>sub</span> <span class='ocrx_word' id='word_1_303' title='bbox 1391 3339 1515 3394; x_wconf 82' lang='lat' dir='ltr'>tam</span> <span class='ocrx_word' id='word_1_304' title='bbox 1557 3334 1738 3394; x_wconf 78' lang='lat' dir='ltr'>lentis</span> <span class='ocrx_word' id='word_1_305' title='bbox 1778 3332 2056 3393; x_wconf 73' lang='lat' dir='ltr'>maxillis</span> <span class='ocrx_word' id='word_1_306' title='bbox 2106 3331 2267 3390; x_wconf 80' lang='lat' dir='ltr'>erit!</span> 
     </span>
     <span class='ocr_line' id='line_1_38' title="bbox 256 3414 2268 3496; baseline -0.003 -20"><span class='ocrx_word' id='word_1_307' title='bbox 256 3416 345 3476; x_wconf 87' lang='lat' dir='ltr'>Ne</span> <span class='ocrx_word' id='word_1_308' title='bbox 362 3416 504 3476; x_wconf 89' lang='lat' dir='ltr'>illud</span> <span class='ocrx_word' id='word_1_309' title='bbox 524 3414 755 3494; x_wconf 91' lang='lat' dir='ltr'>quidem</span> <span class='ocrx_word' id='word_1_310' title='bbox 768 3416 977 3493; x_wconf 89' lang='lat' dir='ltr'>ignoro</span> <span class='ocrx_word' id='word_1_311' title='bbox 1004 3417 1228 3496; x_wconf 90' lang='lat' dir='ltr'>aliquos</span> <span class='ocrx_word' id='word_1_312' title='bbox 1258 3417 1588 3496; x_wconf 88' lang='lat' dir='ltr'>tradidisse,</span> <span class='ocrx_word' id='word_1_313' title='bbox 1604 3416 1926 3494; x_wconf 88' lang='lat' dir='ltr'>Augustum</span> <span class='ocrx_word' id='word_1_314' title='bbox 1952 3415 2141 3494; x_wconf 88' lang='lat' dir='ltr'>palam</span> <span class='ocrx_word' id='word_1_315' title='bbox 2156 3428 2268 3471; x_wconf 91' lang='lat' dir='ltr'>nec</span> 
     </span>
     <span class='ocr_line' id='line_1_39' title="bbox 256 3500 2267 3582; baseline -0.004 -20"><span class='ocrx_word' id='word_1_316' title='bbox 256 3500 690 3562; x_wconf 85' lang='lat' dir='ltr'>dissimulanter</span> <span class='ocrx_word' id='word_1_317' title='bbox 718 3516 939 3560; x_wconf 88' lang='lat' dir='ltr'>morum</span> <span class='ocrx_word' id='word_1_318' title='bbox 977 3502 1099 3561; x_wconf 90' lang='lat' dir='ltr'>eius</span> <span class='ocrx_word' id='word_1_319' title='bbox 1129 3500 1417 3562; x_wconf 88' lang='lat' dir='ltr'>diritatem</span> <span class='ocrx_word' id='word_1_320' title='bbox 1446 3501 1592 3563; x_wconf 90' lang='lat' dir='ltr'>adeo</span> <span class='ocrx_word' id='word_1_321' title='bbox 1620 3501 2004 3582; x_wconf 87' lang='lat' dir='ltr'>improbasse,</span> <span class='ocrx_word' id='word_1_322' title='bbox 2027 3505 2089 3557; x_wconf 91' lang='lat' dir='ltr'>ut</span> <span class='ocrx_word' id='word_1_323' title='bbox 2121 3511 2267 3556; x_wconf 89' lang='lat' dir='ltr'>non-</span> 
     </span>
    </p>
   </div>
  </div>
 </body>
</html>
