2553 3960
355 163 477 224 250
523 175 583 224 c.
617 175 917 225 stm'rom
951 177 1207 237 TRANQ.
1244 177 1340 224 DE
1372 177 1535 224 vrrs
1569 176 1940 225 osnsnmm
1968 179 2012 225 1
2016 179 2109 227 113.
2143 179 2291 226 vm.

355 331 648 413 propositi
675 332 918 408 gratiam
946 331 1147 392 facere
1176 349 1292 392 non
1320 332 1430 393 alia
1462 332 1650 410 magis
1684 349 1749 392 re
1777 333 2110 412 compulsus
2149 334 2355 394 creda-

303 428 315 507 ξ
354 425 466 493 tur,
492 433 667 520 quam
697 415 851 513 quod
887 417 1075 494 sparsi
1110 414 1295 476 libelli
1329 435 1459 476 cum
1491 416 1582 477 his
1614 415 1884 477 versibus
1920 426 2112 478 erant:

305 508 321 635 Ξ
416 493 571 562 Κᾶν
583 519 699 598 ρ,με
740 490 958 581 φάγῃς
1002 492 1109 560 ἐπὶ
1151 496 1360 581 ῥίζαν,
1408 489 1590 598 ὅμως
1624 499 1721 562 ἔτι
1763 492 2286 582 καρποφορῆσαι,

609 583 836 645 Οσσον
876 562 1250 645 Ramnetum
1291 583 1422 661 σοί,
1466 575 1689 664 τράγε,
1731 577 2072 668 θυομένω.

353 668 573 730 Eadem
610 666 917 729 formidine
958 667 1214 728 oblatum
1268 685 1302 728 a
1343 677 1546 729 senatu
1593 686 1805 730 novum
1854 677 1913 728 et
1960 669 2401 747 excogitatums

353 753 670 830 honorem,
704 769 1044 831 quamquam
1080 753 1328 813 omnium
1355 752 1552 813 talium
1594 753 2135 832 appetentissimus,
2184 770 2355 812 recu·

354 839 525 916 savit,
558 855 672 917 quo
703 837 1002 899 decretum
1027 846 1151 898 erat
1172 846 1251 915 ut,
1283 838 1551 916 quotiens
1574 846 1813 915 gereret
1845 837 2227 915 consulatum,
2254 854 2354 916 eq.

350 922 421 983 R.
463 921 668 1001 quibus
705 938 837 981 sors
872 920 1202 1000 obtigisset,
1231 919 1477 982 trabeati
1518 929 1576 982 et
1623 939 1750 981 oum
1790 920 1972 982 hastis
2014 920 2356 981 militaribus

353 1005 778 1085 praecederent
810 1024 938 1065 eum
966 1007 1118 1065 inter
1139 1005 1385 1066 lictores
1419 1006 1922 1084 apparitoresque.

476 1089 768 1169 Tempore
828 1090 1088 1168 suspecti
1146 1089 1393 1168 periculi
1441 1091 1978 1168 appropinquante,
2043 1088 2354 1149 sollicitior
2375 1102 2429 1145 u

352 1174 410 1233 in
453 1174 615 1251 dies,
660 1174 1017 1252 porticuum,
1066 1173 1124 1232 in
1167 1172 1375 1252 quibus
1425 1174 1663 1252 spatiari
1711 1181 2047 1250 consuerat,
2098 1174 2358 1253 parietes

353 1259 631 1338 phengite
674 1256 871 1335 lapide
922 1258 1207 1335 distinxit,
1264 1276 1299 1317 e
1344 1257 1505 1317 cuius
1552 1256 1870 1336 splendore
1919 1275 2028 1336 per
2069 1258 2357 1335 imagines

353 1342 627 1423 quidquid
662 1359 695 1402 a
735 1350 908 1421 tergo
947 1343 1115 1402 fieret
1154 1342 1510 1421 provideret.
1583 1341 1713 1403 Nec
1752 1342 1861 1401 nisi
1904 1350 2135 1403 secreto
2175 1351 2356 1421 atque

352 1428 514 1489 solus
545 1428 858 1506 plerasque
897 1426 1224 1504 custodias,
1267 1427 1525 1506 receptis
1562 1425 1792 1505 quidem
1834 1426 1889 1485 in
1930 1444 2154 1486 manum
2198 1435 2354 1487 cate-

351 1514 461 1590 nis,
488 1510 776 1573 audiebat.
838 1511 1031 1591 thue
1076 1511 1414 1573 domesticis
1464 1509 1875 1590 persuaderet,
1921 1527 1996 1569 ne
2034 1509 2189 1571 bono
2228 1512 2430 1589 qui-15

352 1597 480 1659 dem
516 1595 790 1675 exemplo
823 1595 1140 1657 audendam
1184 1614 1319 1656 esse
1351 1595 1580 1675 patroni
1610 1612 1849 1671 necem,
1894 1593 2354 1674 Epaphroditum

351 1700 385 1742 a
415 1681 629 1741 libellis
673 1679 906 1758 capitali
953 1698 1145 1759 poena
1193 1679 1625 1757 condemnavit,
1670 1678 1826 1758 qaod
1869 1688 2004 1758 post
2033 1678 2350 1740 destitutio-

348 1784 480 1826 nem
509 1764 670 1826 Nero
704 1765 761 1823 in
796 1763 1171 1844 adipiscenda
1198 1773 1384 1824 morte
1422 1781 1590 1824 manu
1633 1765 1757 1824 eius
1799 1762 2022 1824 adiutus
2064 1764 2350 1824 existima-

272 1862 334 1916 15
355 1850 540 1912 batur.
604 1848 869 1928 Denique
912 1847 1171 1909 Flavium
1214 1846 1571 1908 Clementem
1611 1847 1932 1927 patruelem
1978 1865 2169 1924 suum,
2212 1864 2349 1907 con-

350 1935 766 2014 temptissimae
798 1933 1070 2010 inertiae,
1121 1934 1284 1994 cuius
1330 1931 1484 1994 filios
1529 1931 1701 1993 etiam
1740 1940 1858 1992 tum
1910 1930 2188 2011 :parvulos
2220 1949 2418 1995 suc-20

353 2035 626 2080 cessores
657 2016 849 2098 palam
882 2017 1271 2077 destinaverat
1299 2025 1390 2094 et,
1421 2016 1640 2078 abolito
1672 2017 2164 2096 priorenomine,
2208 2016 2349 2078 alte-

350 2121 475 2163 rum
514 2102 936 2181 Vespasianum
977 2099 1261 2181 appellari
1310 2102 1592 2177 iusserat,
1644 2099 1889 2161 alterum
1943 2100 2351 2177 Domitianum,

350 2195 596 2265 repente
641 2204 716 2245 ex
767 2185 1100 2246 tenuissima
1160 2184 1484 2263 suspitione
1531 2193 1746 2245 tantum
1798 2201 1913 2245 non
1954 2186 2011 2245 in
2049 2185 2180 2264 ipso
2226 2185 2352 2245 eius

354 2269 653 2332 consulatu
676 2270 978 2330 interemit.
1032 2269 1162 2343 Quo
1184 2268 1432 2329 maxime
1455 2268 1611 2330 facto
1634 2269 1935 2329 maturavit
1960 2268 2070 2329 sibi
2095 2269 2348 2329 exitium.

2530 1894 2540 1936 i

477 2352 775 2415 Continuis
826 2362 962 2414 octo
1014 2352 1308 2414 mensibus
1365 2362 1451 2414 tot
1500 2352 1729 2430 fulgura
1772 2352 1931 2413 facta
1980 2354 2425 2431 nuntiataquezs
2538 2363 2539 2370 ’

351 2446 499 2516 sunt,
531 2445 590 2497 ut
618 2438 1067 2499 exclamaverit:
1113 2435 1332 2498 Feriat
1356 2436 1506 2514 iam,
1535 2455 1723 2517 quem-
1738 2434 1940 2498 volet!
2009 2436 2248 2497 Tactum
2277 2435 2352 2496 de

351 2522 519 2583 caelo
565 2520 912 2601 Capitolium
952 2521 1343 2601 templumque
1395 2521 1631 2582 Flaviae
1684 2522 1910 2599 gentis,
1960 2522 2094 2581 item
2147 2519 2354 2581 domus

349 2606 605 2667 Palatina
637 2614 695 2666 et
723 2606 1048 2667 cubiculum
1088 2606 1294 2686 ipsius,
1330 2614 1505 2684 atque
1540 2606 1712 2666 etiam
1742 2622 1778 2664 e
1812 2604 1940 2665 basi
1985 2612 2209 2665 statuae
2254 2606 2352 2664 tri-

348 2690 634 2769 umphalis
678 2690 873 2750 titulus
902 2708 1184 2750 excussus
1223 2691 1281 2749 vi
1326 2688 1630 2769 procellae
1674 2688 1731 2748 in
1770 2689 2177 2749 monimentum
2213 2705 2353 2768 pro-

257 2843 260 2846 ,
348 2792 577 2835 xumum
630 2772 861 2834 decidit.
921 2773 1174 2851 Arbor,
1234 2790 1384 2853 quae
1440 2773 1669 2853 privato
1733 2771 1920 2833 adhuc
1981 2774 2426 2853 Vespasianoao

348 2876 559 2920 eversa
591 2866 953 2936 surrexerat,
988 2867 1125 2919 tunc
1151 2875 1353 2918 rursus
1385 2866 1631 2937 repente
1665 2860 1903 2917 corruit.
1974 2857 2351 2917 Praenestina

345 2942 635 3021 Fortuna,
671 2950 796 3003 toto
824 2942 1051 3022 imperii
1080 2943 1270 3021 spatio
1310 2958 1513 3002 annum
1550 2958 1761 3001 novum
1789 2939 2210 3002 commendanti
2233 2940 2349 3000 lae-

346 3036 459 3086 tam
496 3026 856 3105 eandemque
892 3043 1127 3125 semper
1156 3034 1376 3086 sortem
1403 3025 1540 3088 dare
1573 3027 1826 3103 assueta,
1851 3033 2117 3086 extremo
2141 3025 2352 3085 tristis-

347 3111 543 3172 simam
578 3110 845 3189 reddidit,
877 3128 990 3170 nec
1031 3112 1155 3170 sine
1185 3110 1481 3188 sanguinis
1507 3108 1818 3170 mentione.

468 3193 814 3273 Minervam,
852 3212 1019 3273 quam
1051 3194 1458 3273 superstitiose
1504 3192 1770 3271 colebat,
1822 3193 2127 3254 somniavit
2175 3209 2350 3252 exce·
2370 3203 2426 3245 ³⁵

348 3272 488 3334 dere
522 3279 780 3339 sacrario
819 3278 853 3320 *
883 3286 1310 3357 negantemque
1340 3278 1488 3340 ultra
1523 3296 1589 3339 se
1619 3278 1767 3339 tueri
1792 3296 1922 3338 eum
1960 3294 2163 3357 posse,
2198 3274 2355 3354 quod

347 3368 638 3419 exarmata
682 3370 841 3421 esset
871 3380 929 3423 a
942 3362 1106 3424 Iove.
1179 3360 1353 3423 Nulla
1400 3372 1590 3423 tamen
1629 3379 1698 3422 re
1740 3361 1983 3441 perinde
2031 3368 2355 3421 commotus

347 3446 455 3515 est,
483 3457 649 3516 quam
680 3460 969 3521 responso
995 3463 1250 3524 casuque
1271 3445 1698 3507 Ascletarionis
1718 3444 2124 3506 mathematici.
2184 3443 2355 3503 Hunc

2528 3101 2540 3180 ἰ
