2553 3960
1015 184 1423 233 PRAEFATIO.
2001 184 2123 233 mx

291 363 321 401 a
361 343 619 418 plurimis
648 341 953 416 inspectus.
1032 344 1240 401 Primus
1270 344 1414 400 enim
1450 343 1505 397 Ρ.
1538 343 1801 399 Pithoeus
1832 344 1901 399 ad
1933 342 2113 400 Taciti

287 428 579 498 dialogum
604 445 654 484 a.
691 433 826 488 1580
858 428 1063 483 editum
1089 430 1233 483 hunc
1265 428 1468 483 librum
1502 423 1829 502 (exemplar
1860 425 2115 483 Italicum

291 507 466 583 dicit)
500 509 796 575 consuluit,
829 510 932 565 cfr.
948 510 1014 566 A.
1042 510 1101 567 Ε.
1119 510 1308 582 Egger
1334 510 1390 565 in
1404 509 1823 566 Zimmermanni
1842 510 2115 566 Zeitschr.

293 594 328 648 f.
367 595 423 650 d.
454 592 601 648 AW.
636 599 772 654 1836
808 611 862 666 p.
893 599 993 654 337
1024 611 1146 666 sqq.
1181 595 1282 651 sed
1308 592 1683 650 Suetonianae
1719 608 1940 665 quoque
1972 592 2117 667 parti

291 679 496 732 eodem
526 693 672 732 anno
704 693 930 748 operam
959 678 1141 734 datam
1171 678 1342 734 lectio
1372 678 1618 748 incipere
1646 694 1701 749 p.
1736 680 1860 747 271,
1892 683 1959 735 14
1986 694 2118 749 per-

290 763 530 831 suadet,
568 778 600 816 a
632 760 867 816 Pithoeo
900 761 955 816 in
986 761 1334 833 praefatione
1367 761 1434 816 ad
1472 759 1802 828 Quintiliani
1837 760 2117 817 declama-

290 847 482 901 tiones
513 861 546 900 e
581 850 679 902 vet.
705 859 804 900 suo
835 847 1150 917 exemplari
1171 839 1499 921 prodita⁸⁸).
1591 845 1883 901 Secundus
1913 852 2000 902 est
2027 846 2115 901 Ia-

291 930 476 985 cobus
498 927 861 1000 Bongarsius,
899 930 1058 985 cuius
1078 929 1433 985 collationem
1464 928 1536 985 ad
1562 927 1842 1000 margines
1858 928 2111 986 Pulman-

290 1013 497 1068 nianae
540 1011 803 1068 editionis
852 1012 1185 1086 adscriptam
1225 1013 1585 1069 casaubonus
1629 1030 1680 1069 a.
1719 1018 1849 1071 1595
1895 1012 2112 1086 accepit

292 1102 350 1150 et
384 1110 496 1165 ego
526 1093 804 1150 beneflcio
838 1093 898 1150 C.
931 1097 985 1151 L.
1020 1096 1162 1152 Stei
1187 1094 1351 1168 geri
1373 1096 1438 1151 V.
1474 1094 1533 1151 C.
1566 1095 1943 1152 bibliothecae
1977 1098 2111 1154 Ber-

289 1178 490 1234 nensis
520 1176 795 1250 praefecti
825 1179 972 1234 domi
1004 1180 1193 1237 habui.
1258 1179 1472 1236 Deinde
1506 1196 1553 1238 a.
1589 1185 1723 1240 1610
1752 1176 2112 1238 Casaubonus

292 1262 499 1317 librum
546 1262 727 1334 ipsum
789 1278 818 1317 a
862 1260 1032 1319 Paulo
1080 1264 1308 1321 Petavio
1378 1264 1780 1320 commodatum
1842 1262 2110 1335 inspexit.

292 1344 497 1401 Postea
534 1345 714 1401 isaaci
746 1344 938 1401 Vossii
972 1347 1233 1418 collatio,
1269 1364 1409 1420 quae
1440 1347 1643 1403 Leidae
1677 1352 2020 1418 asservatur,
2058 1353 2116 1403 et

291 1429 608 1484 Burmanno
651 1433 705 1483 et
733 1427 1131 1501 Oudendorpio
1172 1438 1400 1504 praesto
1436 1431 1558 1486 ruit.
1644 1428 1848 1485 Nostro
1881 1431 2114 1487 saeculo

289 1512 571 1567 Friderici
601 1511 745 1582 Aug.
777 1511 943 1568 Wolr
968 1514 1229 1584 precibus
1262 1516 1563 1571 obsecutus
1591 1512 1821 1568 Lecluse
1843 1553 1861 1582 ,
1905 1512 2110 1570 deinde

290 1611 450 1652 snam
483 1594 784 1652 editionem
825 1612 1165 1668 praeparans
1197 1596 1410 1666 Osann,
1454 1596 1694 1667 denique
1740 1611 1792 1650 a.
1825 1599 1958 1654 1855
2003 1612 2111 1666 ego

292 1686 348 1735 et
370 1678 741 1736 amicissimus
772 1679 1076 1736 Iacobus
1113 1680 1474 1736 Huuziker
1509 1676 1936 1748 diligentissime
1961 1694 2111 1735 com-

291 1763 634 1836 paravimus.
1553 1820 1563 1827 ,

421 1845 521 1902 His
564 1847 791 1919 scriptis
826 1846 987 1902 libris
1034 1848 1313 1905 editiones
1347 1847 1652 1920 impressae
1695 1845 1964 1902 addantur
1994 1848 2107 1902 In-

293 1937 493 1988 certa
537 1937 592 1986 et
624 1930 891 1988 Veneta
929 1948 977 1988 a.
1010 1928 1166 2004 1474,
1205 1932 1259 1988 in
1301 1931 1498 2005 quibus
1533 1936 1589 1986 et
1622 1928 1761 2003 ipsis
1798 1929 1971 1987 Index
2008 1929 2107 1988 de-

291 2014 594 2071 sideratur.

433 2205 530 2272 36)
573 2207 882 2258 Difficillima
923 2208 1151 2273 quaestio
1194 2208 1305 2258 visa
1347 2216 1425 2258 est
1468 2208 1531 2259 de
1576 2208 1773 2270 Pithoei
1812 2208 1983 2260 codice
2014 2209 2108 2258 ali-

299 2292 425 2342 quo,
480 2291 628 2341 quem
669 2276 732 2327 N.
766 2276 928 2327 Faber
959 2276 1025 2327 ad
1068 2275 1135 2326 M.
1168 2274 1412 2327 Senecam
1443 2275 1721 2340 rhetorem,
1776 2276 2107 2328 Casaubonus

292 2348 348 2396 in
379 2352 592 2410 utraque
630 2344 868 2409 editione,
906 2343 1137 2395 Andreas
1173 2342 1410 2395 Schottus
1443 2347 1496 2396 in
1531 2345 1979 2399 observationibus
2010 2344 2107 2395 hu-

293 2414 462 2465 manis
506 2428 558 2478 p.
597 2412 665 2464 28
707 2429 820 2478 sqq.
866 2413 1183 2480 Bongarsius
1227 2414 1280 2464 in
1327 2416 1557 2482 exemplo
1597 2415 1844 2466 Bemensi
1885 2429 2105 2465 comme-

293 2488 647 2545 moraverunt,
682 2496 830 2532 nemo
867 2482 1007 2534 vidit.
1081 2483 1154 2531 Ea
1184 2482 1456 2534 difficultas
1494 2485 1593 2534 iam
1624 2486 1788 2535 soluta
1822 2490 1925 2544 est,
1962 2490 2105 2549 post·

295 2566 448 2617 qnam
498 2550 693 2601 Veneta
748 2551 901 2602 editio
949 2565 995 2600 a.
1044 2551 1179 2602 1474
1232 2566 1260 2600 e
1310 2554 1534 2603 tenebris
1580 2553 1799 2603 emersit.
1872 2552 2001 2602 Nam
2054 2560 2107 2600 ut

293 2619 472 2688 paucis
506 2620 764 2670 absolvam
797 2635 905 2671 rem
932 2618 1103 2670 multIs
1135 2619 1305 2670 verbis
1334 2633 1431 2669 non
1458 2621 1682 2686 dignam,
1721 2634 1751 2669 a
1781 2618 1990 2670 Pithoeo
2017 2634 2107 2668 ex-

296 2689 518 2754 emplum
561 2688 764 2753 aliquod
809 2688 1112 2754 impressum
1148 2688 1574 2738 conseribillatum
1625 2688 1719 2738 fuit
1753 2686 2105 2738 collationibus

295 2758 495 2808 duabus
514 2793 528 2815 ‚
580 2757 740 2808 altera
784 2758 900 2808 libri
935 2756 1153 2807 Parisini
1200 2755 1367 2817 7773,
1418 2758 1575 2807 altera
1612 2757 1846 2807 editionis
1882 2757 2105 2807 Venetae

296 2842 343 2877 a.
385 2826 539 2876 1474.
614 2826 716 2875 Eae
750 2826 881 2876 duae
913 2825 1203 2876 collationes
1239 2838 1355 2874 cum
1386 2840 1415 2874 a
1448 2824 1657 2876 Pithoeo
1693 2827 1904 2877 obscure
1939 2825 2105 2892 signi-

296 2895 472 2944 ficatae
502 2902 698 2956 essent,
738 2894 927 2944 factum
960 2901 1036 2944 est
1071 2901 1126 2944 ut
1169 2893 1255 2958 qui
1290 2894 1375 2944 illo
1408 2896 1638 2961 exemplo
1670 2902 1928 2945 uterentur
1950 2895 2101 2945 modo

297 2970 443 3013 notas
478 2961 849 3013 confunderent
887 2962 1039 3029 (sicut
1071 2977 1183 3011 eum
1216 2977 1269 3028 p.
1307 2963 1425 3024 257,
1460 2963 1526 3016 23
1569 2966 1860 3026 recitarent,
1891 2979 1945 3030 p.
1979 2961 2099 3025 266,

295 3031 329 3081 2
357 3032 562 3089 animos,
597 3045 724 3095 quae
760 3031 998 3081 lectiones
1032 3030 1084 3080 in
1115 3030 1348 3082 Parisino
1386 3032 1719 3099 reperiuntur,
1755 3048 1781 3081 e
1809 3030 2007 3081 Pithoei
2042 3031 2102 3081 11-

295 3101 384 3151 bro
422 3099 719 3164 attulerunt)
754 3100 904 3151 modo
937 3098 1133 3150 Pithoei
1159 3100 1477 3151 membranas
1507 3100 1817 3167 appellarent
1854 3114 1983 3164 quae
2015 3115 2103 3150 ve·

295 3178 375 3219 tus
409 3169 561 3219 editio
599 3169 816 3219 dicenda
861 3168 973 3220 ruit.
1048 3169 1122 3219 De
1156 3169 1397 3220 universa
1431 3184 1486 3219 re
1524 3184 1626 3218 non
1663 3168 1792 3219 falso
1835 3183 1928 3218 nos
1970 3167 2103 3219 iudi·

293 3253 462 3299 casse,
494 3238 821 3305 comprobent
852 3237 1088 3288 lectiones
1120 3252 1174 3303 p.
1216 3237 1335 3299 259,
1373 3238 1437 3290 18
1470 3240 1745 3301 principem
1768 3237 1954 3289 Romae
1975 3274 1990 3298 ‚
2033 3235 2104 3287 20

295 3308 582 3368 declarare,
619 3306 685 3359 32
708 3308 971 3372 infantiam
978 3325 1001 3366 ,-
1035 3321 1085 3371 p.
1104 3305 1224 3368 262,
1259 3305 1293 3357 8
1324 3322 1488 3356 rernm
1512 3306 1841 3357 Romanarum
1850 3324 1874 3365 ,·
1903 3320 1955 3371 p.
1982 3303 2101 3363 266,

297 3374 360 3427 19
391 3379 624 3429 militaris
658 3392 850 3433 verna,-
901 3391 954 3442 p.
993 3375 1112 3435 267,
1148 3374 1183 3426 9
1219 3373 1305 3424 Sic
1340 3390 1445 3424 cum
1479 3374 1665 3426 Romae
1706 3387 1956 3439 nusquam
2004 3372 2104 3420 nisi

294 3446 420 3510 apud
454 3446 721 3499 pithoeum
759 3451 808 3495 et
844 3444 896 3494 in
926 3443 1114 3494 Veneta
1143 3443 1363 3493 editione
1399 3445 1653 3497 inventae.
