2553 3960
902 247 1318 296 PRAEFATIO.
1872 251 2015 298 LXV

318 409 566 480 Denique
597 406 875 463 beneficio
890 406 1122 463 Gudiani
1154 406 1391 478 codicis,
1423 414 1480 463 et
1504 408 1697 481 optimi
1727 415 1786 464 et
1808 410 2007 467 aMoe-

204 494 290 548 bio
320 491 739 549 accuratissime
770 492 982 561 collati,
1014 493 1216 548 factum
1241 499 1329 548 est
1362 500 1422 548 ut
1451 494 1884 565 orthographica
1916 512 2006 553 ra-

204 577 276 632 tio
302 577 464 650 paulo
489 575 829 647 diligentius
849 593 1009 647 quam
1039 578 1217 632 adbuc
1250 577 1454 634 iactum
1477 582 1598 633 erat
1624 576 1841 633 institui
1871 595 2008 652 pos-

203 667 294 716 set.
352 661 482 716 Eius
508 660 660 715 enim
689 661 1022 716 auctoritate
1043 661 1226 731 Nida,
1255 659 1584 730 &assicia-³,
1611 659 1856 721 Porcius,
1879 657 2008 736 (ad-

204 745 399 801 dendus
448 744 557 800 fuit
599 741 899 819 Albucius)
953 760 985 799 c
1023 744 1248 815 littera,
1306 750 1418 800 tum
1461 745 1718 816 Dionysi,
1761 746 2008 816 Pompei,

202 830 445 899 venatici,
484 828 817 899 Brundusi,
862 829 1028 884 etiam
1058 830 1257 899 repetit
1303 845 1361 900 p.
1391 834 1530 899 260,
1578 834 1651 888 38
1686 828 1928 902 simplici
1970 832 2007 899 i,

203 912 387 968 deinde
428 906 881 986 praenomina⁴⁷)
917 920 973 968 et
1012 906 1318 970 numeralia
1361 914 1455 970 vel
1504 912 1757 970 omnibus
1800 913 2005 970 litteris

202 996 281 1050 vel
315 992 688 1068 compendiiS,
717 1001 1001 1069 postremo
1032 1004 1242 1066 auctor,
1281 999 1466 1067 celeri,
1498 1011 1689 1064 causa,
1722 999 1893 1069 milia,
1920 998 2005 1053 lit-

201 1085 366 1150 terae,
393 1097 683 1135 nummum
720 1087 778 1135 et
803 1080 1011 1137 similia
1040 1080 1124 1136 sic
1155 1088 1215 1135 ut
1243 1081 1404 1137 vides
1442 1080 1652 1154 scripta
1684 1088 1832 1138 sunt.

319 1163 572 1220 Ceterum
608 1164 866 1237 quaestio
909 1165 1050 1220 baec
1081 1164 1518 1238 orthographica
1551 1166 1623 1221 ad
1652 1165 2005 1239 deperditum

199 1247 336 1303 illum
378 1250 636 1305 codicem
665 1248 1080 1306 Henoehianum
1103 1290 1121 1319 .,
1156 1249 1316 1305 cuius
1348 1250 1619 1321 quandam
1653 1251 1901 1323 speciem
1948 1257 2005 1306 et

202 1332 542 1388 adumbrasse
578 1339 637 1388 et
667 1332 986 1388 restituisse
1017 1333 1185 1388 nobis
1210 1333 1484 1405 videmur,
1517 1336 1838 1391 revocanda
1870 1332 1997 1390 erit.

200 1416 273 1469 Ao
314 1417 358 1471 si
401 1423 560 1472 recte
603 1417 940 1488 disputatum
984 1423 1101 1485 est,
1153 1417 1407 1473 codicum
1447 1418 1626 1474 adhuc
1671 1419 2004 1475 collatorum

201 1500 420 1554 omnium
451 1501 714 1572 proxime
745 1501 814 1558 ad
842 1501 983 1556 illud
1019 1501 1331 1572 exemplum
1362 1501 1638 1557 accedere
1674 1502 2004 1559 Leidensem

203 1588 251 1637 et
277 1584 612 1654 Gudiannm,
658 1584 980 1657 opinionem
1018 1585 1183 1641 nobis
1216 1585 1438 1656 quidem
1478 1601 1712 1641 assensu
1742 1599 2002 1655 compro—

201 1666 320 1722 bare
360 1685 468 1724 non
510 1669 745 1738 licebit,
778 1685 937 1739 quam
973 1669 1122 1725 docti
1157 1669 1377 1739 quidam
1418 1668 1670 1725 homines
1709 1668 1779 1723 de
1821 1673 2004 1722 aetate

202 1748 337 1806 illius
363 1752 700 1826 coneepisse
732 1753 1010 1808 videntur.
1067 1751 1181 1807 Nos
1210 1753 1358 1808 intra
1390 1752 1517 1808 XIII
1552 1753 1835 1807 saeculum
1866 1766 2005 1806 con·

202 1832 462 1907 sistemuS‚
493 1836 668 1908 idque
684 1836 896 1892 duabus
922 1836 1272 1910 potissimum
1297 1836 1614 1893 rationibus
1644 1835 1874 1906 inducti,
1908 1850 2003 1890 or-

202 1917 548 1992 thographica
584 1927 640 1975 et
674 1921 1129 1993 tacbygraphica.

306 2004 561 2062 Nostram
599 2005 670 2061 de
701 2006 811 2062 vita
847 2005 1146 2062 Caesarum
1181 2006 1485 2062 editionem
1528 2006 1578 2061 si
1611 2005 1736 2078 quis
1777 2021 1899 2061 cum
1934 2003 2005 2059 li-

204 2087 337 2144 bello
367 2090 435 2145 de
463 2091 845 2161 grammaticis
877 2090 1141 2146 conferre
1170 2090 1446 2161 voluerit,
1475 2091 1531 2145 in
1568 2092 1678 2146 hoc
1714 2089 2003 2146 admodum

206 2169 462 2229 diversum
507 2191 692 2245 genus
740 2174 1023 2230 scribendi
1067 2175 1342 2231 vocabula
1387 2175 1808 2230 animadvertet.
1898 2172 2005 2228 Ra-

206 2253 405 2313 rissime
452 2258 603 2313 enim
646 2258 858 2313 veteris
899 2258 1216 2331 scripturae
1245 2257 1524 2329 vestigia,
1573 2264 1631 2313 et
1676 2256 1900 2329 quidem
1941 2272 2008 2311 ea

209 2336 312 2393 iere
350 2358 487 2413 quae
539 2342 898 2398 librariorum
940 2342 1127 2398 odium
1170 2342 1328 2413 qnasi
1372 2342 1863 2413 subterfugerunt,
1908 2340 2009 2395 de-

208 2423 524 2497 prehendet,
567 2426 1048 2500 praepositionum
1084 2426 1141 2481 in
1187 2426 1380 2482 verbis
1415 2426 1743 2500 compositis
1786 2424 2008 2480 sincere

209 2506 517 2580 scriptarum
552 2512 864 2582 exemplum
910 2504 1232 2579 nullumffl),
1278 2510 1583 2567 accusativi
1625 2508 1861 2582 pluralis
1890 2514 2010 2562 ter-

209 2586 304 2645 tiae
333 2593 727 2651 declinationis
757 2595 812 2650 in
843 2595 904 2649 is
934 2594 1212 2651 terminati
1245 2587 1527 2668 unnm⁴⁹)‚
1558 2592 1831 2665 simplicis
1861 2593 1886 2645 ἰ
1914 2589 2009 2645 lit-

326 2758 411 2823 47)
456 2760 692 2823 Namque
726 2757 822 2807 hae
867 2759 919 2807 in
945 2766 1089 2823 parte
1123 2760 1416 2819 Pontanus,
1468 2758 1556 2821 qui
1583 2756 1885 2807 Leidensem
1923 2767 2008 2804 co-

212 2820 350 2874 dicem
382 2828 655 2893 exscripsit
671 2861 689 2890 ,
736 2826 827 2877 nni
857 2827 1063 2893 legendi
1102 2827 1336 2877 facilitati
1377 2827 1690 2888 inservienS,
1740 2838 1841 2874 non
1890 2836 2008 2873 raro

211 2890 555 2957 imprudentius
590 2897 723 2962 egit,
771 2896 893 2945 dum
927 2911 976 2946 v.
1012 2911 1056 2947 c.
1088 2911 1182 2962 pro
1221 2895 1322 2948 CN.
1366 2895 1461 2949 Gn.
1496 2896 1725 2962 reponit,
1770 2893 1825 2945 G.
1861 2900 1911 2942 et
1947 2891 2005 2942 L.

214 2959 257 3008 in
288 2963 444 3015 Gaitcm
481 2973 533 3015 et
562 2966 762 3016 Lucium
796 2964 1020 3022 resolvit,
1055 2964 1343 3016 Cornelium
1376 2972 1425 3015 et
1458 2968 1749 3031 Augustum
1775 2963 1830 3012 in
1854 2962 2005 3011 Corn.

214 3029 389 3097 etAuq.
410 3040 618 3094 coartat,
645 3036 768 3099 quin
790 3033 939 3083 etiam
963 3047 1058 3098 pro
1077 3033 1144 3083 M.
1170 3033 1432 3083 Ciceronis
1456 3044 1507 3100 p.
1537 3033 1657 3095 263,
1681 3033 1747 3081 24
1770 3032 2009 3096 maai-ster

217 3096 444 3154 Cicermzis
474 3103 665 3154 scribit.

329 3171 412 3234 48)
448 3171 819 3237 Excipiendum
850 3187 906 3237 p.
946 3170 1066 3232 257,
1104 3170 1137 3220 7
1170 3170 1476 3229 adnotatum,
1517 3169 1638 3218 olim
1672 3169 1727 3218 in
1755 3168 2010 3219 adnutum

215 3242 256 3284 et
275 3245 325 3288 at
348 3250 506 3293 notum
527 3249 845 3306 corruptum3
889 3254 1005 3289 nam
1029 3254 1082 3304 p.
1105 3238 1226 3301 267,
1253 3241 1318 3289 14
1346 3239 1467 3289 boni
1496 3237 1613 3287 libri
1642 3252 1819 3287 omnes
1852 3253 2011 3289 anno-

218 3310 314 3357 tare
340 3308 537 3362 habent.

332 3378 421 3439 49)
455 3394 507 3444 p.
547 3378 675 3439 268,
719 3379 785 3431 26
814 3378 1062 3444 grandis,-
1101 3392 1218 3426 nam
1252 3392 1304 3443 p.
1344 3376 1475 3438 263,
1522 3376 1557 3427 8
1597 3379 1751 3427 omnis
1784 3390 1887 3426 non
1919 3375 2009 3425 ha-

219 3439 318 3494 bent
354 3447 449 3497 nisi
493 3447 752 3498 Parisinus
799 3448 962 3498 codex
1012 3453 1062 3496 et
1105 3448 1305 3496 Incerta
1348 3446 1505 3496 editio
1520 3483 1534 3507 ‚
1583 3446 1672 3510 qui
1714 3445 1832 3495 libri
1878 3444 2008 3493 anti-

222 3510 396 3572 quitatis
431 3515 746 3566 affectatione
768 3517 919 3566 etiam
954 3530 1096 3581 quom
1128 3529 1222 3580 pro
1257 3529 1363 3565 eum
1397 3515 1617 3564 scribere
1653 3514 1833 3565 solent.
1908 3512 2011 3559 Ac-

289 3597 549 3636 susronros.
1725 3602 1755 3636 e

2047 1176 2294 1219 Henoclna-

2047 1239 2131 1270 nus
2166 1227 2299 1268 liber.
