2553 3960
315 224 393 286 '78
483 236 542 285 c.
572 237 873 286 sumom
903 237 1159 297 TRANQ.
1194 237 1291 283 DE
1321 237 1488 283 vrrA·
1525 236 1893 283 CAESARUM
1930 236 2067 283 mn.
2097 237 2171 283 11.

312 394 455 453 ioris
503 392 869 471 tempestatis
919 393 1312 472 suspicionem
1362 392 1419 450 in
1460 389 1712 452 abditum
1753 409 1814 451 et
1857 401 2325 453 concamaratum

311 479 505 538 locum
556 493 623 536 se
666 477 995 554 reciperet,
1042 484 1445 538 consternatus
1492 475 1628 535 clim
1673 493 1782 555 per
1820 484 2160 535 nocturnum
2213 478 2325 535 iter

313 571 649 622 transcursu
680 560 961 637 fulguris,
993 569 1052 620 ut
1086 559 1495 639 praediximus.

225 663 290 718 91
444 643 678 706 Somnia
718 660 912 721 neque
957 662 1060 705 sua
1095 662 1289 722 neque
1331 644 1518 704 aliena
1551 643 1624 703 de
1654 661 1721 703 se
1754 643 2133 722 neglegebat.
2196 644 2326 705 Phi-

311 730 567 810 lippensi
607 730 735 787 acie
768 729 1028 806 quamvis
1062 728 1360 788 statuisset
1393 745 1509 789 non
1539 727 1745 804 egredi
1775 727 2154 790 tabernaculo
2190 746 2323 808 pro·
2345 742 2373 782 ⁶

313 825 445 896 pter
474 811 877 889 valitudinem,
927 829 1208 890 egressus
1241 820 1332 871 est
1360 819 1549 871 tamen
1581 812 1750 871 amici
1788 813 2014 872 somnio
2044 814 2323 880 monitum

314 898 610 975 cessitque
654 913 753 955 res
798 913 1121 975 prospere,
1171 894 1403 975 quando
1445 896 1632 974 captis
1675 897 1882 955 castris
1918 895 2132 956 lectica
2178 897 2325 973 eius,

312 982 479 1065 quasi
525 980 602 1040 ibi
636 978 853 1041 cubans
880 981 1285 1056 remansisset,
1331 996 1620 1040 concursu
1650 978 1899 1040 hostium
1930 981 2208 1041 confossa
2244 988 2325 1039 at-

313 1065 715 1148 questam-,erata
745 1072 854 1122 est.
899 1063 1037 1143 Ipse
1068 1082 1177 1143 per
1203 1081 1373 1124 omne
1404 1081 1512 1123 ver
1541 1063 1782 1142 plurima
1817 1073 1876 1123 et
1901 1063 2324 1124 formidulosis-

312 1153 454 1212 sima
503 1157 561 1207 et
608 1164 755 1208 vana
811 1156 871 1207 et
918 1148 1076 1207 irrita
1117 1147 1380 1224 videbat,
1419 1147 1652 1225 reliquo
1692 1157 1959 1227 tempore
2000 1151 2221 1208 rariora
2267 1156 2327 1208 et
2351 1165 2399 1206 ιο

310 1237 494 1295 minus
518 1249 686 1292 vana.
752 1228 893 1291 Cum
926 1231 1248 1293 dedicatam
1278 1232 1335 1290 in
1368 1229 1661 1310 Capitolio
1695 1231 1900 1292 aedem
1930 1232 2177 1294 Tonanti
2198 1231 2326 1291 Iovi

310 1316 541 1380 assidue
592 1316 1018 1395 frequentaret,
1075 1317 1416 1393 somniavit,
1471 1317 1636 1394 queri
1689 1314 2076 1394 Capitolinum
2123 1315 2326 1376 Iovem

314 1402 574 1464 cultores
604 1400 714 1460 sibi
750 1399 989 1475 abduci,
1023 1418 1209 1480 seque
1238 1400 1659 1479 respondisse,
1693 1399 2013 1462 Tonantem
2046 1418 2154 1480 pro
2184 1400 2325 1459 iani-

310 1498 441 1548 tore
477 1486 533 1545 ei
562 1484 920 1564 appositum
965 1484 1220 1563 ideoque
1249 1501 1390 1544 mox
1421 1484 1812 1545 tintinnabulis
1841 1485 2133 1562 fastigium
2163 1483 2326 1544 aedis

311 1570 587 1646 redimiit‚
621 1567 776 1649 quod
813 1586 884 1629 ea
914 1568 1043 1629 fere
1072 1570 1256 1628 ianuis
1288 1568 1713 1647 dependebant.
1759 1568 1853 1629 Ex
1881 1578 2168 1629 nocturno
2197 1570 2326 1628 visu
2350 1585 2399 1627 ιε

312 1658 482 1717 etiam
513 1656 721 1733 stipem
751 1661 893 1733 quot
922 1654 1086 1713 annis
1111 1652 1207 1713 die
1239 1662 1403 1713 certo
1437 1652 1839 1713 emendicabat
1868 1670 1901 1713 a
1932 1652 2185 1732 populo,
2231 1671 2325 1713 ca-

314 1759 440 1800 vam
472 1756 697 1797 manum
731 1755 899 1798 asses
937 1737 1376 1816 porrigentibus
1409 1736 1720 1816 praebens.

226 1837 296 1892 92
434 1823 716 1901 Auspicia
760 1832 821 1882 et
858 1822 1047 1882 omina
1082 1822 1363 1901 quaedam
1408 1838 1519 1899 pro
1566 1822 1907 1881 certissimis
1936 1820 2323 1881 observabat:

315 1911 361 1968 si
406 1924 574 1967 mane
615 1906 722 1966 sibi
773 1905 1008 1965 calceus
1049 1923 1359 1988 perperam
1393 1922 1464 1965 ac
1499 1906 1733 1965 sinister
1774 1923 1884 1986 pro
1920 1904 2128 1965 dextro
2166 1904 2324 1965 iudu-

316 2000 577 2067 ceretur,
610 1999 669 2050 nt
700 1990 911 2061 dirum;
944 1991 994 2050 si
1022 2000 1180 2051 terra
1208 1991 1427 2051 marive
1456 1989 1821 2068 ingrediente
1855 2008 1923 2050 se
1952 1990 2325 2068 longinquam
2342 2009 2399 2050 ιο

313 2076 743 2157 profectionem
770 2074 927 2134 forte
956 2083 1251 2152 rorasset,
1283 2084 1343 2134 ut
1372 2074 1583 2136 laetum
1609 2076 1931 2154 maturique
1960 2083 2021 2135 et
2050 2075 2323 2153 prosperi

311 2160 550 2221 reditus.
618 2158 736 2219 Sed
766 2168 827 2219 et
857 2161 1100 2219 ostentis
1130 2160 1449 2239 praecipue
1477 2158 1836 2219 movebatur.
1903 2158 2146 2220 Enatam
2173 2159 2324 2218 inter

311 2247 604 2305 iuncturas
645 2242 897 2321 lapidum
937 2252 1071 2304 ante
1105 2242 1333 2304 domum
1364 2260 1523 2304 suam
1558 2243 1805 2322 palmam
1842 2244 1899 2304 iu
1936 2242 2323 2321 compluvium

312 2329 554 2390 deorum
585 2327 882 2388 Penatium
922 2327 1234 2404 transtulit,
1280 2337 1457 2407 utque
1495 2327 1864 2388 coalesceret
1892 2344 2103 2406 magno
2138 2344 2322 2406 opere

315 2414 557 2474 curavit.
627 2411 802 2491 Apud
843 2411 1085 2471 insulam
1133 2409 1394 2491 Capreas
1435 2414 1785 2473 veterrimae
1834 2412 1986 2472 ilicis
2033 2411 2398 2472 demissosaes

312 2500 423 2558 iam
457 2496 529 2556 ad
570 2505 782 2557 terram
813 2497 1256 2575 languentisque
1285 2514 1478 2557 ramos
1513 2496 1883 2556 convaluisse
1911 2495 2160 2556 adventu
2191 2511 2320 2571 suo,

312 2581 464 2643 adeo
493 2581 740 2642 laetatus
773 2589 885 2658 est,
917 2588 977 2639 ut
1007 2598 1110 2641 eas
1141 2599 1267 2641 cum
1299 2598 1365 2640 re
1399 2599 1457 2659 p.
1488 2579 2005 2659 Neapolitanorum
2033 2587 2319 2658 permuta-

312 2667 480 2742 verit,
515 2665 769 2727 Aenaria
800 2666 950 2726 data.
1012 2663 1381 2726 observabat
1411 2673 1469 2724 et
1498 2663 1623 2723 dies
1652 2664 1951 2742 quosdam,
1981 2681 2054 2723 ue
2090 2671 2187 2724 aut
2215 2680 2319 2741 po·

314 2749 514 2812 stridie
538 2750 818 2811 nundinas
848 2767 1135 2829 quoquam
1162 2749 1658 2828 proficisceretur,
1692 2757 1787 2809 aut
1807 2748 1994 2809 Nonis
2015 2748 2323 2827 quicquam

311 2835 401 2896 rei
440 2836 632 2895 seriae
673 2834 1008 2903 inchoaret;
1057 2833 1196 2893 nihil
1233 2835 1290 2892 in
1325 2833 1441 2893 hoc
1471 2832 1700 2910 quidem
1733 2831 1886 2895 aliud
1916 2832 2212 2908 devitans,
2263 2839 2397 2898 uteo

313 2919 384 2981 ad
417 2918 709 2979 Tiberium
742 2918 972 2995 scribit,
1006 2935 1174 2998 quam
1204 2914 1598 2996 δυσφημίαν
1624 2917 1887 2977 nominis.

229 3016 299 3071 93
442 3003 888 3081 Peregrinarum
919 3003 1396 3063 caerimoniarum
1427 3002 1576 3061 sicut
1606 3009 1841 3061 veteres
1875 3018 1947 3062 ac
1973 3009 2328 3080 praeceptas

314 3090 790 3149 reverentissime
828 3086 1041 3163 coluit,
1088 3088 1164 3146 ita
1210 3095 1438 3146 ceteras
1484 3086 1837 3163 contemptui
1877 3084 2094 3146 habuit.
2154 3083 2325 3145 Nam-

314 3186 431 3249 que
476 3168 723 3232 Athenis
766 3172 1052 3248 initiatus,
1110 3188 1238 3231 cum
1284 3177 1491 3249 postea
1529 3169 1752 3230 Romae
1802 3187 1913 3249 pro
1953 3169 2223 3230 tribunali
2254 3167 2327 3229 de

316 3251 632 3331 privilegio
679 3256 1044 3316 sacerdotum
1070 3254 1305 3316 Atticae
1336 3251 1570 3314 Cereris
1609 3262 2007 3330 cognosceret
2051 3262 2109 3313 et
2150 3270 2395 3332 quae-ss

316 3335 445 3394 dam
500 3340 819 3400 secretiora
870 3348 1374 3419 proponerentur,
1426 3337 1661 3398 dimisso
1715 3339 1964 3399 consilio
2003 3346 2063 3398 et
2106 3354 2327 3397 corona

319 3420 798 3481 circumstantium
855 3424 1020 3484 solus
1080 3423 1258 3484 audiit
1312 3422 1726 3501 disceptantes.
1818 3422 1898 3484 At
1955 3429 2156 3483 contra
2209 3437 2330 3481 nou

316 3500 492 3561 modo
530 3502 589 3561 in
632 3506 995 3582 peragranda
1029 3506 1311 3587 Aegypto
1356 3506 1533 3587 paulo
1576 3506 1893 3568 deflectere
1925 3506 1998 3568 ad
2025 3503 2330 3565 visendum
