2553 3960
923 228 981 300 c.
1029 226 1399 277 CALmuLA.
2045 219 2160 280 141

158 381 492 446 contionem
541 382 962 461 confestimque
1021 381 1223 443 urbem
1284 383 1459 461 petit,
1524 382 1752 444 deflexa
1794 384 1945 444 omni
1999 402 2161 445 acer-

154 467 337 528 bitate
381 467 440 527 in
491 474 783 545 senatum,
831 466 921 527 cui
981 465 1053 528 ad
1094 465 1444 527 avertendos
1484 474 1768 527 tantorum
1790 466 2161 539 >dedecorum

154 567 424 612 rumores
465 550 657 631 palam
708 549 1056 620 minabatur;
1106 568 1358 631 querens
1413 550 1563 611 inter
1608 558 1803 611 cetera
1844 550 2162 613 fraudatum

156 653 226 696 se
257 636 410 694 iusto
440 632 760 714 triumpho,
802 635 1085 713 cumipse
1114 634 1289 713 paulo
1320 643 1485 712 aute,
1528 651 1603 693 ne
1650 633 1783 712 quid
1827 635 1898 696 de
1929 633 2160 696 honori-

113 717 267 781 sbus
331 718 450 779 suis
506 727 811 798 ageretur,
857 718 1028 779 etiam
1093 717 1199 779 sub
1258 718 1457 778 mortis
1517 734 1706 797 poena
1748 718 2158 779 denuntiasset.

156 801 365 863 Aditus
409 818 557 882 ergo
604 804 660 862 in
690 802 896 863 itinere
949 820 983 862 a
1012 802 1222 881 legatis
1264 801 1598 880 amplissimi
1629 800 1843 861 ordinis
1882 811 1942 862 ut
1984 811 2157 863 matu·
2177 815 2245 872 49

154 894 315 946 raret
342 886 668 964 orantibus,
709 903 877 966 quam
905 887 1149 946 maxima
1178 902 1331 945 voce
1370 883 1618 945 Veniam
1645 886 1855 966 inquit,
1895 886 2156 963 veniam,

157 975 219 1030 et
267 969 370 1031 hic
419 972 689 1031 mecum!
783 967 1049 1050 capulum
1117 967 1296 1046 gladii
1358 968 1567 1029 crebro
1626 969 1973 1048 verberans,
2045 987 2159 1049 quo

158 1052 379 1114 cinctus
409 1062 552 1115 erat.
609 1053 804 1115 Edixit
841 1062 900 1114 et
925 1053 1158 1113 reverti
1178 1070 1282 1128 se,
1336 1052 1452 1112 sed
1473 1052 1553 1112 iis
1582 1059 1816 1114 tantum
1846 1053 1951 1134 qui
1982 1061 2157 1132 opta-

89 1156 141 1199 ιο
155 1143 325 1214 rent,
404 1137 674 1218 equestri
722 1136 934 1199 ordini
980 1142 1040 1196 et
1088 1135 1326 1215 populo
1342 1160 1373 1207 ,·
1423 1152 1569 1197 nam
1608 1153 1678 1196 se
1729 1154 1924 1217 neque
1972 1138 2162 1198 civem

155 1238 352 1300 neque
405 1220 754 1300 principem
820 1220 1069 1282 senatui
1137 1219 1405 1298 amplius
1470 1218 1634 1299 fore.
1735 1221 1931 1282 Vetuit
1991 1223 2160 1280 etiam

157 1322 501 1383 quemquam
535 1314 865 1366 senatorum
897 1304 1007 1365 sibi
1035 1320 1371 1379 occurrere,
1406 1311 1578 1383 atque
1610 1305 1824 1364 omisso
1856 1303 1953 1365 vel
1985 1304 2158 1365 dilato

156 1387 444 1468 triumpho
500 1406 682 1449 ovans
744 1389 944 1449 urbem
973 1387 1146 1449 natali
1208 1406 1315 1448 suo
1367 1389 1667 1465 ingressus
1712 1396 1838 1458 est3
1897 1390 2159 1467 intraque

158 1480 420 1550 quartum
447 1489 704 1532 mensem
735 1475 941 1552 periit,
982 1472 1239 1551 ingentia
1281 1471 1542 1532 facinora
1575 1490 1745 1532 ausus
1778 1479 1835 1531 et
1865 1472 2157 1551 aliquanto

87 1569 137 1613 ιε
154 1556 374 1617 maiora
437 1556 700 1617 moliens.
800 1555 1094 1636 Siquidem
1167 1563 1557 1636 proposuerat
1610 1554 1875 1632 Antium,
1952 1554 2190 1616 deinde'

154 1639 587 1701 Alexandream
630 1640 1041 1720 commigrare,
1087 1640 1435 1717 interempto
1475 1640 1635 1719 prius
1679 1639 1974 1718 utriusque
2008 1636 2157 1698 ordi·

152 1724 247 1782 nis
279 1722 634 1784 electissimo
691 1742 940 1804 quoque.
1033 1722 1200 1800 Quod
1243 1741 1319 1783 ne
1373 1723 1464 1782 cui
1508 1721 1734 1782 dubium
1767 1720 2057 1799 videatur,
2102 1724 2158 1781 iu

155 1807 407 1867 secretis
458 1807 581 1868 eius
633 1809 852 1888 reperti
894 1816 1023 1869 sunt
1069 1808 1180 1868 duo
1224 1805 1413 1867 libelli
1462 1804 1696 1867 diverso
1741 1805 1938 1884 titulo,
1992 1805 2157 1867 alteri

154 1889 486 1970 gladius,
534 1890 700 1951 alteri
740 1894 960 1972 pugio
1004 1891 1181 1953 index
1222 1900 1378 1961 erat;
1434 1889 1601 1951 ambo
1637 1890 1863 1950 uomina
1907 1897 1963 1951 et
1992 1899 2157 1950 notas

84 1974 531 2041 zocoutinebunt
586 1976 757 2036 morti
817 1976 1248 2039 destinatorum.
1347 1973 1587 2036 Inventa
1648 1984 1707 2036 et
1763 1992 1899 2036 arca
1951 1975 2158 2053 ingens

154 2059 450 2121 variorum
476 2078 829 2121 venenorum
864 2060 1071 2142 plena,
1125 2059 1332 2141 quibus
1373 2076 1509 2120 mox
1539 2077 1572 2120 a
1603 2057 1843 2120 Claudio
1878 2056 2157 2119 demersis

152 2143 372 2205 infecta
433 2145 608 2206 maria
670 2144 991 2222 traduntur,
1064 2163 1179 2206 non
1241 2147 1367 2204 sine
1420 2144 1662 2223 piscium
1730 2143 1939 2221 exitio,
2011 2156 2162 2222 quos

153 2236 398 2289 euectos
428 2237 622 2290 aestus
655 2229 713 2289 in
744 2231 1010 2309 proxima
1044 2228 1218 2290 litora
1248 2228 1442 2289 eiecit.

283 2312 511 2373 Statura
541 2313 647 2372 fuit
680 2313 980 2391 eminenti,
1027 2312 1229 2374 colore
1264 2311 1591 2392 expallido‚
1632 2327 1882 2391 corpore
1916 2310 2154 2387 enormi,
2175 2319 2242 2372 ὁὸ

86 2395 485 2474 “gracilitate
513 2397 757 2457 maxima
797 2398 1046 2458 cervicis
1078 2405 1136 2456 et
1179 2414 1441 2472 crurum,
1484 2395 1669 2455 oculis
1708 2402 1767 2455 et
1801 2392 2158 2473 temporibus

156 2481 462 2558 concavis,
507 2480 699 2541 fronte
750 2480 866 2542 luta
918 2490 977 2542 et
1020 2489 1216 2557 torva,
1280 2479 1492 2557 capillo
1534 2496 1670 2539 raro
1714 2495 1786 2538 ac
1836 2479 1990 2537 circa
2031 2494 2157 2536 ver-

152 2564 329 2624 ticem
350 2563 542 2641 nullo,
584 2563 834 2625 hirsutus
867 2574 1086 2626 cetera.
1177 2565 1370 2640 Quare
1423 2569 1754 2622 transeunte
1807 2578 1879 2620 eo
1930 2560 2157 2638 prospi-

156 2665 295 2707 cere
342 2666 418 2708 ex
458 2650 764 2727 superiore
809 2657 1002 2728 parte,
1047 2656 1142 2709 aut
1185 2648 1412 2708 omnino
1457 2661 1815 2724 quacumque
1858 2641 1931 2702 de
1986 2660 2159 2703 causa

157 2747 390 2809 capram
438 2734 762 2809 nominare,
812 2734 1180 2793 criminosum
1229 2739 1291 2792 et
1320 2729 1553 2790 exitiale
1593 2724 1930 2788 habebatur.
2019 2725 2157 2787 Vul-

85 2823 274 2876 sotum
307 2832 447 2875 vero
473 2824 673 2877 natura
712 2815 1006 2876 horridum
1040 2834 1109 2877 ac
1140 2824 1349 2876 tetrum
1386 2814 1553 2874 etiam
1598 2830 1674 2872 ex
1711 2809 1987 2870 industria
2017 2808 2156 2869 effe·

153 2897 352 2976 rabat,
404 2916 760 2980 componens
800 2900 872 2960 ad
922 2898 1222 2980 speculum
1261 2899 1321 2958 in
1353 2913 1576 2957 omnem
1617 2904 1900 2956 terrorem
1939 2911 2009 2954 ac
2040 2894 2158 2953 for·

153 2981 444 3043 midinem.

283 3066 556 3128 Valitudo
593 3068 648 3127 ei
684 3085 875 3146 neque
911 3065 1177 3146 corporis
1213 3082 1403 3144 neque
1447 3063 1614 3124 animi
1647 3062 1920 3132 constitit.
2008 3059 2160 3121 Puer

158 3149 434 3211 comitiali
461 3148 667 3212 morbo
693 3158 969 3227 vexatus,
1011 3152 1069 3209 in
1102 3147 1493 3209 adulescentia
1532 3148 1611 3208 ita
1637 3148 1862 3226 patiens
1898 3142 2159 3204 laborum

89 3253 140 3296 ιο
158 3243 311 3311 erat,
352 3242 416 3294 ut
449 3242 638 3295 tamen
667 3250 1085 3313 nonnumquam
1116 3231 1303 3294 subita
1330 3230 1661 3291 defectione
1689 3227 1949 3308 ingredi,
1979 3236 2155 3305 stare,

160 3317 448 3396 colligere
479 3327 664 3378 semet
697 3336 766 3379 ac
797 3318 1042 3379 sufferre
1071 3318 1172 3377 vix
1211 3322 1434 3395 posset.
1533 3314 1744 3376 Mentis
1789 3311 2156 3374 valitudinem

158 3402 389 3480 etipse
454 3411 718 3463 senserat
768 3420 839 3464 ac
900 3399 1141 3462 subinde
1193 3399 1265 3461 de
1324 3416 1566 3460 secessu
1620 3396 1808 3477 deque
1854 3392 2154 3475 purgando

158 3484 411 3547 cerebro
464 3487 761 3564 cogitavit.
851 3482 1116 3547 Creditur
1165 3483 1498 3563 potionatus
1551 3500 1584 3542 a
1640 3479 1924 3542 Caesonia
1971 3492 2161 3537 uxore
