2553 3960
514 227 691 275 XVIII
1196 223 1606 272 PRAEFATIO.

519 384 686 443 nione
718 386 784 441 ab
819 384 980 440 initio
1010 383 1331 441 mutilatum.
1420 384 1483 440 ld
1512 384 1815 455 exemplar,
1851 391 2236 441 conservatum
2268 391 2328 442 ut

519 484 629 539 ego
676 468 936 524 existimo
978 469 1044 523 in
1084 467 1389 523 Francia
1437 468 1835 539 imperante
1888 466 2148 527 Carolo
2188 469 2325 525 Ma-

517 568 691 623 gno,
729 567 837 624 quo
887 551 1142 623 principe
1198 557 1448 608 veterum
1489 551 1795 606 litterarum
1846 567 2048 606 novum
2085 553 2324 608 studium

519 635 765 706 exarsit,
810 634 1191 706 multiplicatis
1224 634 1496 706 exemplis
1530 633 1774 690 describi
1806 640 2092 706 coeptum,
2134 651 2328 692 eorum

519 735 661 791 quae
719 720 784 775 ad
846 734 948 775 nos
991 725 1367 789 pervenerunt
1421 717 1659 773 omnium
1710 718 2011 774 communis
2051 719 2217 789 origo
2270 726 2327 775 et

519 803 677 874 quasi
721 819 924 875 parens
964 802 1166 857 factum
1195 807 1299 857 est.
1387 801 1580 872 Itaque
1628 802 1857 857 saeculo
1892 796 2103 875 nono‘)
2147 803 2326 875 prima

517 892 647 959 post
677 882 1062 957 migrationem
1092 885 1338 955 gentium
1377 884 1730 956 reperiuntur
1759 884 2000 955 vestigia
2032 886 2222 957 operis
2254 887 2326 942 de

516 970 629 1026 vita
662 969 960 1026 Caesarum
990 967 1123 1025 lecti
1156 974 1214 1024 et
1243 968 1300 1023 in
1333 985 1489 1024 usum
1517 968 1798 1025 conversi.
1860 968 1929 1024 Et
1963 969 2193 1025 circiter
2217 986 2328 1025 an-

516 1070 641 1108 num
677 1052 896 1124 quidem
923 1059 1028 1113 830
1054 1052 1455 1108 Einhardus
1491 1052 1544 1106 in
1577 1068 1804 1108 recessu
1840 1051 2326 1123 Seligenstadensi

514 1135 571 1192 in
601 1137 746 1191 saltu
778 1134 1084 1193 Odanwald
1121 1135 1290 1190 vitam
1322 1135 1507 1191 Caroli
1537 1135 1721 1205 Magni
1766 1136 2134 1208 conscripsit,
2179 1135 2326 1192 Sue-

515 1221 655 1276 tonii
699 1218 1035 1275 Caesaribus
1092 1226 1148 1274 et
1208 1219 1515 1291 praecipue
1572 1218 1696 1274 Divi
1745 1218 1985 1288 Augusti
2043 1220 2158 1276 vita
2216 1226 2324 1276 tam

515 1309 744 1360 strenue
773 1319 940 1372 usus,
990 1309 1050 1358 ut
1090 1318 1198 1357 non
1228 1303 1392 1358 modo
1425 1318 1639 1357 omnem
1668 1301 1847 1358 libelli
1887 1302 2326 1375 descriptionem

516 1388 618 1443 sed
650 1386 815 1442 etiam
846 1385 1096 1456 integras
1128 1386 1274 1441 haud
1308 1401 1438 1441 raro
1473 1386 1778 1442 sententias
1811 1385 1942 1441 inde
1971 1386 2324 1459 repetiverit,

515 1476 573 1526 et
614 1485 1050 1540 nonnumquam,
1092 1475 1151 1524 ut
1189 1468 1298 1524 iam
1327 1467 1687 1528 casaubonus
1731 1468 2028 1539 iudicavit,
2075 1469 2323 1526 imitandi

514 1554 700 1611 studio
753 1569 889 1609 suae
947 1552 1222 1608 historiae
1275 1552 1568 1608 veritatem
1621 1558 2009 1622 transgressus
2065 1569 2193 1610 esse
2237 1553 2325 1609 vi-

515 1638 730 1694 deatur.
830 1635 1038 1693 Eodem
1091 1636 1319 1692 saeculo
1370 1636 1520 1691 Vllll
1580 1635 1764 1692 medio
1824 1635 2091 1693 Servatus
2144 1637 2324 1708 Lupus

515 1722 680 1792 epist.
724 1728 789 1781 91
841 1738 896 1792 p.
944 1724 1043 1780 137
1097 1720 1184 1775 ed.
1230 1721 1415 1775 Baluz.
1468 1719 1790 1775 Suetonium
1828 1719 2203 1791 Tranquillum
2253 1720 2323 1782 de

513 1804 626 1860 vita
661 1802 991 1873 Caesarum,
1032 1803 1125 1875 qui
1167 1803 1313 1874 apud
1341 1802 1645 1859 Fuldenses
1685 1802 1740 1857 in
1771 1802 1912 1859 duos
1948 1819 2053 1858 nec
2093 1818 2323 1873 magnos

513 1887 742 1943 codices
780 1886 993 1942 divisus
1027 1891 1298 1954 exstaret,
1328 1884 1436 1940 sibi
1469 1884 1606 1940 mitti
1639 1885 1822 1956 iussit,
1854 1886 2111 1957 quoniam
2134 1887 2191 1941 in
2224 1903 2320 1942 sua

513 1970 800 2028 vicinitate
843 1966 980 2045 (fuit
1029 1975 1208 2027 autem
1254 1969 1427 2026 abbas
1472 1968 1763 2026 Ferrariae
1807 1969 1863 2025 in
1901 1970 2151 2027 dioecesi
2195 1968 2324 2027 Gal-

512 2055 625 2111 liae
657 2051 1011 2129 senonensi)
1033 2055 1238 2109 nullum
1268 2053 1614 2110 inveniretur
1647 2054 1973 2125 exemplum.
2036 2055 2324 2111 Postremo

515 2145 773 2210 superest
800 2138 971 2195 bodie
1001 2153 1222 2210 quoque
1256 2137 1609 2195 Memmianus
1638 2139 1821 2194 codex
1850 2139 2087 2195 omnium
2118 2139 2208 2210 qui
2238 2138 2322 2192 in-

516 2222 665 2277 venti
696 2228 822 2277 sunt
864 2228 922 2278 et
948 2221 1364 2293 antiquissimus
1396 2228 1451 2276 et
1482 2222 1751 2294 optimus,
1796 2222 1890 2292 qui
1922 2239 2065 2278 nunc
2094 2220 2323 2278 Parisiis

515 2312 841 2362 asservatur
888 2322 1115 2361 numero
1162 2310 1298 2365 6115
1343 2304 1671 2375 distinctus,
1733 2304 1834 2359 sed
1878 2306 2011 2361 olim
2050 2306 2105 2361 in
2147 2306 2322 2361 Turo-

515 2388 678 2445 nensi
708 2391 763 2445 S.
789 2388 1009 2444 Martini
1048 2389 1325 2446 coenobio
1355 2387 1577 2443 Alcuini
1609 2386 1863 2444 doctrina
1894 2388 2188 2445 nobilitato
2223 2405 2322 2443 ex-

514 2473 729 2542 stabat,
765 2474 994 2528 saeculo
1025 2472 1176 2528 v1111
1207 2477 1445 2527 exeunte
1475 2469 1734 2542 scriptus.

632 2555 1045 2625 Insequentium
1085 2556 1418 2626 scriptorum
1459 2552 1612 2622 digni
1663 2545 1791 2608 sunt
1830 2551 1922 2622 qui
1964 2560 2195 2624 propter
2236 2556 2321 2612 fa-

514 2639 888 2696 miliaritatem
941 2638 1195 2695 Suetonii
1246 2632 1594 2692 nominentur
1647 2636 1884 2691 Ioannes
1924 2635 2324 2692 saresberien-
2407 2641 2424 2648 '

514 2724 593 2780 sis
653 2723 709 2779 in
769 2722 1103 2781 Policratico
1147 2721 1204 2776 S.
1252 2719 1386 2790 ΧΠ,
1438 2718 1764 2777 Vincentius
1804 2719 2222 2776 Bellovaceusis
2265 2720 2323 2777 in

511 2895 560 2937 et
590 2903 642 2953 p.
686 2886 802 2947 105,
839 2887 909 2936 24
944 2885 1031 2936 ubi
1067 2885 1120 2934 in
1156 2881 1457 2932 Memmiano
1485 2883 1611 2933 libro
1640 2885 1714 2935 sic
1750 2885 2013 2939 scribitur:

985 2968 1222 3005 aneorum
1250 2959 1537 3005 senatorum
1574 2955 1683 3003 ino-

984 3024 1036 3072 P
1052 3024 1147 3086 pia
1178 3029 1271 3069 etc.

508 3093 617 3143 Illic
651 3094 903 3159 integrum
940 3090 1238 3141 vocabulum
1253 3124 1269 3151 ,
1302 3087 1388 3139 hic
1422 3103 1575 3139 unam
1614 3088 1830 3139 litteram
1861 3088 2025 3154 primo
2058 3087 2169 3138 loco
2207 3103 2318 3138 νει·

508 3162 653 3212 siculi
687 3168 876 3212 motam
910 3160 1140 3211 arbitror.

645 3229 705 3292 6)
734 3229 954 3279 Maxime
989 3227 1209 3278 notabile
1244 3235 1324 3277 est
1355 3226 1568 3277 Paulum
1594 3227 1871 3276 Diaconum
1906 3225 2130 3277 Suetonii
2168 3225 2320 3291 plane

508 3300 744 3365 ignarum
774 3298 962 3358 videri3
1000 3296 1152 3362 (Hist.
1192 3296 1337 3347 misc.
1372 3296 1439 3357 6,
1481 3294 1562 3347 16.
1606 3296 1666 3357 7,
1713 3294 1799 3348 20.
1849 3295 1909 3355 9,
1954 3296 1987 3345 2
2033 3310 2100 3346 ex
2141 3292 2320 3345 Oresio

508 3365 787 3429 descripta)
822 3381 987 3430 neque
1026 3367 1158 3415 enim
1195 3365 1367 3416 dubito
1406 3366 1526 3428 quin
1556 3365 1600 3414 si
1636 3363 1772 3414 hunc
1808 3364 2065 3425 novisset,
2116 3363 2170 3412 in
2199 3376 2319 3411 con-

509 3434 810 3484 sarcinanda
853 3449 947 3484 sua
981 3449 1115 3486 anno
1157 3435 1352 3486 circiter
1391 3433 1494 3486 780
1527 3433 1747 3484 Historia
1782 3433 2008 3484 Miscella
2038 3431 2317 3482 uberrimos

507 3499 626 3550 binc
661 3499 855 3551 fructus
897 3503 1249 3570 decerpsisset.
