2553 3960
963 184 1173 233 mvus
1216 184 1472 234 mnus,
2142 153 2218 236 17⁸

334 340 640 403 Confectis
681 339 861 400 bellis
912 340 1256 417 quinquiens
1305 333 1702 420 triumphavit,
1754 350 1890 422 post
1935 341 2222 401 devictum
2235 351 2303 408 3⁴¹1

206 428 548 507 Scipionem
597 433 806 503 quater
847 423 1055 483 eodem
1095 442 1329 501 mense,
1374 424 1481 485 sed
1515 426 1836 485 interiectis
1878 424 2113 501 diebus,
2163 435 2222 485 et

210 530 417 571 rursus
450 508 633 568 semel
669 517 808 588 post
838 515 1147 586 superatos
1177 508 1417 587 Pompei
1448 509 1687 569 liberos.
1755 509 2000 570 Primum
2031 518 2089 569 et
2117 528 2219 569 ex-

214 593 689 655 cellentissimum
720 591 1063 670 triumphum
1094 593 1214 669 egit
1241 592 1557 670 Gallicum,
1595 601 1934 671 sequentem
1964 592 2219 654 Alexan-

166 696 194 735 ε
214 679 470 753 drinum,
508 676 715 736 deinde
747 675 1081 752 Ponticum,
1113 675 1247 735 huic
1278 678 1603 756 proximum
1634 677 1997 754 Africanum,
2028 678 2219 737 novis-

211 766 414 824 simum
455 760 932 839 Hispaniensem,
976 760 1211 820 diverso
1258 778 1547 839 quemque
1591 770 1870 841 apparatu
1914 769 1974 820 et
2018 762 2221 821 instru-

210 856 426 907 mento.
519 844 727 906 Gallici
759 843 1032 923 triumphi
1063 844 1155 903 die
1184 844 1501 905 Velabrum
1545 844 2005 924 praetervehens
2035 863 2223 924 paene

214 950 385 992 curru
417 946 704 989 excussus
734 936 855 1004 est,
888 945 999 988 axe
1030 928 1323 1005 diffracto,
1366 928 1742 1007 ascenditque
1776 928 2122 1008 Capitolium
2152 928 2224 988 ad

212 1016 461 1090 lumina,
509 1012 886 1091 quadraginta
917 1011 1243 1091 elephantis
1273 1012 1477 1073 dextra
1521 1021 1694 1091 atque
1725 1014 1954 1073 sinistra
1986 1013 2223 1089 lychnu-

147 1115 196 1157 ιο
216 1099 362 1160 chos
402 1096 789 1176 gestantibus.
877 1096 1120 1156 Pontico
1167 1096 1455 1175 triumpho
1502 1098 1653 1159 inter
1703 1115 1954 1176 pompae
2000 1097 2224 1157 fercula

212 1184 381 1242 trium
416 1180 726 1241 verborum
757 1179 1028 1259 praetulit
1056 1180 1279 1239 titulum
1308 1181 1509 1257 veni,
1544 1181 1727 1258 vidi,
1764 1182 1908 1241 vici
1950 1199 2066 1241 non
2096 1190 2224 1241 acta

212 1265 357 1326 belli
402 1266 859 1341 significantem,
905 1265 1053 1323 sicut
1098 1265 1346 1339 ceteris,
1393 1264 1497 1325 sed
1528 1265 1801 1325 celeriter
1830 1266 2085 1326 confecti
2120 1281 2223 1323 no-

212 1361 347 1411 tam.
439 1349 753 1410 veteranis
793 1346 1128 1423 legionibus
1170 1347 1426 1426 praedae
1468 1350 1698 1408 nomine
1740 1351 1797 1408 in
1842 1348 2071 1428 pedites
2112 1350 2309 1410 sin-38

214 1433 391 1511 gulos
424 1450 603 1512 super
631 1432 763 1491 bina
795 1433 1089 1509 sestertia,
1128 1449 1278 1509 quae
1309 1433 1470 1492 initio
1505 1433 1692 1492 civilis
1721 1433 1992 1493 tumultus
2029 1450 2224 1491 nume-

147 1532 197 1574 ιε
215 1525 483 1593 raverat,
517 1517 723 1576 vicena
753 1523 1031 1593 quaterna
1060 1515 1213 1575 milia
1236 1534 1519 1576 nummum
1550 1516 1726 1576 dedit.
1790 1516 2139 1593 Adsignavit
2168 1523 2226 1575 et

215 1619 418 1678 agros,
452 1600 559 1661 sed
587 1616 704 1659 non
737 1601 1058 1676 continuos,
1093 1617 1169 1658 ne
1202 1601 1331 1677 quis
1362 1614 1773 1679 possessorum
1807 1600 2222 1679 expelleretur.

213 1685 446 1764 Populo
477 1692 714 1763 praeter
742 1684 1010 1743 frumenti
1033 1683 1218 1743 denos
1252 1683 1481 1743 modios
1517 1702 1588 1744 ac
1615 1684 1852 1743 totidem
1893 1684 2010 1743 olei
2044 1682 2225 1742 libras

212 1778 494 1828 trecenos
540 1784 774 1845 quoque
806 1784 1099 1843 nummos,
1134 1785 1284 1845 quos
1322 1767 1620 1847 pollicitus
1644 1768 1779 1828 olim
1819 1778 1979 1845 erat,
2016 1767 2227 1827 viritim

214 1852 432 1929 divisit,
465 1861 526 1911 et
555 1850 672 1911 hoc
699 1851 943 1931 amplius
968 1859 1249 1911 centenos
1272 1869 1383 1931 pro
1411 1869 1592 1912 mora.
1644 1851 1906 1911 Annuam
1932 1852 2103 1910 etiam
2126 1850 2224 1910 ha-

142 1950 199 1992 20
216 1936 551 1997 bitationem
578 1936 801 1997 Romae
833 1952 1019 2014 nsque
1049 1934 1123 1996 ad
1151 1933 1285 1996 bina
1314 1935 1467 1996 milia
1498 1954 1813 2014 nummum,
1837 1938 1896 1995 in
1924 1935 2088 1997 ltalia
2111 1952 2226 1995 non

213 2022 362 2082 ultra
386 2022 715 2100 quingenos
740 2021 1046 2080 sestertios
1072 2021 1312 2080 remisit.
1372 2020 1605 2081 Adiecit
1646 2021 1877 2100 epulum
1917 2038 1989 2080 ac
2037 2021 2225 2079 visce-

209 2106 525 2180 rationem,
559 2112 618 2163 et
655 2113 790 2182 post
828 2103 1272 2183 Hispaniensem
1301 2105 1604 2165 victoriam
1639 2104 1752 2165 duo
1795 2104 2061 2183 prandia;
2097 2121 2226 2163 nam

213 2207 343 2249 cum
362 2190 524 2268 prius
542 2205 724 2266 parce
746 2205 936 2266 neque
955 2205 1064 2266 pro
1085 2187 1436 2248 liberalitate
1457 2207 1560 2249 sua
1585 2188 1907 2267 praebitum
1926 2187 2225 2263 iudicaret,

213 2273 414 2351 quinto
439 2280 576 2351 post
605 2271 698 2331 die
728 2271 882 2332 aliud
907 2271 1291 2349 largissimum
1321 2273 1606 2351 praebuit.
1671 2273 1865 2334 Edidit
1888 2271 2228 2352 spectacula
2242 2276 2311 2332 39

138 2372 194 2412 τε
211 2355 360 2417 varii
377 2355 649 2435 generis:
675 2373 875 2416 munus
893 2354 1320 2434 gladiatorium,
1340 2356 1510 2417 ludos
1529 2358 1698 2418 etiam
1715 2358 2061 2434 regionatim
2080 2354 2227 2415 urbe

209 2448 336 2501 tota
358 2448 418 2500 et
448 2439 674 2519 quidem
704 2458 814 2518 per
841 2441 1088 2500 omnium
1111 2439 1436 2518 linguarum
1464 2440 1808 2518 histriones,
1842 2443 1976 2500 item
2005 2441 2226 2499 circen-

210 2542 330 2600 ses,
364 2522 643 2600 athletas,
684 2523 1093 2585 naumachiam.
1160 2524 1401 2586 Munere
1444 2525 1502 2583 in
1544 2524 1679 2584 foro
1723 2523 2078 2603 depugnavit
2117 2522 2226 2582 Fu·

208 2609 334 2668 rius
361 2607 643 2686 Leptinus
675 2609 857 2687 stirpe
888 2610 1181 2687 praetoria
1217 2616 1276 2668 et
1307 2609 1378 2684 Q.
1413 2605 1739 2687 Calpenus,
1778 2616 2017 2667 senator
2048 2623 2226 2683 quon-

211 2691 343 2751 dam
374 2700 662 2770 actorque
695 2709 1014 2751 causarum.
1070 2691 1407 2768 Pyrrichum
1438 2691 1795 2753 saltaverunt
1824 2690 2002 2750 Asiae
2036 2688 2226 2765 Bithy-

135 2777 465 2853 soniaeque
515 2776 838 2854 principum
893 2774 1080 2834 liberi.
1163 2775 1339 2836 Ludis
1388 2774 1665 2835 Decimus
1714 2775 1993 2836 Laberius
2046 2790 2230 2851 eques
2295 2830 2314 2836 -

208 2860 507 2920 Romanus
537 2859 764 2919 mimum
795 2877 956 2919 snum
988 2860 1139 2936 egit,
1176 2859 1538 2938 donatusque
1571 2861 1903 2939 quingentis
1943 2859 2230 2919 sestertiis

210 2952 271 3001 et
315 2941 491 3005 anulo
537 2960 749 3019 aureo,
801 2961 1027 3003 sessum
1068 2944 1126 3003 in
1163 2942 1621 3022 quattuordecim
1664 2963 1699 3004 e
1731 2962 1944 3005 scaena
1979 2961 2086 3021 per
2136 2959 2228 3002 or-

212 3025 505 3086 chestram
534 3027 780 3086 transiit.
845 3024 1254 3104 Circensibus,
1288 3029 1479 3106 spatio
1515 3029 1657 3087 circi
1686 3029 1758 3089 ab
1787 3037 2033 3104 utraque
2063 3036 2230 3106 parte

211 3107 502 3188 producto
546 3119 605 3169 et
642 3111 699 3169 in
729 3129 935 3188 gyrum
976 3112 1182 3189 euripo
1220 3110 1450 3187 addito,
1495 3110 1808 3189 quadrigas
1851 3110 2140 3189 bigasque
2173 3121 2231 3171 et

135 3211 193 3253 ts
210 3210 406 3271 equos
448 3192 805 3253 desultorios
850 3194 1215 3271 agitaverunt
1260 3194 1607 3255 nobilissimi
1644 3197 1906 3256 iuvenes.
1996 3194 2228 3255 Troiam

205 3277 348 3336 lusit
390 3285 578 3336 turma
608 3276 859 3356 duplex,
890 3279 1166 3338 maiorum
1199 3279 1601 3357 minorumque
1630 3297 1962 3359 puerorum.
2036 3280 2229 3339 Vena-

205 3362 404 3420 tiones
438 3360 629 3420 editae
664 3379 775 3440 per
806 3360 931 3421 dies
962 3362 1243 3440 quinque,
1281 3380 1353 3422 ac
1380 3363 1696 3423 novissime
1725 3381 1922 3444 pugna
1952 3361 2140 3421 divisa
2170 3361 2229 3418 in

205 3443 354 3504 duas
383 3445 579 3519 acies,
626 3446 935 3523 quingenis
965 3446 1255 3524 peditibus
1274 3491 1293 3523 ,
1337 3445 1664 3525 elephantis
1698 3448 1956 3521 vicenis,
1987 3444 2230 3503 tricenis

294 3547 608 3588 eunomus·
1769 3530 1808 3587 2
