2553 3960
559 252 725 301 XCIV
1240 248 1655 297 PRAEFATIO.

559 420 629 473 23
658 414 824 469 certis
868 427 1057 467 omnes
1079 451 1096 480 ‚
1135 412 1391 482 propriis
1434 408 1709 465 Arevalus
1755 402 1769 486 Ι
1818 414 1885 469 25
1925 409 2199 465 Thracias
2234 426 2363 482 ego,

558 498 768 552 tracias
794 495 1007 555 Basilss.
1052 495 1218 551 Bamb
1233 501 1287 552 2.
1345 493 1589 549 trucidas
1616 493 1823 564 reliqui
1846 500 2012 558 octo.⁴
2061 492 2363 549 Thraecias

562 580 815 649 Grialus,
860 580 962 635 sed
1004 577 1054 633 is
1101 578 1205 633 fuit
1235 577 1292 633 in
1319 578 1441 634 XII.
1513 577 1798 632 Thraciam
1831 582 2051 633 ventum
2082 577 2364 633 nominant

559 663 897 720 Aristoteles
927 680 977 733 p.
1004 666 1106 721 979
1128 662 1345 731 Weise‚
1379 660 1639 730 Galenus,
1674 659 2055 731 Philargyrius
2084 662 2153 717 ad
2187 661 2365 731 Verg.

562 748 659 803 Ge.
693 753 759 815 4,
798 752 933 816 298,
974 761 1210 801 marmor
1239 744 1798 809 Pio-Clementinum;
1835 744 1937 799 cfr.
1968 745 2365 801 Zimmermann

558 831 829 886 zeitschr.
869 830 908 885 r.
944 829 998 884 d.
1026 828 1170 884 Aw.
1205 834 1338 887 1841
1377 846 1431 900 p.
1466 834 1585 887 131.
1624 833 1725 888 136
1761 820 1773 907 Ι
1820 834 1888 886 25
1922 826 2097 884 Gallia
2126 829 2297 887 nami»
2312 836 2364 887 2.

558 922 616 970 et
658 932 688 971 a
721 913 965 970 secunda
1002 929 1162 969 manu
1208 912 1404 968 Monac
1427 919 1478 970 1.
1532 912 1784 983 yallicia‚
1822 912 2126 983 gallaecia,
2154 914 2367 984 palatia

559 998 791 1069 reliqui;
839 997 1031 1052 eadem
1064 996 1303 1052 variatio
1344 995 1581 1064 Etymol.
1624 1002 1710 1064 13,
1742 1004 1826 1054 11.
2297 1069 2300 1072 Δ

681 1081 740 1134 In
766 1079 1034 1136 Prisciani
1066 1078 1411 1135 tribuslocis
1428 1079 1575 1149 quod
1606 1078 1913 1135 Dorvillius
1944 1079 2188 1136 coniecit
2212 1079 2369 1135 Pra—

557 1169 762 1231 torum,
806 1163 1071 1235 probavi,
1129 1179 1449 1234 quamquam
1496 1162 1627 1218 libri
1676 1168 1994 1219 constanter
2030 1162 2368 1219 Praetor-um

558 1247 830 1316 retinent,
875 1246 1068 1302 ultimo
1108 1247 1237 1302 loco
1282 1251 1557 1318 excepto,
1602 1245 1698 1302 ubi
1728 1239 1911 1302 codex
1951 1263 2089 1302 unus
2134 1252 2192 1301 et
2221 1247 2369 1302 alter

548 1345 858 1403 pracerum
905 1330 1074 1385 habet
1113 1330 1203 1386 vel
1253 1336 1565 1399 pactorum.
1656 1328 1770 1384 Sed
1811 1346 1931 1385 cum
1974 1330 2043 1385 de
2074 1329 2369 1386 Pratorum

560 1414 722 1471 libris
751 1429 843 1469 res
875 1418 1030 1468 extra
1054 1412 1454 1469 dubitationem
1480 1414 1664 1484 posita
1696 1413 1791 1483 sit,
1819 1413 2141 1469 Praetorum
2173 1413 2275 1469 vix
2286 1410 2366 1486 ⁹²)

556 1498 746 1554 Latine
785 1497 1072 1566 dicantur,
1108 1512 1229 1551 cum
1271 1497 1603 1567 praesertim
1644 1513 1807 1552 unum
1829 1496 2148 1553 Praetorum
2178 1497 2372 1555 locum

553 1582 805 1638 Isidorus
841 1581 911 1636 de
942 1580 1118 1635 Pratis
1153 1580 1536 1651 decerpserit,
1580 1580 1672 1636 vel
1719 1596 1787 1635 ne
1832 1580 2053 1635 nimium
2084 1580 2266 1636 dicam
2308 1582 2363 1635 in

555 1665 752 1722 libello
807 1664 903 1720 ubi
945 1662 1124 1720 Pratis
1181 1679 1314 1719 usus
1364 1669 1451 1720 est
1502 1664 1936 1736 perscripserit,
1993 1665 2361 1720 excellentem

557 1748 994 1805 emendationem
1026 1764 1136 1803 non
1161 1747 1369 1803 diutius
1398 1747 1796 1803 excludendam
1831 1747 2163 1804 existimavi.
2258 1746 2346 1803 Ce
2372 1813 2382 1821 ο

554 1837 731 1909 terum
777 1831 1168 1888 Priscianusne
1220 1847 1289 1886 an
1340 1830 1604 1886 librarius
1642 1830 1856 1886 erroris
1903 1831 2364 1901 arguendus-sit,

556 1931 665 1970 non
696 1914 875 1986 magis
908 1915 1150 1970 decerno
1185 1930 1344 1986 quam
1375 1914 1483 1969 utri
1519 1913 1801 1969 Plaetoria
1830 1914 1957 1984 lex,
1991 1914 2061 1969 de
2106 1930 2211 1986 qua
2250 1914 2364 1969 He-

555 1999 863 2056 racleensis
894 1999 1082 2055 tabula
1108 2015 1230 2071 cap.
1256 1998 1383 2053 VIII
1415 1999 1580 2054 fldem
1608 1998 1776 2068 facit,
1807 1997 1862 2053 iu
1890 1997 2204 2054 Baeturiam
2232 2015 2366 2054 cor-

556 2088 715 2154 rupta
746 2083 1064 2154 imputetur.
1114 2093 1123 2100 ·

675 2166 734 2220 Ρ.
780 2172 915 2236 306,
969 2173 997 2224 1
1042 2165 1274 2237 yalbeoli
1330 2165 1470 2221 alias
1526 2181 1644 2221 non·¹
1688 2165 2064 2230 nominantur;
2115 2166 2369 2236 yalbulos

555 2249 859 2318 Martialis,
908 2250 1175 2321 yalqanos
1225 2248 1433 2304 Plinius
1487 2249 1643 2305 novit
1692 2246 1704 2322 Ι
1761 2256 1797 2309 3
1836 2252 1893 2304 in
1923 2249 2058 2305 libro
2086 2250 2164 2305 X.
2212 2249 2363 2307 Prati

555 2340 689 2406 puto
748 2325 758 2411 Ι
809 2339 858 2393 6.
881 2333 1177 2390 Suetonius
1221 2332 1579 2404 Tranquillus
1620 2333 1823 2404 scripsi
1860 2349 1963 2406 pro
1995 2349 2066 2389 eo
2109 2335 2259 2405 quod
2302 2331 2364 2388 in

557 2416 754 2472 codice
785 2418 995 2488 legitur
1017 2415 1255 2473 Sitonius
1283 2412 1405 2490 (vel
1431 2412 1715 2489 Sidonius)
1739 2415 2046 2473 Grancillus
2060 2440 2077 2480 ,·
2104 2417 2366 2473 similiter

556 2506 770 2573 ρ.,282,
798 2507 834 2560 3
856 2507 912 2556 et
938 2507 974 2560 8
1004 2500 1244 2556 Sitonius
1267 2506 1324 2554 et
1356 2498 1611 2571 Sytonius
1632 2498 1827 2557 Petrus
1856 2499 2051 2557 Daniel
2084 2501 2364 2569 ediderat,

558 2589 616 2639 et
645 2601 701 2656 p.
737 2590 861 2654 306,
892 2590 957 2643 11
993 2585 1176 2640 codex
1203 2583 1506 2640 Beruensis
1537 2582 1726 2639 Stanio
1759 2585 1928 2641 habet
1964 2576 1976 2662 Ι
2011 2590 2047 2643 8
2078 2585 2362 2639 existima-

556 2674 647 2722 tur
671 2684 779 2738 ego
808 2684 914 2740 pro
944 2669 1265 2722 aestimatur
1301 2658 1313 2745 Ι
1355 2671 1418 2726 16
1450 2668 1634 2722 scriba
1667 2667 1930 2724 librarius
1958 2668 2257 2724 aVarrone
2288 2667 2363 2723 de

555 2768 618 2806 re
656 2768 704 2806 r.
738 2758 806 2820 3,
837 2757 898 2819 2,
933 2757 1000 2810 14
1031 2757 1489 2807 commemoratur
1526 2745 1538 2828 Ι
1576 2757 1643 2810 18
1665 2753 1992 2808 conluviales
2019 2751 2150 2807 olim
2182 2750 2362 2806 fuisse

554 2827 837 2903 videntur,
870 2852 899 2890 a
929 2835 1187 2890 conluvie
1216 2850 1402 2889 rerum
1425 2833 1561 2891 dicti
1598 2827 1609 2912 Ι
1646 2840 1712 2892 21
1741 2835 1890 2907 fuqit
1918 2851 2027 2906 ego
2055 2850 2159 2907 pro
2190 2837 2335 2905 suqit
2347 2830 2360 2911 Ι

555 2923 622 2976 25
650 2916 880 2973 Verrius
900 2919 1138 2974 Flaccus
1163 2960 1176 2974 .
1196 2960 1210 2973 .
1233 2918 1485 2988 probavit
1507 2956 1521 2972 .
1541 2956 1555 2971 .
1576 2917 1704 2974 huic
1732 2920 2043 2974 adsentiens
2071 2917 2361 2989 Scaliger:

557 3001 626 3057 de
639 3001 843 3058 Verrio
873 3002 1075 3058 Flacco
1102 3009 1159 3057 et
1183 3002 1387 3057 Granio
1410 3002 1609 3058 Flacco
1634 3002 2113 3072 intelligitOdofr.
2130 2996 2360 3077 muller!

569 3113 695 3123 —-—

692 3165 784 3226 92)
815 3164 990 3229 Neque
1024 3166 1158 3214 enim
1198 3165 1249 3213 in
1289 3179 1497 3213 censum
1519 3166 1731 3215 veniunt
1763 3167 2152 3232 magistratuum
2189 3181 2363 3215 sacer-

556 3231 828 3296 dotumque
865 3233 1241 3293 commentarii,
1283 3240 1339 3282 ut
1377 3233 1632 3298 Auqurum
1670 3235 1789 3285 libri
1821 3236 1957 3301 apud
1987 3235 2265 3284 Varronem
2295 3234 2360 3283 de

557 3299 590 3349 l.
626 3299 661 3349 1.
702 3301 764 3359 5,
811 3302 905 3361 213
953 3301 1198 3351 Varronis
1240 3315 1359 3351 vere
1390 3302 1648 3367 Augurum
1690 3305 1808 3354 libri
1838 3304 1957 3369 (vel
1993 3304 2118 3354 liber
2150 3301 2361 3369 potius)

556 3367 692 3432 apud
723 3367 1030 3422 Macrobium
1062 3368 1258 3419 Saturn.
1291 3369 1348 3427 1,
1379 3371 1471 3432 16,
1511 3370 1590 3431 19,
1625 3370 1955 3437 Tribuumque
1985 3372 2115 3421 liber
2147 3371 2212 3421 ab
2243 3371 2361 3437 ipso

557 3434 623 3484 de
669 3435 704 3488 1.
750 3436 796 3488 1.
840 3438 902 3498 5,
949 3438 1016 3490 56
1063 3439 1346 3504 appellatus
1387 3439 1571 3489 Rerum
1608 3440 1896 3491 dlvinarum
1924 3439 2364 3502 humanarumque

557 3510 725 3567 partes
764 3504 984 3559 ruerunt.
