2553 3960
1018 255 1364 305 TIBERIUS.
2084 250 2113 311 1
2129 251 2205 313 17

190 413 365 475 modo
397 411 739 489 destinavit,
780 427 898 469 non
939 420 1161 470 temere
1200 412 1506 490 quicquam
1539 413 1650 474 nisi
1680 432 1758 474 ex
1782 423 1903 475 tuto
1937 433 2201 479 ausurus.

192 499 310 559 Sed
345 494 790 575 tempestatibus
827 504 884 554 et
912 495 1362 573 ingravescente
1394 498 1451 556 vi
1485 497 1675 558 morbi
1703 507 1987 578 retentus,
2023 504 2198 582 paulo

189 592 326 663 post
357 580 502 642 obiit
538 580 595 639 in
631 579 769 639 villa
799 578 1143 657 Lucullana,
1183 588 1396 640 octavo
1431 590 1493 640 et
1526 586 1960 661 septuagesimo
1992 589 2200 647 aetatis
2295 588 2304 594 ’

190 684 361 743 anno,
412 666 588 725 tertio
645 672 704 723 et
743 665 1026 723 vicesimo
1062 664 1310 742 imperii,
1367 664 1552 726 XVII.
1579 666 1672 727 Kl.
1705 666 1819 746 Ap.
1863 666 1983 728 CN.
2013 670 2199 732 Acer-

143 752 360 815 sronio
390 748 643 810 Proculo
674 745 740 808 G.
777 748 983 808 Pontio
1005 747 1252 825 Nigrino
1282 766 1476 808 conss.

316 835 456 893 Sunt
488 833 586 912 qui
615 839 850 912 putent,
896 849 1186 892 venenum
1215 834 1268 892 ei
1301 850 1334 892 a
1368 832 1511 894 Gaio
1549 834 1740 894 datum
1777 835 1993 896 lentum
2025 847 2200 919 atque

187 918 509 987 tabificum;
558 917 690 995 alii,
740 918 799 976 in
840 918 1188 976 remissione
1222 916 1495 977 fortuitae
1535 917 1722 979 febris
1751 918 1940 980 cibum
1972 921 2197 983 deside-

183 1005 333 1064 ranti
366 1011 675 1080 negatum;
709 1001 1004 1079 nonnulli,
1052 1000 1349 1081 pulvinum
1381 1002 1670 1080 iniectum,
1716 1021 1844 1064 cum
1875 1015 2199 1067 extractum

184 1087 297 1149 sibi
339 1086 633 1147 deficienti
675 1085 904 1146 anulum
933 1102 1070 1145 mox
1108 1086 1468 1165 resipiscens
1512 1090 1878 1166 requisisset.
1968 1091 2197 1151 Seneca

114 1192 168 1235 ιο
191 1189 320 1233 eum
347 1171 581 1248 scribit,
625 1170 924 1230 intellecta
965 1169 1333 1247 defectione,
1378 1181 1705 1250 exemptum
1754 1173 1982 1233 anulum
2030 1176 2197 1255 quasi

184 1256 358 1318 alicui
394 1255 730 1317 traditurum
761 1272 1073 1334 parumper
1113 1255 1407 1330 tenuisse,
1452 1254 1582 1315 dein
1613 1274 1812 1316 rursus
1842 1268 2076 1336 aptasse
2114 1257 2193 1318 di-

183 1342 349 1418 gito,
404 1350 462 1400 et
512 1356 853 1418 compressa
904 1340 1135 1398 sinistra
1176 1356 1348 1399 manu
1393 1340 1642 1399 iacuisse
1679 1339 1771 1400 diu
1814 1342 2191 1412 immobilem

185 1424 378 1485 subito
402 1426 633 1484 vocatis
656 1423 928 1482 ministris
953 1440 1024 1482 ac
1046 1424 1276 1482 nemine
1300 1423 1711 1501 respondente,
1731 1427 2195 1505 consurrexisse,

183 1527 302 1569 nec
331 1508 538 1589 procul
571 1526 603 1569 a
627 1508 846 1567 lectulo
884 1506 1288 1567 deficientibus
1318 1507 1537 1567 viribus
1564 1507 1912 1568 concidisse.

110 1610 164 1652 ιε
317 1594 603 1672 Supremo
626 1592 802 1652 natali
832 1608 939 1651 suo
976 1589 1317 1668 Apollinem
1342 1589 1697 1651 Temenitem
1721 1600 1779 1651 et
1809 1592 2194 1671 amplitudinis
2210 1599 2279 1657 74

185 1686 247 1738 et
269 1678 411 1738 artis
446 1677 723 1753 eximiae,
761 1674 1068 1736 advectum
1100 1674 1409 1749 Syracusis
1443 1675 1584 1733 utin
1615 1674 1971 1737 bibliotheca
1992 1677 2195 1756 templi

182 1763 323 1821 novi
358 1769 707 1839 poneretur,
750 1758 976 1819 viderat
1021 1777 1130 1837 per
1172 1759 1426 1838 quietem
1471 1759 1850 1820 affirmantem
1891 1760 2037 1839 sibi,
2079 1779 2195 1821 non

184 1862 371 1925 posse
405 1862 470 1903 se
511 1842 584 1904 ab
613 1845 746 1923 ipso
771 1842 1048 1903 dedicari.
1115 1842 1191 1903 Et
1224 1851 1356 1903 ante
1381 1860 1602 1923 paucos
1637 1861 1807 1923 quam
1845 1844 2036 1904 obiret
2069 1844 2195 1905 dies

183 1929 364 1990 turris
407 1927 578 1989 Phari
622 1937 814 1988 terrae
849 1936 1009 1988 motu
1046 1925 1291 2008 Capreis
1337 1927 1626 1988 concidit.'
1680 1927 1771 1989 Ac
1799 1928 2006 1989 Miseni
2052 1929 2194 1989 cinis

103 2032 161 2074 20
183 2033 219 2074 e
252 2014 452 2075 favilla
485 2021 544 2072 et
579 2012 927 2074 carbonibus
959 2010 1030 2072 ad
1056 2011 1474 2073 calfaciendum
1508 2012 1813 2073 triclinium
1842 2013 2061 2092 inlatis,
2093 2032 2193 2074 ex-

179 2100 398 2159 tinctus
428 2099 540 2158 iam
568 2106 627 2158 et
654 2096 749 2157 diu
781 2096 1043 2175 frigidus,
1077 2099 1295 2157 exarsit
1325 2105 1571 2175 repente
1610 2098 1790 2175 prima
1828 2115 2081 2178 vespera
2113 2108 2192 2158 at-

182 2199 301 2263 que
332 2184 391 2242 in
415 2181 649 2242 multam
681 2189 913 2241 noctem
944 2182 1325 2261 pertinaciter
1360 2181 1524 2240 luxit.

314 2266 503 2328 Morte
540 2267 666 2326 eius
699 2267 778 2325 ita
819 2265 1067 2325 laetatus
1110 2273 1200 2325 est
1236 2265 1522 2344 populuS,
1565 2273 1625 2324 ut
1669 2265 1741 2325 ad
1776 2267 2014 2344 primum
2053 2283 2192 2327 nun⁴
2210 2283 2279 2341 75

178 2352 323 2412 tium
359 2350 753 2411 discurrentes
790 2366 960 2429 pars:
1013 2346 1321 2410 Tiberium
1354 2348 1417 2409 in
1464 2346 1772 2410 Tiberim!
1810 2351 2191 2429 clamitarent,

103 2453 160 2495 25
179 2453 323 2515 pars
353 2433 590 2495 Terram
612 2442 853 2494 matrem
889 2431 1152 2513 deosque
1180 2432 1382 2493 Manes
1412 2442 1678 2511 orarent,
1719 2452 1799 2494 ne
1823 2442 2066 2496 mortuo
2097 2453 2191 2495 se-

178 2519 322 2580 dem
353 2517 546 2579 ullam
569 2517 696 2578 nisi
720 2517 880 2578 inter
903 2517 1129 2596 impios
1158 2516 1400 2593 darent,
1436 2516 1530 2577 alii
1561 2535 1764 2576 uncum
1800 2526 1860 2577 et
1886 2518 2195 2579 Gemonias

179 2601 459 2663 cadaveri
497 2604 881 2679 minarentur,
938 2601 1275 2662 exacerbati
1319 2617 1498 2679 super
1533 2601 1864 2660 memoriam
1914 2603 2193 2681 pristinae

181 2685 550 2747 crudelitatis
578 2689 748 2747 etiam
778 2687 1004 2747 recenti
1034 2685 1358 2747 atrocitate.
1435 2683 1582 2743 Nam
1622 2701 1748 2743 cum
1784 2693 2019 2743 senatus
2058 2702 2195 2744 con·

178 2769 340 2831 sulto
375 2778 598 2831 cautum
629 2780 789 2832 esset
814 2778 876 2829 ut
911 2787 1101 2849 poena
1132 2768 1526 2830 damnatorum
1555 2768 1612 2826 in
1651 2767 1933 2827 decimum
1964 2785 2197 2847 semper

105 2867 159 2910 so
180 2854 342 2916 diem
371 2853 720 2932 differretur,
765 2855 920 2914 forte
951 2852 1162 2914 accidit
1198 2863 1258 2913 ut
1298 2851 1655 2933 quorundam
1686 2853 1957 2931 supplicii
1986 2852 2113 2912 dies
2144 2852 2196 2913 is

180 2947 368 3016 esset,
403 2954 518 3017 quo
553 2940 866 2999 nuntiatum
897 2936 967 2997 de
996 2936 1233 2998 Tiberio
1269 2945 1414 2996 erat.
1472 2935 1597 2996 Hos
1627 2937 1985 3015 implorantis
2014 2936 2194 2996 homi-

176 3040 318 3084 num
347 3021 551 3099 tidem,
599 3023 731 3102 quia
765 3022 1006 3083 absente
1040 3007 1229 3081 adhuc
1267 3020 1411 3082 Gaio
1440 3039 1612 3081 neino
1645 3020 1879 3081 extabat
1919 3023 2014 3099 qui
2049 3020 2195 3082 adiri

177 3106 667 3186 interpellarique
700 3114 937 3186 posset,
976 3103 1281 3182 custodes,
1323 3122 1396 3164 ne
1433 3104 1570 3185 quid
1602 3104 1885 3166 adversus
1920 3108 2193 3167 constitu·

176 3200 302 3250 tum
338 3190 636 3268 facerent,
696 3189 1204 3267 strangulaverunt
1248 3188 1704 3267 abieceruntque
1752 3189 1807 3246 in
1862 3187 2189 3251 Gemonias.

98 3296 155 3338 ss
181 3273 388 3335 Crevit
417 3275 595 3353 igitur
630 3275 876 3352 invidia,
920 3274 1083 3352 quasi
1107 3273 1281 3333 etiam
1311 3282 1446 3353 post
1473 3282 1716 3333 mortem
1746 3274 1972 3347 tyranni
2003 3277 2190 3335 saevi·

178 3360 259 3419 tia
287 3368 688 3439 permanente.
763 3357 995 3437 Corpus
1029 3366 1092 3418 ut
1119 3358 1346 3418 moveri
1372 3375 1405 3417 a
1435 3356 1660 3418 Miseno
1692 3357 1921 3436 coepit,
1957 3356 2191 3417 concla-

175 3443 467 3504 mantibus
498 3441 797 3523 plerisque
818 3439 1088 3504 Atellam
1105 3441 1318 3520 potius
1347 3438 1746 3521 deferendum
1774 3445 1831 3500 et
1859 3439 1925 3500 in
1952 3438 2185 3517 amphi-
