2553 3960
1086 241 1430 299 GALBA.
2137 235 2259 300 209
2372 328 2377 331 .

260 424 367 468 eos
392 406 622 467 nonnisi
644 405 970 486 praeduros
994 405 1415 483 exoletosque;
1454 405 1720 465 ferebant
1755 404 2111 484 in·Hispania
2133 405 2257 466 Ice-

259 491 374 551 lum
399 508 434 550 e
454 489 754 550 veteribus
780 489 1119 551 concubinis
1141 534 1157 566 ,
1183 489 1256 549 de
1273 488 1527 549 Neronis
1549 489 1705 549 exitu
1734 491 2113 568 nuntiantem,
2141 505 2258 550 non

257 573 430 635 modo
470 574 770 635 artissimis
806 574 1024 635 osculis
1067 573 1260 654 palam
1293 582 1602 652 exceptum
1637 572 1708 634 ab
1749 591 1853 651 eo,
1896 573 2001 633 sed
2035 582 2094 633 ut
2131 576 2256 633 sine

254 675 421 719 mora
442 657 764 718 velleretur
787 667 1028 736 oratum,
1063 667 1235 737 atque
1260 657 1576 718 seductum.

215 762 242 802 s
391 741 570 802 Periit
598 743 770 802 tertio
797 750 855 802 et
878 743 1315 821 septuagesimo
1338 745 1543 802 aetatis
1578 760 1760 819 anno,
1798 741 2024 820 imperii
2055 760 2252 802 mense
2271 755 2340 809 23

232 826 528 905 septimo.
606 828 873 903 Senatus,
898 836 959 886 ut
997 827 1238 906 primum
1270 826 1485 886 licitum
1526 835 1645 904 est,
1683 835 1925 887 statuam
1963 827 2019 885 ei
2053 825 2254 886 decre·

256 919 424 970 verat
442 919 732 971 rostratae
757 910 1061 972 columnae
1087 919 1514 989 superstantem
1537 911 1594 970 in
1622 920 1791 989 parte
1814 911 1976 987 fori,
1999 928 2109 990 qua
2142 919 2252 970 tru-

258 993 478 1055 cidatus
500 1004 617 1065 est;
643 994 748 1055 sed
772 994 1069 1055 decretum
1093 995 1495 1073 Vespasianus
1536 993 1825 1072 abolevit,
1867 1011 2254 1074 percussores

258 1078 367 1139 sibi
392 1098 468 1139 ex
488 1078 767 1158 Hispania
793 1081 850 1138 in
873 1078 1145 1139 Iudaeam
1170 1078 1508 1139 submisisse
1536 1080 1822 1158 opinatus.

1125 1425 1364 1481 0¹1¹ssss-

201 1601 254 1644 ιο
382 1583 636 1645 Maiores
662 1581 905 1643 Othonis
932 1583 1045 1641 orti
1068 1590 1199 1641 sunt
1233 1580 1452 1659 oppido
1480 1579 1788 1657 Ferentio,
1812 1582 2030 1643 familia
2052 1593 2253 1645 vetere
2279 1599 2305 1652 ι

254 1676 314 1727 et
345 1665 631 1727 honorata
664 1674 835 1744 atque
870 1683 946 1725 ex
979 1662 1342 1744 principibus
1375 1663 1661 1725 Etruriae.
1712 1665 1876 1725 Avus
1913 1665 1989 1726 Μ.
2024 1667 2254 1729 Salvius

256 1748 429 1827 Otho,
464 1758 629 1828 patre
660 1751 856 1827 equite
888 1749 970 1819 R.
993 1746 1175 1809 matre
1199 1747 1393 1808 humili
1421 1751 1704 1809 incertum
1738 1768 1810 1810 au
1834 1751 2117 1828 ingenua,
2146 1770 2254 1832 per

253 1835 499 1912 gratiam
514 1832 713 1893 Liviae
738 1831 1042 1911 Augustae
1061 1877 1079 1909 ,
1106 1835 1164 1892 in
1189 1834 1350 1893 cuius
1384 1832 1555 1894 domo
1584 1843 1872 1912 creverat,
1898 1845 2136 1897 senator
2161 1847 2253 1897 est

253 1918 464 1995 factus,
493 1936 605 1977 nec
626 1926 936 1999 praeturae
959 1917 1198 1996 gradum
1222 1919 1500 1977 excessit.

184 2024 237 2066 ιε
380 2002 553 2063 Pater
571 2002 633 2061 L.
661 2002 831 2081 Otho,
862 2011 1122 2062 materno
1158 2020 1383 2081 genere
1418 2002 1724 2083 praeclaro
1753 2002 2167 2085 multarumque
2194 2015 2252 2066 et

134 2116 140 2124 ·
252 2103 585 2164 magnarum
613 2088 1301 2166 propinquitatium,tam
1343 2104 1511 2147 carus
1546 2095 1774 2166 tamque
1821 2105 1936 2148 non
1971 2090 2248 2151 absimilis

251 2170 405 2232 facie
430 2170 669 2232 Tiberio
696 2172 946 2251 principi
970 2170 1098 2248 fuit,
1122 2179 1184 2231 ut
1206 2170 1478 2250 plerique
1506 2180 1874 2249 procreatum
1899 2191 1975 2233 ex
2009 2191 2083 2234 eo
2124 2193 2247 2235 cre·

252 2255 475 2316 derent.
519 2255 808 2317 -Urbanos
845 2254 1135 2333 honores,
1171 2254 1646 2334 proconsulatum
1683 2255 1926 2317 Africae
1962 2267 2021 2318 et
2059 2268 2247 2319 extra-

256 2339 547 2400 ordinaria
576 2341 819 2418 imperia
844 2340 1214 2399 severissime
1243 2339 1676 2399 administravit.
1743 2340 1936 2401 Ausus
1963 2343 2135 2402 etiam
2159 2351 2249 2403 est

182 2424 312 2485 zoin
339 2421 578 2498 Illyrico
600 2422 814 2483 milites
843 2422 1143 2502 quosdam,
1171 2422 1327 2502 quod
1350 2432 1509 2485 motu
1535 2421 1760 2484 Camilli
1796 2443 1871 2485 ex
1893 2428 2248 2505 paenitentia

253 2508 630 2585 praepositos
647 2524 787 2567 suos
804 2509 967 2585 quasi
987 2506 1338 2567 defectionis
1361 2507 1640 2568 adversus
1664 2506 1961 2570 Claudium
1976 2519 2247 2572 auctores

251 2589 607 2666 occiderant,
634 2592 828 2669 'capite
853 2591 1077 2669 punire,
1110 2599 1169 2650 et
1191 2591 1421 2670 quidem
1448 2600 1582 2652 aute
1606 2594 1891 2672 principia
1929 2611 1994 2654 se
2028 2612 2245 2671 coram,

251 2675 512 2753 quamvis
539 2672 614 2734 ob
638 2674 695 2733 id
719 2676 908 2753 ipsum
932 2684 1236 2752 promotos
1260 2678 1318 2734 in
1360 2674 1703 2753 ampliorem
1742 2676 1983 2754 gradum
2020 2698 2051 2739 a
2079 2677 2245 2740 clau-

250 2758 349 2819 dio
375 2760 574 2817 sciret.
627 2759 755 2832 Quo
779 2757 940 2819 facto
966 2760 1116 2838 sicut
1144 2757 1394 2837 gloriam
1420 2761 1611 2837 auxit,
1650 2762 1729 2820 ita
1751 2764 1996 2838 gratiam
2016 2765 2242 2832 minuit;

178 2864 232 2906 25
253 2859 422 2922 quam
447 2850 637 2902 tamen
656 2847 874 2902 mature
887 2844 1246 2921 reciperavit
1268 2843 1500 2904 detecta
1514 2845 1724 2923 equitis
1740 2845 1811 2905 R.
1834 2846 2057 2926 fraude,
2076 2865 2246 2927 quem

251 2925 632 3006 prodentibus
656 2928 846 2986 servis
882 2944 1085 2987 necem
1112 2926 1356 2988 Claudio
1394 2946 1604 3007 parare
1641 2940 2024 3010 compererat.
2074 2930 2243 2996 Nam-

248 3028 362 3090 que
388 3019 447 3071 et
462 3019 704 3071 senatus
732 3009 961 3071 honore
984 3013 1304 3090 rarissimo,
1337 3021 1520 3074 statua
1544 3015 1601 3072 in
1624 3012 1848 3075 Palatio
1873 3017 2083 3094 posita,
2109 3034 2242 3095 pro-

249 3104 485 3155 secutus
510 3104 601 3155 est
637 3113 765 3155 eum
788 3104 847 3155 et
871 3092 1143 3156 Claudius
1180 3096 1467 3158 adlectum
1503 3099 1653 3157 inter
1692 3100 1971 3177 patricios
2009 3101 2242 3162 conlau-

250 3178 390 3239 dans
413 3179 783 3258 amplissimis
804 3180 1027 3257 verbiS,
1053 3179 1167 3241 hoc
1193 3199 1425 3261 quoque
1450 3180 1693 3243 adiecit:
1729 3179 1856 3260 Vir,
1890 3200 2008 3263 quo
2031 3186 2239 3246 melio·

181 3280 233 3322 so
247 3280 351 3323 res
365 3261 598 3325 liberos
618 3262 852 3325 habere
866 3283 944 3324 ne
966 3271 1110 3343 opto
1135 3264 1398 3344 quidem.
1439 3264 1531 3325 Ex
1554 3265 1728 3327 Albia
1751 3265 2023 3330 Terentia
2047 3270 2239 3349 splen-

252 3346 381 3407 dida
397 3348 608 3407 femina
634 3348 778 3408 duos
802 3348 955 3408 filios
980 3349 1124 3427 tulit,
1138 3350 1199 3409 L.
1227 3349 1509 3410 Titianum
1535 3359 1592 3409 et
1614 3352 1894 3412 minorem
1916 3352 1992 3413 M.
2021 3368 2239 3428 cogno-

250 3433 457 3491 minem
478 3431 616 3503 sibi;
651 3433 777 3492 tulit
808 3441 867 3492 et
895 3433 1087 3511 filiam,
1131 3451 1300 3512 quam
1333 3433 1566 3494 vixdum
1601 3434 1855 3497 nubilem
1883 3435 2074 3496 Druso
2100 3432 2239 3496 Ger-

251 3516 456 3574 manici
480 3516 603 3575 filio
628 3516 953 3596 despondit.
1286 3507 1303 3521 “

338 3618 641 3658 sumemus
1857 3606 1934 3665 14
