2553 3960
971 248 1390 296 PRAEFATIO.
1998 253 2075 298 xl

372 403 438 480 2)
468 406 751 480 praefatio
775 407 845 464 ad
869 406 929 463 C.
956 406 1261 479 Septicium
1287 407 1507 463 Clarum
1532 408 1874 481 praefectum
1904 426 2042 482 prae
2066 451 2071 455 .

248 490 397 547 torio
432 491 524 546 vel
563 490 911 563 praefectum
951 490 1433 564 praetorianarum
1475 493 1816 561 cohortium,
1860 494 1917 547 in
1963 510 2069 565 qua

249 574 319 629 de
347 573 596 630 consilio
626 590 729 630 suo
761 575 1096 647 scriptorem
1127 574 1392 630 docuisse
1433 575 1692 648 suspicor
1720 591 1861 647 quae
1892 577 2071 632 lecto-

248 675 366 713 rum
399 657 551 713 scire
581 659 869 714 intererat.

371 737 439 814 3)
497 740 797 798 Caesarum
857 741 1071 812 gentile
1121 747 1381 812 stemma,
1440 736 1663 816 στέμμα
1721 753 2070 817 συγγενικον

249 812 571 894 Καισάρων
605 822 719 898 (uti
750 824 1018 896 scriptum
1049 823 1227 880 fuisse
1259 825 1505 883 iudicavi
1533 843 1585 898 p.
1619 832 1756 896 283,
1797 833 1833 885 8
1863 832 1920 881 et
1946 832 2069 896 287,

247 913 314 967 25
344 909 439 964 vel
472 925 502 964 a
537 908 710 964 Suida
737 909 829 963 vel
863 907 1071 965 Suidae
1102 907 1386 984 auctore).
1472 909 1797 965 Desiderari
1835 927 1865 965 a
1894 910 2069 966 lecto-

247 992 410 1047 ribus
459 992 625 1047 talem
674 991 904 1062 generis
955 991 1252 1047 Caesarum
1305 992 1770 1065 descriptionem,
1816 994 2070 1064 vulgaria

251 1074 509 1147 exempla
554 1074 810 1131 Suetonii
854 1075 1184 1130 documento
1237 1082 1364 1131 sunt
1415 1077 1535 1131 eius
1576 1077 1725 1133 modi
1768 1078 2070 1133 stemmatis

250 1158 543 1215 instructa.
631 1157 825 1229 Neque
863 1158 1160 1229 ignorasse
1189 1165 1416 1215 veteres
1447 1159 1506 1215 id
1541 1160 1867 1231 artificium,
1907 1161 2069 1217 testis

252 1247 340 1299 est
368 1241 723 1312 Tranquillus
755 1241 879 1313 ipse
914 1259 966 1313 p.
1001 1248 1128 1307 188.
1160 1247 1215 1301 8.

372 1321 437 1398 4)
473 1325 620 1381 Libri
643 1324 831 1396 primi,
868 1325 962 1396 qui
993 1326 1062 1380 de
1086 1325 1227 1383 Divo
1249 1326 1395 1382 lulio
1427 1331 1533 1396 est,
1564 1325 1797 1382 initium.
1860 1326 2070 1383 Neces-

255 1409 410 1465 sario
444 1409 590 1464 enim
626 1409 1012 1478 Tranquillus,
1056 1424 1217 1482 quem
1259 1411 1328 1466 ad
1367 1410 1586 1465 modum
1626 1409 1682 1464 in
1718 1410 1953 1482 reliquis
1983 1411 2070 1465 vi-

255 1493 328 1548 tis
372 1493 566 1547 facere
610 1491 935 1560 consuevit,
981 1491 1050 1547 de
1096 1492 1270 1548 Iuliae
1312 1492 1557 1549 familiae
1602 1493 1823 1563 origine
1853 1492 2069 1548 Albana

251 1592 321 1632 ac
359 1575 598 1633 Troiana
654 1575 1012 1646 eiusdemque
1063 1575 1454 1646 incrementis,
1510 1582 1621 1631 tum
1660 1577 1730 1631 de
1775 1575 2071 1632 Caesarum

251 1659 476 1716 nomine
521 1665 578 1713 et
624 1674 870 1728 genere,
919 1665 1204 1730 postremo
1251 1659 1322 1714 de
1373 1659 1553 1730 ipsius
1607 1658 1734 1714 Divi
1773 1658 1899 1713 Iulii
1945 1663 2070 1714 ortu

251 1744 587 1813 futuraeque
619 1741 1014 1811 magnitudinis
1053 1742 1265 1812 signis,
1296 1743 1365 1797 de
1393 1741 1601 1814 puerili
1631 1740 1981 1796 institutione
2016 1747 2071 1795 et

250 1825 540 1897 magistris
574 1819 932 1897 exposuerat.
995 1826 1131 1881 Inde
1166 1841 1468 1897 superesse
1500 1824 1745 1882 arbitror
1776 1821 2069 1880 frustulum

248 1929 306 1985 p.
337 1915 466 1979 286,
498 1915 532 1970 9
560 1909 825 1978 relatum,
871 1909 1019 1979 quod
1047 1925 1344 1982 perperam
1374 1908 1757 1966 Broukhnsius
1789 1925 1861 1965 ex
1889 1926 1943 1982 p.
1978 1912 2067 1977 79,

249 2002 341 2065 35,
374 1993 736 2050 Casaubonus
780 1993 922 2048 adeo
968 2010 1040 2049 ex
1084 2011 1141 2065 p.
1174 1999 1310 2064 226,
1348 2000 1599 2054 31—33
1627 1994 1937 2049 derivatum
1966 2008 2065 2049 vo-

249 2080 450 2133 luerat.
515 2078 598 2132 De
630 2076 927 2133 Caesarum
955 2077 1178 2132 nomine
1206 2078 1532 2149 Spartianus
1563 2092 1781 2147 quoque
1816 2077 1872 2132 in
1901 2075 2068 2131 Aelio

249 2163 406 2218 Vero
439 2177 563 2233 cap.
595 2166 630 2218 2
663 2167 720 2215 et
751 2160 983 2217 Servius
1019 2160 1091 2218 ad
1120 2160 1293 2232 Verg.
1326 2161 1469 2217 Aen.
1506 2168 1534 2219 1
1554 2200 1571 2229 ‚
1603 2166 1707 2220 286
1748 2159 2068 2231 Tranquillo

251 2252 486 2300 auctore
518 2244 604 2300 usi
637 2260 765 2300 esse
794 2243 1073 2301 videntur.
1160 2245 1242 2301 De
1271 2244 1546 2314 magistro
1580 2243 1704 2316 ipse
1735 2244 2067 2298 mentionem

252 2328 393 2384 fecit
421 2345 475 2400 p.
511 2334 645 2396 260,
680 2333 762 2387 15.

373 2410 569 2467 Omnia
610 2412 750 2466 haec
793 2426 937 2481 quae
979 2410 1144 2466 modo
1187 2411 1626 2467 enumeravimus
1671 2409 2063 2482 complectenti

252 2495 423 2552 facile
446 2494 730 2551 videbitur
757 2494 981 2564 integer
1016 2494 1310 2564 quaternio
1337 2494 1631 2567 deperisse
1655 2494 1775 2550 eius
1805 2493 2068 2565 exempli,

251 2579 401 2634 unde
431 2584 621 2635 nostra
652 2576 835 2633 omnia
860 2583 1173 2649 propagata
1203 2585 1348 2634 sunt.
1408 2578 1574 2633 Facta
1605 2594 1733 2633 esse
1766 2594 1831 2631 ea
1856 2577 2067 2632 iactura

251 2663 423 2718 debet
455 2668 585 2734 post
614 2662 820 2731 Lydum
851 2660 946 2731 qui
980 2662 1209 2717 saeculo
1238 2662 1311 2716 Vl
1343 2660 1526 2716 medio
1556 2660 1817 2731 scripsit,
1854 2665 1911 2714 et
1941 2666 2066 2715 ante

250 2745 330 2800 IX
359 2746 643 2801 saeculum
671 2760 781 2816 quo
813 2744 1167 2800 Memmianus
1214 2745 1359 2799 liber
1400 2742 1643 2814 scriptus
1676 2748 1793 2812 est,
1834 2742 2069 2798 omnium

250 2835 314 2882 ut
345 2828 741 2897 integerrimus
783 2828 861 2883 ita
908 2834 965 2883 et
1005 2827 1450 2896 vetustissimus,
1490 2826 1593 2882 sed
1634 2826 1819 2898 capite
1850 2832 1906 2880 et
1942 2826 2067 2898 ipse

251 2917 540 2967 truncatus
572 2919 628 2967 et
670 2918 944 2982 tamquam
978 2929 1070 2967 res
1111 2911 1266 2968 salva
1311 2917 1497 2981 esset,
1527 2910 1839 2967 [maiuscula
1881 2910 2067 2966 littera

252 2994 459 3050 Initiali
489 3000 547 3049 et
573 2995 857 3050 versiculo
889 2995 1176 3050 rubricato
1205 3001 1456 3051 ornatus.

373 3076 673 3134 Distribuit
686 3078 989 3133 Suetonius
1013 3093 1154 3149 opus
1179 3079 1249 3134 de
1265 3078 1561 3134 Caesarum
1586 3078 1700 3134 vita
1731 3077 1799 3132 in
1832 3076 1933 3132 lib
1950 3092 2023 3132 ro
2040 3093 2067 3133 s
2084 3081 2362 3175 gffssnctzqff

251 3166 455 3225 octo;
502 3168 658 3217 certe
686 3162 837 3218 nulla
868 3162 1091 3218 videtur
1123 3177 1252 3216 esse
1282 3162 1485 3217 idonea
1520 3177 1723 3230 causa,
1760 3177 1860 3217 cur
1887 3161 2067 3216 veteri
2102 3147 2115 3175 ¹
2148 3144 2224 3175 ‘⁰⁸
2360 3158 2371 3169 '

252 3244 577 3301 testimonio
623 3263 676 3317 p.
710 3250 846 3314 283,
892 3251 928 3304 8
955 3245 1114 3300 iidem
1151 3245 1505 3316 derogemus.
1593 3245 1880 3301 Librorum
1924 3244 2068 3300 enim

256 3327 722 3385 Suetonianorum
762 3331 867 3385 hac
915 3328 971 3384 in
1020 3345 1083 3383 re
1126 3327 1273 3384 nulla
1328 3327 1632 3385 auctoritas
1684 3343 1811 3383 esse
1858 3333 2066 3398 potest,

255 3417 550 3482 postquam
578 3412 741 3469 titulo
776 3429 883 3468 una
919 3429 1039 3467 cum
1068 3412 1346 3484 principio
1390 3409 1581 3482 operis
1612 3410 1903 3482 deperdito
1941 3410 2063 3480 ipsa

256 3508 477 3567 quoque
527 3495 836 3569 descriptio
880 3494 1172 3551 obscurari
1201 3500 1401 3568 coepta
1441 3500 1544 3549 est.
1630 3493 1821 3563 Itaque
1864 3491 2068 3546 factum
