2553 3960
260 281 275 295 ‘
303 260 389 324 92
479 270 542 320 0.
572 269 875 319 SUETONI
898 269 1155 329 TRANQ.
1185 272 1282 318 DE
1307 271 1475 320 VITA
1505 269 1876 321 CAESARUM
1900 272 2037 321 LIB.
2064 273 2146 321 111

303 430 480 507 duxit,
506 436 774 508 quantum
803 428 860 487 in
890 444 954 487 se
988 434 1162 505 esset,
1189 445 1437 490 exorare
1471 427 1626 489 filiae
1658 437 1883 507 patrem
1909 428 2315 507 frequentibus

299 516 510 576 litteris
542 521 601 572 et
628 512 725 573 vel
758 520 1062 590 utcumque
1093 513 1368 590 meritae,
1414 512 1686 592 quidquid
1722 530 1984 592 umquam
2026 511 2179 574 dono
2212 512 2313 575 de·

299 599 515 675 disset,
574 596 921 657 concedere.
1011 594 1329 656 Transacto
1379 605 1565 656 autem
1619 596 1958 657 tribuniciae
1999 600 2311 676 potestatis

299 693 600 763 tempore,
636 681 941 742 confessus
976 679 1238 758 tandem,
1286 680 1428 740 nihil
1464 680 1616 741 aliud
1646 700 1887 741 secessu
1918 681 2212 743 devitasse
2244 700 2312 742 se

301 786 468 849 quam
501 766 897 827 aemulationis
932 783 1060 825 cum
1092 763 1157 825 C.
1178 764 1473 846 Lucioque
1506 767 1903 845 suspitionem,
1932 767 2079 845 petit
2108 774 2168 826 ut
2194 765 2349 826 sibis

300 868 509 914 securo
542 852 652 910 iam
680 850 750 911 ab
783 850 892 910 hac
921 859 1106 929 parte,
1136 850 1541 911 conroboratis
1570 850 1658 910 his
1688 859 1747 910 et
1776 849 2087 910 secundum
2119 850 2310 910 locum
2343 861 2368 878 Χ

297 937 476 999 facile
506 935 852 1011 tutantibus,
887 936 1318 1013 permitteretur
1350 937 1613 995 revisere
1646 934 2137 1012 necessitudines,
2170 952 2308 1013 qua-

306 1039 431 1082 rum
461 1018 751 1080 desiderio
782 1027 1095 1078 teneretur.
1130 1019 1246 1079 Sed
1274 1038 1465 1097 neque
1495 1021 1822 1098 impetravit
1842 1019 2109 1098 ultroque
2140 1020 2310 1079 etiam

306 1104 624 1166 admonitus
658 1111 779 1179 est,
812 1102 1137 1164 dimitteret
1165 1121 1398 1164 omnem
1432 1122 1648 1164 curam
1681 1121 1963 1178 suorum,
1997 1120 2152 1182 quos
2183 1108 2310 1163 tam

216 1200 282 1255 12
297 1187 521 1266 cupide
552 1186 922 1266 reliquisset.
956 1187 1252 1248 Remansit
1282 1190 1455 1265 igitur
1476 1186 1668 1249 Rhodi
1700 1196 1902 1248 contra
1934 1187 2303 1265 voluntatem,
2327 1198 2375 1241 10

296 1274 396 1332 vix
433 1289 541 1351 per
569 1279 805 1331 matrem
830 1280 1196 1349 consecutus,
1222 1281 1283 1331 ut
1312 1271 1385 1332 ad
1420 1271 1723 1333 velandam
1756 1272 2121 1350 ignominiam
2144 1274 2309 1351 quasi

297 1356 525 1434 legatus
560 1353 825 1433 Augusto
862 1355 1117 1417 abesset.

420 1439 733 1501 Enimvero
766 1449 901 1500 tunc
931 1458 1046 1500 non
1087 1440 1371 1519 privatum
1413 1441 1615 1519 modo,
1663 1439 1766 1501 sed
1798 1442 1966 1500 etiam
1998 1439 2309 1499 obnoxium

301 1534 360 1586 et
386 1524 670 1604 trepidum
701 1526 854 1602 egit,
887 1524 1326 1585 mediterraneis
1356 1528 1514 1603 agris
1546 1525 1771 1586 abditus
1800 1526 2104 1602 vitansque
2137 1542 2304 1602 prae-

300 1610 777 1687 ternavigantium
802 1609 1018 1685 officia,
1051 1608 1256 1687 quibus
1288 1610 1765 1689 frequentabatur
1798 1608 2048 1685 assidue,
2079 1609 2303 1669 nemine
2324 1621 2374 1662 15

300 1711 427 1753 cum
461 1695 706 1773 imperio
739 1703 834 1754 aut
866 1694 1206 1771 magistratu
1246 1693 1521 1753 tendente
1553 1710 1838 1774 quoquam
1873 1695 2007 1771 quin
2037 1692 2304 1753 deverte-

297 1786 389 1838 ret
423 1777 707 1838 Rhodum.
793 1778 871 1839 Et
910 1787 1289 1839 accesserunt
1328 1781 1561 1839 maioris
1622 1776 2020 1837 sollicitudinis
2073 1795 2303 1837 causae.

296 1860 557 1941 Namque
594 1863 921 1941 privignum
954 1861 1149 1923 Gaium
1182 1861 1400 1922 Orienti
1448 1864 1870 1941 praepositum,
1920 1879 2046 1921 cum
2080 1860 2305 1921 visendi

297 1947 485 2025 gratia
514 1947 839 2007 traiecisset
869 1947 1113 2027 Samum,
1139 1946 1475 2023 alieniorem
1505 1947 1614 2008 sibi
1643 1949 1824 2008 sensit
1854 1965 1929 2008 ex
1962 1947 2303 2007 criminatio-

297 2031 465 2091 nibus
492 2031 568 2092 Μ.
596 2030 745 2092 Lolli
788 2033 1013 2092 comitis
1057 2041 1116 2092 et
1155 2034 1406 2092 rectoris
1449 2034 1592 2093 eiuS.
1680 2033 1858 2093 Venit
1895 2032 2065 2091 etiam
2112 2033 2167 2091 in
2211 2047 2372 2091 su-2c

300 2116 635 2194 spitionem,
670 2133 780 2194 per
813 2114 1089 2196 quosdam
1118 2116 1389 2176 beneficii
1416 2121 1501 2177 sui
1532 2118 1899 2178 centuriones
1923 2135 1955 2176 a
1986 2124 2305 2176 commeatu

300 2207 492 2259 castra
523 2200 846 2277 repetentis
874 2200 1138 2260 mandata
1174 2200 1244 2260 ad
1287 2200 1616 2280 complures
1661 2200 1893 2261 dedisse
1936 2199 2201 2278 ambigua
2247 2207 2306 2258 et

300 2300 446 2361 quae
488 2290 774 2362 temptare
815 2284 1173 2362 singulorum
1220 2286 1440 2345 animos
1481 2286 1553 2347 ad
1593 2304 1776 2346 novas
1820 2303 1918 2344 res
1950 2284 2301 2344 viderentur.

295 2367 385 2427 De
419 2384 530 2446 qua
561 2368 893 2446 suspicione
940 2370 1157 2428 certior
1199 2368 1270 2429 ab
1301 2369 1569 2447 Augusto
1613 2371 1834 2446 factus,
1886 2386 2002 2428 non
2050 2369 2305 2428 cessavit

299 2451 625 2528 efflagitare
669 2451 920 2530 aliquem
962 2452 1267 2513 cuiuslibet
1310 2454 1526 2515 ordinis
1579 2452 1876 2515 custodem
1917 2453 2087 2512 factis
2130 2460 2370 2530 atquezs

215 2538 285 2592 13
299 2535 468 2595 dictis
501 2537 639 2596 suis.
726 2535 878 2616 Equi
921 2555 1152 2616 quoque
1192 2546 1250 2596 et
1293 2555 1579 2599 armorum
1614 2538 1815 2598 solitas
1848 2536 2301 2597 exercitationes

298 2621 490 2680 omisit
517 2619 860 2700 redegitque
892 2639 991 2697 se,
1045 2620 1315 2701 deposito
1355 2626 1544 2703 patrio
1590 2622 1816 2698 habitu,
1861 2620 1930 2681 ad
1973 2619 2210 2699 pallium
2245 2627 2305 2678 et

299 2703 600 2785 crepidas,
632 2714 804 2785 atque
833 2707 890 2765 in
920 2705 1020 2767 tali
1049 2715 1199 2767 statu
1226 2705 1461 2768 biennio
1493 2709 1622 2768 fere
1653 2705 1995 2786 permansit,
2047 2712 2300 2764 contem·

296 2790 410 2849 tior
444 2791 502 2848 in
527 2787 653 2848 dies
690 2798 750 2849 et
787 2790 1059 2868 invisior,
1110 2791 1256 2851 adeo
1297 2800 1358 2850 ut
1390 2794 1669 2870 imagines
1702 2792 1824 2850 eius
1853 2798 1913 2849 et
1940 2797 2157 2849 statuas
2185 2786 2301 2847 Ne·

296 2891 633 2934 mausenses
664 2873 1080 2951 subverterint,
1129 2893 1199 2934 ac
1233 2875 1498 2937 familiari
1530 2874 1813 2954 quondam
1844 2874 2112 2934 convivio
2143 2890 2297 2932 men·
2317 2890 2371 2932 sc

298 2958 608 3019 tione'eius
639 2967 796 3035 orta,
842 2959 1094 3018 extiterit
1125 2960 1220 3039 qui
1251 2958 1393 3020 Gaio
1424 2959 1832 3040 polliceretur,
1879 2958 2183 3019 confestim
2211 2973 2299 3033 se,

299 3044 348 3100 si
389 3041 648 3121 iuberet,
685 3041 950 3103 Rhodum
989 3044 1387 3120 navigaturum
1433 3052 1718 3122 caputque
1762 3042 1950 3102 exulis
1996 3043 2114 3122 (sic
2151 3041 2302 3100 enim

300 3124 734 3205 appellabatur)
762 3126 1091 3187 relaturum.
1180 3127 1309 3202 Quo
1343 3128 1660 3206 praecipue
1701 3143 1817 3186 non
1859 3127 1970 3186 iam
2008 3133 2160 3185 metu
2195 3122 2302 3185 sed

300 3206 626 3268 discrimine
676 3220 910 3272 coactus
952 3219 1072 3287 est,
1114 3219 1228 3271 tam
1273 3214 1390 3272 suis
1434 3230 1600 3291 quam
1640 3212 1839 3271 matris
1882 3209 2301 3288 inpensissimis

299 3290 572 3369 precibus
603 3292 845 3356 reditum
874 3294 1270 3374 expostulare,
1296 3296 1761 3374 impetravitque,
1793 3293 2014 3354 adiutus
2045 3291 2298 3372 aliquan·
2319 3306 2370 3349 ³⁵

298 3382 413 3433 tum
443 3376 614 3435 etiam
643 3394 800 3436 casu.
884 3378 1242 3438 Destinatum
1272 3379 1535 3457 Augusto
1565 3388 1721 3455 erat,
1753 3377 1892 3439 nihil
1924 3394 2101 3456 super
2129 3393 2199 3436 ea
2233 3393 2301 3435 re

299 3458 406 3515 nisi
436 3474 512 3517 ex
542 3458 838 3520 voluntate
869 3464 1101 3522 maioris
1132 3464 1211 3523 fili
1244 3473 1526 3533 statuere;
1569 3464 1620 3522 is
1648 3463 1802 3522 forte
1834 3472 1969 3522 tunc
2003 3460 2079 3521 Μ.
2111 3458 2300 3519 Lollio

300 3539 612 3620 offensior,
644 3540 832 3603 facilis
867 3547 1298 3627 exorabilisque
1331 3549 1389 3607 in
1420 3549 1683 3609 vitricum
1713 3546 1836 3611 fuit.
1925 3545 2301 3607 Permittente
