2553 3960
348 162 468 222 288
900 176 956 223 c.
997 176 1324 224 SUETONII
1359 175 1788 234 TRANQmLm

347 328 580 406 quillum
612 329 1010 409 Graecumque
1039 332 1434 411 Apollonium.
1488 328 1896 408 Hieronymus
1923 328 2010 388 ad
2027 327 2353 389 Desideri-

343 428 446 471 um
476 418 515 472 t.
556 422 588 472 1
605 430 672 490 p.
710 422 819 475 211
839 413 999 476 Vall.
1066 414 1285 490 Legisti
1318 416 1465 473 euim
1495 422 1553 473 et
1583 412 1844 474 Graecos
1874 421 1930 472 et
1959 412 2223 487 Latinos,
2253 412 2356 490 qui

344 501 492 558 vitas
541 498 794 557 virorum
836 498 1137 557 illustrium
1166 497 1635 576 descripserunt,
1681 497 1839 576 quod
1869 514 2155 574 nunquam
2181 494 2350 575 Epi·

344 581 669 660 taphium
710 581 932 642 titulum
961 581 1303 658 indiderint,
1351 578 1455 640 sed
1504 580 1584 640 de
1627 580 2078 640 illustribus
2129 580 2347 655 viris,

343 666 509 725 verbi
555 668 742 742 gratia
793 663 1071 742 ducibus,
1131 663 1501 743 philosophis
1522 710 1539 742 ,
1602 664 1928 724 oratoribus
1949 709 1966 739 ,
2027 663 2390 741 historicis,⁵

347 750 540 830 poetis
586 750 771 826 epicis
813 751 1054 827 tragicis
1092 750 1331 809 comicis
1375 747 1491 827 (al.
1526 750 1752 827 poetiS,
1787 749 2030 824 ethicis,
2065 747 2348 826 physicis,

345 834 620 911 tragicis,
655 833 943 911 comicis.)
1003 832 1414 912 Hieronymus
1448 831 1536 893 ad
1560 831 1966 911 Auyustinum
1995 838 2036 892 t.
2078 841 2110 891 1
2128 850 2195 910 p.
2235 838 2351 892 738
2527 861 2529 964 ἱ

356 916 627 977 Vallars.
706 913 801 995 [In
833 918 1109 977 chronico
1139 916 1473 977 Eusebiano
1506 935 1537 976 a
1571 916 1763 996 uobis]
1792 935 1943 976 nunc
1973 916 2165 975 addita
2196 932 2350 975 nunc

346 1006 517 1062 mixta
552 1010 681 1060 sunt
712 1000 987 1079 plurima,
1019 1019 1167 1079 quae
1198 1002 1269 1060 de
1311 999 1647 1078 Tranquillo
1683 1009 1739 1059 et
1776 1002 1988 1060 ceteris
2023 999 2350 1059 illustribus

345 1085 642 1146 historicis
703 1086 1095 1145 curiosissime
1140 1087 1558 1163 excerpsimus.
1629 1083 2040 1163 Hieronymus
2079 1081 2346 1162 praefa-
2372 1107 2419 1148 ιο
2528 1119 2529 1160 ξ

350 1172 513 1231 tione
543 1166 630 1227 ad
660 1165 1029 1245 chronicon,
1076 1174 1115 1228 t.
1151 1176 1189 1228 8
1211 1187 1279 1247 p.
1317 1177 1351 1228 7
1390 1167 1659 1229 Vallars.
2528 1207 2529 1214 κ

476 1250 541 1311 0.
603 1251 911 1311 Suetonius
968 1253 1200 1330 scripsit
1241 1252 1314 1311 de
1361 1254 1502 1312 viris
1543 1252 1857 1312 illustribus
1884 1297 1902 1328 ,
1948 1253 2109 1311 cuius
2151 1269 2351 1311 exem·

349 1337 503 1416 plum
536 1343 771 1395 secutus
799 1335 1185 1411 Hieronymus
1220 1338 1351 1415 ipse
1382 1354 1612 1415 quoque
1646 1336 1903 1396 libellum
1943 1335 2015 1394 de
2048 1337 2351 1415 scriptori-

349 1421 457 1481 bus
490 1419 817 1481 christianis
852 1419 1044 1480 edidit.
1099 1418 1303 1498 Nuper
1334 1424 1501 1481 etiam
1515 1419 1992 1480 Bartholomaeus
2018 1418 2230 1479 Facius
2264 1419 2350 1480 fa-

349 1505 586 1564 miliaris
617 1512 816 1564 noster
848 1504 920 1564 de
944 1506 1084 1565 viris
1114 1502 1435 1564 illustribus
1463 1507 1742 1583 temporis
1772 1505 1859 1563 sui
1890 1501 2072 1563 libros
2105 1520 2347 1581 compo·
2371 1514 2419 1554 ¹⁵
2528 1533 2529 1536 ¹

352 1591 494 1664 suit,
536 1590 630 1666 qui
668 1606 740 1646 ue
785 1588 895 1648 hos
943 1589 1201 1649 Suetonii
1247 1588 1506 1648 illustres
1546 1593 1706 1648 viros
1756 1588 1820 1666 [i.
1852 1604 1902 1646 e.
1938 1588 2350 1663 grammaticos

354 1683 412 1733 et
451 1671 745 1750 rhetores]
774 1672 975 1732 videre
1008 1681 1246 1750 posset,
1282 1691 1439 1732 mors
1469 1675 1763 1732 immatura
1794 1671 1987 1732 effecit
2021 1673 2096 1750 [a.
2134 1671 2346 1749 14571.

351 1755 529 1818 Paulo
574 1758 722 1815 enim
766 1766 899 1836 post
931 1758 1052 1816 eius
1079 1767 1321 1816 mortem
1351 1758 1405 1816 in
1442 1757 1630 1815 lucem
1672 1755 1992 1831 redierunt,
2048 1773 2173 1815 cum
2205 1755 2346 1815 mul·

352 1851 443 1901 tos
476 1856 659 1899 annos
698 1838 1007 1900 desiderati
1038 1859 1071 1901 a
1101 1839 1291 1901 doctis
1322 1840 1644 1900 hominihus
1682 1849 1898 1900 essent.
1959 1839 2345 1917 Temporibus

354 1925 499 1985 enim
541 1922 770 1984 Nicolai
824 1926 999 2003 quinti
1044 1926 1335 2006 pontificis
1379 1926 1603 1984 maximi
1654 1922 2407 2003 [1447-14551En0020

355 2008 682 2068 Asculanus
709 2012 764 2067 in
799 2008 1039 2069 Galliam
1065 2019 1121 2069 et
1147 2009 1278 2068 inde
1304 2010 1359 2068 in
1387 2010 1745 2070 Germaniam
1774 2010 2075 2087 profectus
2109 2010 2346 2087 conqui-

351 2091 660 2152 rendorum
694 2091 970 2152 librorum
996 2095 1179 2170 gratia
1206 2094 1315 2153 hos
1355 2111 1672 2172 quanquam
1704 2093 2014 2152 mendosos
2045 2100 2102 2151 et
2138 2093 2348 2170 imper·
2450 2150 2473 2175 ⁸

354 2177 544 2235 fectos
570 2174 639 2234 ad
668 2193 776 2234 nos
802 2177 1010 2237 retulit.
1036 2175 1140 2236 Cui
1168 2179 1254 2238 sic
1267 2176 1531 2237 habenda
1559 2186 1643 2236 est
1667 2178 1870 2254 gratia,
1889 2185 1949 2235 ut
1968 2176 2117 2236 male
2134 2177 2350 2253 impre-

357 2256 597 2319 candum
630 2268 718 2318 est
735 2259 1005 2319 Sicconio
1033 2259 1357 2321 Polentono
1372 2261 1667 2336 Patavin0,
1684 2262 1776 2339 qui
1816 2278 1942 2320 cum
1974 2277 2099 2319 eam
2123 2268 2351 2337 partem

357 2360 504 2421 quae
536 2351 624 2400 est
665 2343 750 2402 de
797 2345 1232 2405 oratoribus
1289 2364 1368 2406 ac
1421 2347 1675 2423 poetis
1713 2346 2062 2419 invenisset,
2103 2344 2179 2402 ita
2212 2358 2414 2420 sup-2⁵

356 2426 574 2505 pressit
600 2435 659 2485 ut
692 2445 763 2488 ne
793 2446 1037 2506 unquam
1061 2430 1116 2487 iu
1146 2429 1336 2489 lucem
1359 2431 1558 2488 venire
1581 2436 1804 2507 posset.
1863 2427 2045 2502 Quam
2076 2443 2191 2504 ego
2221 2444 2351 2486 cum

356 2510 575 2570 Patavii
609 2512 1033 2590 perquirerem,
1065 2513 1295 2572 taudem
1339 2514 1532 2591 reperi
1565 2530 1690 2572 eam
1733 2511 1804 2572 ab
1834 2512 1937 2571 illo
1969 2511 2151 2570 fuisse
2192 2527 2351 2569 com·

355 2595 577 2654 bustam
608 2597 911 2674 ipsumque
938 2597 1265 2673 arrogantia
1307 2615 1377 2656 ac
1418 2598 1740 2655 temeritate
1772 2595 2075 2674 impulsum
2111 2594 2184 2653 de
2212 2595 2352 2653 vitis

354 2679 662 2738 illustrium
699 2682 1043 2758 scriptorum
1066 2680 1475 2759 loquacissime
1501 2681 1717 2757 pariter
1739 2687 1796 2738 et
1819 2680 2178 2757 ineptissime
2203 2678 2351 2737 scri-

357 2764 549 2842 psisse
598 2764 673 2841 [a.
725 2762 931 2842 1433.]
991 2761 1293 2825 Iovianus
1335 2763 1654 2824 Pomanus
1698 2760 1921 2823 Umber
1968 2778 2028 2820 a.
2080 2769 2242 2822 1460
2284 2760 2415 2821 insu

357 2846 573 2907 codice
615 2865 779 2908 nunc
830 2845 1146 2924 Leidensi,
1200 2847 1303 2909 cui
1355 2847 1703 2926 inscripsit:
1761 2845 1826 2906 C.
1866 2845 2122 2905 Suetonii
2171 2843 2350 2904 Tran-

357 2931 519 3009 quilli
568 2931 640 2991 de
688 2932 829 2992 viris
877 2931 1193 2991 illustribus
1237 2930 1388 2991 liber
1432 2933 1651 3009 incipit.
1717 2930 1805 2990 De
1841 2929 2251 3006 grammaticis.
2297 2934 2357 2988 et

355 3013 756 3092 subscripsit:
823 3014 1086 3094 Amplius
1131 3025 1424 3095 repertum
1468 3033 1582 3074 non
1628 3024 1717 3074 est
1747 3013 1950 3073 adhuc.
1986 3012 2193 3071 desunt
2222 3012 2350 3072 rhe-

359 3105 516 3155 tores
550 3097 650 3157 XI.

497 3183 691 3232 Incerto
729 3199 931 3235 rumore
969 3186 1225 3250 accepisse
1264 3185 1496 3243 videtur,
1548 3197 1678 3246 quae
1720 3183 1784 3233 de
1824 3181 2048 3232 Sicconis
2083 3181 2412 3231 Polentonist

359 3246 539 3296 iraude
574 3259 770 3306 narrat:
814 3261 863 3302 at
891 3253 1015 3302 illud
1042 3254 1171 3303 bene
1211 3253 1469 3303 Pomanus
1496 3251 1766 3313 intellexit,
1813 3250 2108 3301 Suetoniani
2159 3250 2348 3314 operis,

361 3314 494 3374 quod
530 3316 594 3364 de
626 3317 965 3370 Romanorum
1003 3322 1124 3373 viris
1161 3321 1440 3371 illustribus
1477 3320 1730 3381 exstabat,
1754 3319 2048 3387 particulam
2085 3333 2199 3368 esse
2236 3332 2352 3367 eum

360 3379 607 3456 libellum,
636 3399 783 3446 quem
808 3403 964 3453 supra
994 3406 1044 3455 p.
1082 3390 1183 3440 257
1219 3406 1330 3452 sqq.
1362 3388 1652 3449 retulimus,
1688 3388 1751 3438 de
1785 3387 2126 3454 grammaticis
2158 3393 2207 3435 et
2234 3385 2351 3435 rhe-

361 3446 584 3508 toribus,
610 3457 657 3497 et
689 3450 784 3500 hoc
807 3464 938 3504 recte
970 3458 1237 3517 indicavit,
1281 3456 1559 3506 desiderari
1585 3472 1672 3506 eas
1699 3467 1900 3522 parteS,
1937 3469 2066 3517 quae
2103 3462 2248 3503 erant
2287 3454 2350 3502 de
