2553 3960
960 226 1169 275 mvus
1203 227 1571 277 eunome.
2150 216 2269 278 163

263 383 613 464 quaestoriis
654 383 1081 461 praetoriisque
1129 383 1479 443 ornamentis
1509 381 1781 443 honorari
1822 382 2011 443 libens
2062 401 2270 462 passus

265 477 384 538 est;
433 475 646 526 tantum
683 475 992 545 praeterea
1027 466 1338 545 adquirere
1382 474 1441 525 et
1483 484 1725 545 rapere,
1771 476 1830 526 ut
1872 476 2153 545 querente
2193 484 2267 527 eo

266 551 553 631 quondam
585 550 656 610 de
688 549 815 610 fisci
848 550 1164 627 exiguitate
1184 567 1300 610 non
1323 549 1570 611 absurde
1601 550 1810 610 dictum
1843 552 1948 627 sit,
1984 548 2264 610 abunda-

264 643 497 712 turum,
531 634 592 694 si
618 633 932 694 a'duobus
953 633 1190 694 libertis
1223 634 1289 694 in
1307 633 1682 695 consortium
1707 633 2106 712 reciperetur.
2142 634 2353 712 His,29

210 734 240 776 ε»
264 729 325 780 ut
358 719 505 797 dixi,
546 718 942 797 uxoribusque
973 718 1267 796 addictus,
1310 736 1425 779 non
1460 718 1784 797 principem
1824 736 1922 793 se,
1967 717 2071 777 sed
2110 719 2267 778 mini-

265 814 444 864 strum
474 804 631 880 egit,
665 801 1011 881 compendio
1047 802 1325 881 cuiusque
1355 802 1556 862 horum
1592 802 1688 861 vel
1721 803 1891 861 etiam
1940 802 2128 862 studio
2175 810 2271 863 aut

262 888 500 948 libidine
537 887 795 947 honores
828 888 1121 946 exercitus
1155 886 1520 964 impunitates
1557 886 1844 965 supplicia
1887 886 2127 963 largitus
2160 894 2268 963 est,

265 981 323 1033 et
352 971 579 1051 quidem
616 970 872 1030 insciens
912 968 1250 1049 plerumque
1282 978 1339 1029 et
1368 971 1623 1046 ignarus.
1708 970 1801 1030 Ac
1832 988 1905 1029 ne
1938 970 2270 1047 singillatim

260 1058 484 1116 minora
527 1071 760 1134 quoque
805 1071 1166 1131 enumerem,
1217 1062 1529 1115 revocatas
1568 1053 1951 1114 liberalitates
1998 1057 2151 1131 eius,
2189 1055 2267 1113 iu-

188 1157 242 1198 10
265 1141 413 1202 dicia
455 1140 745 1215 rescissa,
786 1138 1127 1217 suppositos
1167 1147 1262 1199 aut
1297 1140 1466 1198 etiam
1509 1138 1697 1216 palam
1743 1139 2065 1199 immutatos
2110 1139 2267 1199 dat-o-

261 1244 385 1286 rum
411 1223 734 1283 officiorum
753 1222 1095 1285 codicillos:
1123 1222 1377 1301 Appium
1401 1222 1653 1283 Silanum
1677 1240 2061 1283 consocerum
2084 1240 2267 1298 suum,

260 1309 551 1386 Iuliasque
593 1306 831 1367 alteram
868 1306 1078 1383 Drusi,
1121 1307 1363 1368 alteram
1406 1305 1728 1368 Germanici
1768 1308 1974 1383 filiam,
2036 1309 2268 1366 crimine

260 1395 488 1453 incerto
519 1408 631 1450 nec
660 1389 1003 1450 defensione
1035 1389 1153 1451 ulla
1182 1390 1311 1450 data
1342 1390 1588 1467 occidit,
1618 1392 1754 1450 item
1780 1389 1898 1451 CN.
1934 1390 2270 1470 Pompeium

262 1476 497 1537 maioris
523 1473 676 1534 filiae
707 1475 926 1550 virum,
963 1481 1022 1533 et
1047 1471 1111 1532 L.
1146 1473 1400 1533 Silanum
1422 1474 1659 1533 minoris
1689 1491 1983 1552 sponsum.
2029 1474 2122 1534 Ex
2148 1473 2267 1552 qui-

191 1560 372 1620 ¹⁵bus
399 1558 711 1638 Pompeius
737 1559 793 1616 in
820 1556 1128 1616 concubitu
1158 1555 1356 1615 dilecti
1381 1555 1797 1616 adulescentuli
1825 1557 2134 1615 confossus
2160 1564 2266 1631 est,

264 1644 493 1704 Silanus
516 1640 789 1701 abdicare
822 1658 886 1698 se
917 1647 1188 1718 praetura
1219 1646 1351 1697 ante
1381 1637 1510 1697 1111.
1541 1638 1634 1698 Kl.
1664 1638 1782 1698 Ian.
1815 1640 2077 1717 morique
2107 1639 2267 1697 initio

265 1726 402 1785 anni
430 1732 703 1799 coactus,
748 1721 841 1781 die
888 1724 1020 1800 ipso
1056 1720 1276 1781 Claudii
1315 1730 1373 1780 et
1401 1720 1768 1800 Agrippinae
1805 1722 2143 1800 nuptiarum.
2203 1720 2271 1782 Iu

267 1809 518 1887 quinque
568 1800 907 1882 et‘triginta
955 1813 1259 1865 senatores
1303 1813 1718 1884 trecentosque
1760 1805 2005 1884 amplius
2046 1805 2270 1885 equites

261 1893 335 1954 R.
369 1898 523 1951 tanta
564 1888 848 1949 facilitate
895 1888 1327 1967 animadvertit,
1378 1898 1467 1967 ut,
1512 1889 1585 1949 de
1616 1907 1765 1949 nece
1807 1889 2133 1949 consularis
2162 1889 2271 1948 viri

187 1975 624 2038 zorennntiante
657 1974 996 2034 centurione
1027 1972 1241 2035 factum
1272 1993 1405 2034 esse
1435 1972 1589 2053 quod
1621 1974 1998 2053 imperasset,
2029 1980 2272 2051 negaret

264 2061 569 2142 quicquam
599 2076 665 2119 se
701 2059 1055 2137 imperasse,
1091 2057 1271 2119 nihilo
1293 2060 1481 2118 minus
1511 2076 1632 2117 rem
1660 2057 2086 2138 comprobaret,
2117 2058 2268 2117 affir-

261 2143 546 2206 mantibus
586 2142 811 2203 libertis
866 2143 1066 2203 officio
1108 2143 1320 2203 milites
1362 2142 1629 2219 functos,
1689 2141 1843 2221 quod
1882 2142 1954 2202 ad
1994 2142 2271 2202 ultionem

263 2229 631 2308 imperatoris
653 2227 807 2288 ultro
831 2228 1358 2307 procucurrissent.
1390 2226 1536 2286 Nam
1560 2226 1702 2286 illud
1725 2243 1950 2286 omnem
1976 2226 2145 2286 fidem
2169 2244 2268 2286 ex-

265 2314 511 2374 cesserit
536 2312 690 2390 quod
713 2312 959 2390 nuptiis,
994 2329 1136 2392 quas
1158 2311 1473 2371 Messalina
1504 2327 1629 2371 cum
1652 2310 1914 2371 adultero
1941 2310 2086 2371 Silio
2110 2310 2267 2369 fece-

186 2416 243 2456 25
262 2406 372 2472 rat,
396 2394 643 2456 tabellas
662 2395 812 2454 dotis
836 2404 894 2454 et
907 2397 1035 2475 ipse
1055 2396 1509 2472 consignaverit,
1535 2394 1817 2470 inductus,
1840 2396 2003 2473 quasi
2023 2395 2095 2455 de
2110 2393 2266 2453 indu·

262 2482 402 2541 stria
440 2478 844 2539 simularentur
895 2479 964 2539 ad
1010 2478 1384 2538 avertendum
1429 2479 2002 2559 transferendumque
2040 2480 2266 2558 pericu·

262 2565 410 2641 lum,
443 2562 597 2642 quod
632 2562 926 2622 imminere
957 2563 1070 2641 ipsi
1100 2580 1207 2641 per
1239 2560 1518 2642 quaedam
1546 2570 1771 2624 ostenta
1801 2563 2265 2641 portenderetur.

387 2646 723 2709 Auctoritas
759 2645 1128 2725 dignitasque
1157 2646 1377 2706 formae
1421 2664 1537 2707 non
1582 2646 1806 2706 defuit*
1838 2647 1936 2706 vel
1965 2646 2138 2708 stanti
2168 2646 2352 2713 velao

264 2730 490 2790 sedenti
522 2747 591 2790 ac
622 2730 941 2809 praecipue
983 2731 1338 2809 quiescenti;
1399 2732 1559 2810 (nam
1603 2738 1664 2790 et
1703 2730 1933 2810 prolixo
1977 2749 2089 2790 nec
2128 2729 2267 2791 exili

187 2834 246 2877 ao
268 2830 523 2892 corpore
556 2822 714 2890 erat,
747 2822 805 2872 et
829 2814 1031 2892 specie
1057 2815 1381 2893 canitieque
1406 2814 1636 2893 pulcra,
1670 2816 1874 2894 opimis
1906 2814 2264 2895 cervicibus)

266 2906 525 2960 ceterum
571 2906 629 2957 et
669 2897 1096 2974 ingredientem
1138 2897 1526 2958 destituebant
1566 2899 1821 2979 poplites
1873 2900 2056 2959 minus
2100 2900 2265 2975 firmi,

263 2993 323 3044 et
354 2983 598 3044 remisse
628 2981 764 3061 quid
788 2981 885 3041 vel
916 2982 1071 3041 serio
1098 2990 1369 3059 agentem
1388 2981 1563 3043 multa
1595 2982 2083 3044 dehonestabant:
2115 2983 2266 3042 risus

262 3067 570 3144 indecenS,
624 3067 708 3126 ira
761 3067 990 3145 turpior
1043 3075 1343 3147 spumante
1402 3067 1579 3144 rictu,
1632 3068 1955 3126 umentibus
2008 3066 2262 3143 naribuS,

264 3161 572 3231 praeterea
603 3151 837 3227 linguae
870 3149 1200 3228 titubantia,
1248 3160 1536 3231 caputque
1583 3168 1709 3210 cum
1747 3169 2007 3230 semper,
2063 3160 2179 3212 tum
2207 3154 2264 3211 in

125 3296 131 3301 ,
191 3255 243 3297 35
264 3236 788 3315 quantulocumque
818 3244 950 3295 actu
980 3234 1077 3295 vel
1105 3236 1352 3296 maxime
1383 3234 1701 3295 tremulum.
1756 3235 2087 3297 valitudine
2117 3237 2345 3303 sicut31

261 3319 397 3379 olim
425 3321 614 3396 gravi,
646 3319 723 3378 ita
758 3320 1036 3399 princeps
1069 3337 1358 3399 prospera
1388 3338 1523 3380 usus
1555 3327 1667 3395 est,
1700 3328 1953 3399 excepto
1984 3320 2262 3380 stomachi

260 3402 500 3546 dolorel:
535 3420 649 3482 quo
680 3420 747 3462 se
780 3413 1114 3483 correptum
1147 3406 1318 3466 etiam
1348 3403 1419 3465 de
1445 3403 1864 3464 consciscenda
1892 3414 2077 3464 morte
2102 3403 2261 3479 cogi-

258 3494 417 3547 tasse
487 3487 607 3547 'xit.

1795 3570 1920 3632 11*
