2553 3960
849 240 1265 289 PRAEFATIO.
1828 245 1949 294 xcl

150 404 270 459 2503
315 399 326 469 Ι
372 404 442 458 30
476 414 586 468 pro
619 398 1035 456 Novocomensis
1074 400 1204 457 libri
1241 401 1490 458 nonnulli
1520 407 1940 476 novocomensis,

149 496 597 538 novetncamenses
611 523 630 553 ‚
665 498 850 539 novem
878 501 984 556 quo
1008 499 1242 556 menses,
1272 500 1462 543 novem
1488 500 1723 557 menses,
1752 503 1940 545 novem

148 566 400 621 mensibus
444 565 664 622 babent
707 564 719 644 Ι
776 574 845 628 30
896 568 966 624 de
1016 569 1352 640 equestribus
1394 571 1594 625 militiis
1647 571 1749 626 cfr.
1794 571 1940 629 infra

149 667 198 721 p.
232 656 353 720 160,
392 656 477 709 18.
550 650 764 706 Plinius
794 651 956 723 epist.
991 656 1058 722 7,
1089 657 1191 723 25,
1223 659 1273 710 2.
1351 652 1815 710 Orelli-Henzen
1855 656 1937 710 in-

147 734 340 804 scriptt.
384 748 475 789 no.
518 739 667 794 6930
714 727 725 812 Ι
776 741 845 795 33
893 736 1209 791 liberalibus
1261 738 1473 792 artibus
1524 737 1871 795 Rezzonicus
1926 735 1936 815 Ι

147 824 204 876 35
238 816 498 872 Romanis
551 818 779 890 plurimi
823 819 975 875 libri.
1068 820 1358 876 Germanis
1387 820 1723 892 Toletanus‚
1763 821 1938 878 Esco-

147 901 426 970 rialenses,
485 902 559 956 al.
618 901 758 958 Edd.
810 896 820 980 Ι
868 910 938 963 35
994 903 1117 960 ΧΧ
1159 903 1299 961 Edd.
1346 920 1451 976 pro
1498 904 1813 960 XXXVII
1848 906 1939 963 vel

148 983 466 1040 XXXVIII
509 980 519 1061 Ι
573 991 642 1046 37
680 987 838 1042 clade
865 987 1194 1045 Hermolaus
1228 988 1527 1044 Barbarus.
1616 988 1814 1045 Stabiis
1839 990 1940 1046 Vi-

149 1073 288 1123 nctus
311 1085 359 1123 a.
387 1076 525 1129 1556
563 1086 672 1141 pro
699 1071 870 1142 yades
898 1072 989 1145 vel
1015 1072 1222 1143 yrades
1249 1064 1278 1151 ΙΙ
1307 1079 1430 1142 300,
1462 1079 1489 1129 1
1522 1073 1795 1129 liburnica
1827 1075 1936 1130 To-

148 1149 372 1223 letanus,
408 1154 498 1208 ed.
532 1154 754 1210 Tarvis.
780 1160 925 1215 -1479
952 1171 1056 1228 pro
1086 1156 1416 1225 liburnicas,
1449 1158 1538 1213 vel
1569 1157 1893 1214 liburnicam
1923 1151 1934 1237 Ι

150 1242 172 1291 1
204 1238 565 1305 pertendaezsset
600 1240 969 1309 Burmannus,
1014 1240 1116 1295 cfr.
1150 1258 1203 1313 p.
1231 1245 1286 1308 4,
1317 1248 1401 1300 31.
1446 1248 1530 1310 15,
1564 1247 1649 1300 20.
1694 1248 1818 1314 116,
1847 1248 1933 1301 22.

150 1324 254 1388 139,
279 1325 346 1378 24
379 1311 392 1398 Ι
427 1328 463 1381 3
490 1323 777 1378 existimat
803 1323 1036 1380 Vinctus
1074 1316 1086 1403 Ι
1120 1329 1157 1383 4
1181 1327 1427 1381 oraverit
1450 1325 1703 1382 Vinctus.

257 1404 333 1458 Dc
358 1405 566 1462 Lucani
602 1413 767 1478 patre
797 1424 851 1480 p.
892 1414 1027 1479 301,
1071 1414 1141 1468 38
1170 1408 1374 1464 iniuria
1413 1408 1653 1482 Lipsium
1697 1409 1940 1466 arbitror

158 1488 461 1544 emendandi
490 1506 666 1547 causa
696 1490 764 1546 ob
792 1491 931 1546 bona
963 1518 1046 1533 —·
1063 1494 1362 1562 perimitur
1385 1493 1775 1565 proposuisse,
1815 1509 1937 1548 cum

153 1567 348 1626 Tacitus
373 1588 600 1645 quoque
631 1573 773 1630 Ann-
801 1580 888 1644 16,
919 1580 982 1635 17
1013 1576 1211 1632 Melam
1246 1577 1431 1631 tradat
1459 1593 1576 1631 rem
1608 1577 1936 1632 familiarem

155 1652 238 1707 alii
272 1653 553 1712 interfecti
588 1658 796 1714 acriter
821 1657 1152 1730 requisisse.
1214 1659 1329 1715 Sed
1360 1675 1697 1731 praenomen
1727 1659 1936 1714 rectius

157 1733 220 1790 M.
258 1739 520 1796 scribitur
543 1741 692 1813 apud
714 1742 970 1798 Vaccam.
1020 1781 1023 1782 ν

257 1820 402 1887 Quae
455 1825 538 1880 de
590 1825 1077 1882 Institutione
1129 1826 1561 1883 officiorum
1602 1843 1658 1898 p.
1699 1831 1833 1896 302,
1868 1832 1927 1885 31

155 1914 452 1975 supersunt,
496 1908 595 1965 ubi
628 1907 648 1938 ³
668 1909 937 1966 diversos*
956 1926 1170 1984 ponens
1199 1910 1369 1966 usus'
1414 1909 1452 1965 i.
1500 1927 1548 1968 e.
1581 1910 1737 1966 varia
1761 1925 1935 1965 com-

156 2003 339 2057 ponens
372 2009 402 2047 e
434 1988 728 2050 veteribus
760 1995 944 2067 poetis
984 1995 1300 2052 testimonia
1339 1994 1641 2051 Suetonius
1677 1994 1933 2064 infertur,

156 2076 247 2126 tum
278 2091 338 2131 ea
361 2092 503 2147 quae
540 2077 622 2132 de
655 2078 970 2148 Regibus
1000 2096 1053 2150 p.
1085 2085 1203 2144 303,
1233 2085 1302 2140 27
1331 2079 1572 2151 exempli
1605 2095 1772 2135 causa
1796 2078 1932 2134 affe-

158 2162 321 2213 runtur
353 2177 552 2232 regum
577 2161 797 2217 nomina
827 2179 1092 2233 nusquam
1127 2163 1261 2220 alibi
1301 2163 1559 2237 prodita,
1601 2163 1933 2219 documento

156 2253 265 2294 esse
293 2252 529 2313 possunt
561 2261 721 2316 quam
750 2245 994 2302 litterate
1028 2247 1244 2318 peritus
1278 2253 1334 2302 et
1364 2246 1530 2318 patrii
1571 2246 1848 2302 sermonis
1877 2253 1933 2300 et

155 2320 394 2382 historiae
421 2335 745 2385 exterarum
777 2330 1023 2399 gentium
1053 2331 1406 2402 Tranquillus
1447 2330 1616 2385 fuerit
1660 2345 1930 2401 quamque

157 2418 353 2473 gravem
383 2411 656 2468 iacturam
686 2413 740 2467 in
773 2413 1012 2483 singulis
1041 2415 1163 2470 eius
1196 2414 1407 2470 libellis
1439 2413 1757 2469 fecerimus.

256 2491 340 2548 De
374 2495 510 2552 Reb
534 2512 611 2551 us
645 2497 877 2553 variis
911 2497 1094 2552 locum
1117 2514 1148 2554 a
1174 2497 1428 2554 charisio
1452 2504 1730 2562 servatum
1756 2497 1928 2553 libra-

160 2570 218 2625 rii
261 2578 597 2649 negligentia
657 2587 975 2653 corruptum
1027 2587 1189 2652 puto;
1235 2580 1504 2636 neminem
1548 2581 1692 2635 enim
1734 2581 1931 2634 latebit

159 2669 202 2724 P·
228 2663 348 2729 603,
376 2668 440 2721 35
470 2664 534 2719 in
565 2665 952 2720 enumerandis
994 2665 1294 2720 secundum
1327 2664 1633 2718 litterarum
1680 2663 1928 2717 ordinem

160 2744 642 2814 praepositionibus
675 2748 867 2804 turbas
898 2747 1054 2803 datas
1093 2764 1254 2816 esse,
1299 2752 1355 2802 et
1384 2745 1670 2802 maximam
1717 2750 1929 2817 partem

162 2819 259 2878 eius
284 2842 518 2886 summae
555 2847 696 2901 quae
729 2831 905 2887 XVIII
936 2831 1270 2887 Graecarum
1314 2846 1594 2885 numerum
1637 2835 1930 2901 superaret

160 2900 497 2969 intercidisse.
558 2912 690 2969 Nam
722 2915 1122 2971 restituendum
1164 2922 1251 2970 est
1284 2915 1571 2986 Graecae,
1614 2914 1761 2986 quod
1804 2919 1928 2968 ante

164 2982 364 3050 Keilium
393 2997 680 3053 edebatur.
1407 3043 1415 3049 .
1706 3001 1711 3006 ’

262 3074 311 3133 P.
334 3086 447 3150 304,
486 3087 523 3140 6
550 3081 609 3136 iu
637 3098 709 3138 eo
745 3083 894 3154 quod
929 3089 1015 3139 est
1041 3085 1143 3137 isto
1169 3083 1326 3136 vilius
1357 3082 1587 3137 bominis
1619 3083 1725 3137 erit
1749 3095 1925 3135 caena

167 3157 288 3214 multi
318 3165 637 3220 vocabulum
667 3166 900 3222 hominis
932 3173 1248 3238 corruptum
1281 3171 1646 3238 putaverunt,
1682 3180 1922 3237 repone-

166 3235 367 3316 hautque
397 3248 554 3304 hodie
584 3249 909 3319 Palmerius,
944 3250 1101 3313 hodie
1127 3249 1279 3305 nobis
1312 3249 1694 3319 casaubonus,
1723 3249 1928 3304 domini

167 3319 459 3403 Scriverius,
487 3332 630 3388 haec
651 3333 784 3389 mibi
809 3333 1153 3390 Passeratius
1171 3373 1190 3403 ‚
1221 3332 1326 3389 hoc
1358 3338 1439 3389 est
1464 3332 1777 3397 Bentleius;
1818 3332 1921 3389 sed

168 3403 368 3468 fortasse
396 3417 662 3474 vicarium
707 3424 794 3474 est
824 3417 1125 3473 cuiuslibet
1154 3417 1391 3472 nominis
1432 3416 1666 3488 proprii.
1750 3414 1923 3487 Equi-

166 3486 265 3547 dem
290 3494 340 3550 in
365 3500 698 3557 soloecismo
728 3503 885 3557 vilius
914 3502 1018 3555 erit
1047 3515 1218 3556 caena
1251 3500 1429 3570 magis
1463 3499 1708 3554 offendo.
