2553 3960
736 680 927 779 DE
1012 682 2012 779 RHETORIBUS.

1189 911 1560 920 ———--—-—..——

316 1067 341 1118 l
498 1053 811 1114 Rhetorica
838 1048 1070 1131 quoq‘ue
1089 1052 1241 1132 apud
1262 1070 1370 1112 nos
1395 1053 1637 1131 perinde
1663 1061 1836 1131 atque
1857 1053 2231 1130 grammatica
2259 1051 2397 1111 fere

375 1147 610 1216 recepta
642 1145 764 1212 est,
797 1136 969 1214 paulo
994 1138 1166 1196 etiam
1187 1136 1477 1196 difficilius
1498 1180 1516 1212 ,
1545 1139 1765 1216 quippe
1787 1154 1954 1216 quam
1986 1144 2217 1197 constet
2246 1153 2395 1195 non-

374 1238 656 1299 nunquam
680 1223 849 1280 etiam
881 1219 1228 1298 prohibitam
1256 1222 1546 1280 exerceri.
1608 1220 1776 1296 Quod
1804 1238 1878 1280 ne
1911 1222 2001 1281 cui
2029 1218 2261 1279 dubium
2291 1220 2394 1296 sit,

375 1313 541 1364 vetus
584 1305 644 1364 S.
684 1302 749 1364 C.
795 1306 930 1363 item
981 1306 1308 1364 censorium
1358 1303 1608 1365 edictum
1646 1304 1973 1365 subiiciam:
2038 1302 2105 1364 G.
2146 1302 2396 1364 Fannio
2422 1318 2449 1357 ⁵

374 1387 684 1449 Strabone
705 1386 788 1449 Μ.
824 1385 1070 1449 Valerio
1094 1387 1375 1449 Messala
1407 1407 1575 1450 cons.
1616 1387 1700 1450 Μ.
1728 1388 2102 1467 Pomponius
2123 1393 2398 1467 praetor

375 1478 655 1533 senatum
677 1472 1002 1534 consuluit.
1035 1470 1219 1546 Quod
1238 1471 1435 1533 verba
1453 1472 1638 1552 facta
1659 1479 1803 1533 sunt
1825 1471 1903 1533 de
1914 1470 2313 1551 philosophis
2337 1478 2399 1531 et

374 1555 746 1633 rhetoribus,
769 1556 849 1616 de
861 1573 938 1618 ea
953 1574 1024 1617 re
1034 1558 1128 1617 ita
1142 1563 1528 1633 censuerunt,
1550 1565 1620 1618 ut
1632 1557 1714 1618 M.
1732 1556 2109 1634 Pomponius
2127 1562 2397 1634 praetor

379 1639 896 1702 anirnadverteret
917 1653 1321 1721 curan-etque,
1364 1647 1435 1701 ut
1451 1641 1511 1701 si
1540 1641 1597 1702 ei
1622 1660 1655 1703 e
1680 1659 1754 1702 re
1778 1659 1841 1721 p.
1866 1640 2269 1721 fideque‚sua
2297 1639 2390 1698 ci·

377 1725 647 1802 deretur,
679 1725 773 1785 uti
789 1724 1028 1786 Romae
1045 1743 1123 1785 ne
1145 1732 1367 1787 essent.
1418 1725 1507 1785 De
1536 1726 1756 1787 eisdem
1786 1726 2090 1785 interiecto
2121 1733 2463 1803 temporem

380 1807 500 1871 CN.
531 1809 815 1870 Domitius
848 1808 1269 1887 Aenobarbum,
1319 1809 1380 1869 L.
1415 1809 1668 1871 Licinius
1700 1808 1949 1871 Crassus
1990 1823 2272 1868 censores
2313 1809 2390 1867 ita

379 1892 712 1954 edixerunt:
747 1892 1181 1955 Renuntiatum
1207 1899 1302 1955 est
1326 1893 1531 1971 uobis,
1564 1912 1702 1956 esse
1731 1893 2005 1956 homiues
2033 1891 2142 1972 qui
2163 1908 2391 1953 uocum
2536 1922 2550 1955 ε

375 1995 572 2058 yeuus
594 1976 967 2056 discipliuae
1002 1979 1426 2054 instituerunt,
1466 1978 1555 2040 ad
1580 1997 1738 2061 quos
1781 1978 2062 2040 iuventus
2087 1975 2391 2038 inludunt

380 2062 705 2123 conveniat
715 2085 746 2131 ,·
812 2080 921 2123 eos
969 2062 1095 2123 sibi
1144 2082 1366 2125 nomeu
1429 2063 1801 2143 imposuisse
1860 2060 2124 2123 Latinos
2175 2060 2388 2122 rheto-

377 2162 492 2205 ras
505 2169 536 2214 ‚·
567 2144 661 2205 ibi
682 2144 954 2207 homiues
991 2147 1486 2209 adolescentulos
1523 2147 1660 2209 dies
1699 2154 1861 2209 totos
1895 2144 2198 2207 desidere.
2248 2143 2387 2204 Ma·
2407 2158 2459 2199 ιι

379 2229 548 2289 iores
587 2229 813 2307 nostri,
857 2247 1017 2309 quae
1054 2231 1286 2293 liberos
1328 2248 1481 2292 suos
1523 2233 1765 2293 discere
1808 2236 1868 2291 et
1907 2248 2060 2309 quos
2099 2229 2165 2289 in
2207 2228 2394 2289 ludos

379 2313 543 2373 itare
566 2312 820 2391 vellent,
851 2314 1260 2376 instituerunt.
1333 2313 1508 2376 Haec
1535 2332 1735 2392 nova,
1772 2332 1934 2394 quae
1957 2318 2211 2391 praeter
2243 2331 2390 2373 con·

381 2397 763 2458 suetudinem
793 2415 872 2459 ac
898 2417 1126 2460 morem
1155 2400 1460 2460 maiorum
1484 2399 1671 2478 fiunt,
1706 2418 1900 2479 neque
1919 2398 2169 2475 placent
2201 2413 2396 2476 neque

379 2486 554 2542 recta
580 2481 884 2543 videntur.
964 2480 1364 2562 Quapropter
1407 2490 1464 2544 et
1495 2484 1576 2544 iis
1616 2484 1724 2564 qui
1762 2502 1871 2545 eos
1922 2481 2102 2543 ludos
2139 2479 2390 2556 habent,

382 2571 443 2626 et
497 2565 577 2626 iis
618 2566 722 2646 qui
771 2584 843 2627 eo
884 2567 1097 2628 venire
1154 2574 1558 2644 consuerunt,
1616 2566 1861 2628 videtur
1907 2564 2275 2645 faciundum
2327 2570 2391 2623 ut
2409 2579 2459 2619 πο

384 2650 840 2711 ostenderemus
861 2657 1144 2712 nostram
1177 2652 1569 2728 sententiam,
1600 2649 1785 2712 nobis
1810 2668 1935 2711 non
1955 2649 2233 2728 placere.

504 2732 779 2794 Paulatim
810 2743 867 2794 et
889 2736 1018 2814 ipsa
1047 2736 1203 2795 utilis
1233 2736 1593 2814 honestaque
1618 2737 1920 2814 apparuit,
1955 2733 2231 2810 multique
2264 2749 2393 2790 eam

384 2827 441 2878 et
474 2816 749 2896 praesidii
782 2835 956 2879 causa
990 2828 1049 2879 et
1082 2818 1310 2896 gloriae
1343 2821 1766 2898 appetiverunt.
1829 2817 2039 2878 Cicero
2064 2816 2134 2876 ad
2164 2823 2391 2895 praetu-

383 2920 500 2962 ram
542 2918 728 2979 usque
773 2902 942 2962 etiam
995 2901 1217 2964 Graece
1269 2903 1692 2979 declamitavit,
1746 2902 1944 2962 Latine
2002 2917 2145 2960 vero
2194 2900 2394 2959 senior

383 3003 614 3066 quoque
655 2995 713 3046 et
743 2985 971 3065 quidem
1006 3005 1132 3047 cum
1182 2987 1516 3047 consulibus
1547 2986 1731 3047 Hirtio
1773 2994 1833 3045 et
1862 2985 2076 3061 Pansa,
2124 3000 2269 3062 quos
2297 2981 2388 3042 di-
2409 3000 2463 3038 2⁵

381 3069 660 3147 scipulos
691 3076 751 3131 et
777 3070 1042 3149 yraudis
1069 3077 1506 3149 praetextatos
1557 3069 1828 3131 vocabat.
1893 3067 2012 3129 CN.
2058 3068 2393 3147 Pompeium

385 3152 612 3230 quidam
647 3153 910 3215 historici
938 3154 1292 3215 tradiderunt
1319 3155 1425 3215 sub
1454 3156 1642 3234 ipsum
1677 3153 1850 3215 civile
1882 3152 2121 3229 bellum,
2161 3167 2276 3229 quo
2311 3150 2391 3210 fa·

387 3234 552 3296 cilius
588 3235 654 3296 C.
695 3237 929 3300 Curioni
960 3242 1390 3318 promptissimo
1443 3240 1668 3316 iuveni,
1720 3255 1949 3297 causam
1984 3234 2254 3297 Caesaris
2294 3233 2392 3293 de-

385 3318 672 3397 fendenti,
712 3323 1166 3399 contradiceret,
1192 3326 1483 3402 repetisse
1505 3321 1861 3383 declamandi
1889 3317 2393 3387 consuetudinem;

384 3401 461 3460 M.
495 3400 834 3482 Antonium,
864 3409 997 3466 item
1026 3406 1350 3486 Augustum
1381 3425 1454 3467 ne
1476 3406 1783 3467 Mutinensi
1809 3404 2037 3484 quidem
2062 3402 2219 3462 bello
2252 3403 2389 3460 omi·
2413 3414 2466 3456 so

390 3485 560 3541 sisse.
616 3483 775 3546 Nero
808 3488 1028 3550 Caesar
1060 3494 1243 3569 primo
1285 3492 1511 3571 imperii
1541 3507 1722 3565 anno,
1769 3487 2008 3567 publice
2035 3503 2269 3566 quoque
2304 3485 2394 3544 bis

2535 3131 2546 3169 i
