2553 3960
1039 255 1502 304 nofflmANus.
2129 245 2250 306 243

257 410 644 490 deperditam,
705 410 1060 489 repudiavit,
1127 413 1391 489 intraque
1443 409 1626 471 breve
1676 419 1903 490 tempus
1951 412 2254 490 impatiens

256 493 496 570 discidii,
529 493 692 573 quasi
724 493 1081 571 efflagitante
1115 493 1354 573 populo,
1386 493 1632 556 reduxit.

385 576 556 637 Circa
601 576 1149 639 administrationem
1188 587 1377 639 autem
1411 579 1638 657 imperii
1679 578 2006 658 aliquandiu
2052 596 2117 637 se
2156 596 2252 639 va·

255 662 396 720 rium
427 658 731 740 praestitit,
761 664 1004 723 mixtura
1036 680 1268 741 quoque
1300 661 1590 741 aequabili
1625 665 1888 724 vitiorum
1929 670 2101 741 atque
2143 662 2252 721 vir·

210 757 235 796 ⁵
257 754 459 815 tutum;
495 744 685 804 donec
711 747 953 806 virtutes
984 764 1218 825 quoque
1247 747 1304 805 in
1336 746 1471 807 vitia
1503 745 1768 808 deflexit:
1813 753 2079 827 quantum
2119 762 2251 805 con-

256 829 475 889 iectare
518 828 690 905 licet,
762 848 939 909 super
1005 830 1222 906 ingenii
1291 839 1549 891 naturam
1600 831 1793 909 inopia
1841 847 2050 909 rapax,
2101 838 2255 888 metu

256 930 488 972 saevus.

382 995 731 1075 Spectacula
770 996 998 1056 assidue
1029 997 1336 1075 magnifica
1371 1005 1429 1056 et
1471 1006 1803 1076 sumptuosa
1837 995 2012 1057 edidit
2047 1013 2164 1056 non
2200 997 2256 1054 in
2277 1015 2312 1070 4

254 1078 676 1160 amphitheatro
700 1080 895 1158 modo,
921 1099 1120 1141 verum
1144 1082 1283 1141 etin
1318 1082 1506 1151 circo;
1542 1081 1638 1141 ubi
1672 1089 1906 1160 praeter
1941 1079 2255 1140 sollemnes

188 1179 235 1221 ιο
252 1164 518 1242 bigarum
582 1163 1103 1246 quadrigarumque
1172 1182 1374 1225 cursus
1446 1165 1729 1244 proelium
1791 1166 1960 1225 etiam
2018 1162 2255 1242 duplex,

256 1256 527 1327 equestre
564 1265 636 1308 ac
676 1249 986 1327 pedestre,
1029 1251 1340 1318 commisit;
1389 1258 1447 1308 at
1480 1251 1536 1308 in
1582 1248 2003 1328 amphitheatro
2047 1246 2257 1307 navale

257 1349 510 1411 quoque.
557 1330 702 1392 Nam
737 1335 1080 1394 venationes
1114 1332 1588 1413 gladiatoresque
1626 1343 1686 1393 et
1707 1332 1975 1394 noctibus
1999 1330 2070 1392 ad
2093 1330 2255 1406 lych-

256 1414 512 1482 nuchos3
549 1433 660 1474 nec
699 1415 952 1476 virorum
987 1417 1160 1477 modo
1185 1434 1433 1496 pugnas,
1471 1416 1575 1477 sed
1599 1427 1655 1477 et
1677 1417 2032 1478 feminarum.
2082 1415 2255 1477 Prae-

259 1508 419 1558 terea
445 1500 794 1576 quaestoriis
817 1500 1178 1576 muneribus,
1217 1517 1368 1579 quae
1411 1500 1549 1560 olim
1592 1501 1805 1560 omissa
1851 1507 2255 1576 revocaverat,

194 1593 239 1633 1⁵
258 1586 333 1642 ita
356 1599 588 1660 semper
611 1582 889 1659 interfuit,
921 1591 982 1642 ut
1018 1582 1237 1663 populo
1278 1591 1624 1660 potestatem
1659 1584 1884 1644 faceret
1921 1583 2055 1645 bina
2096 1584 2256 1661 paria

259 1686 292 1726 e
324 1683 428 1724 suo
456 1665 592 1725 ludo
618 1665 977 1743 postulandi,
1014 1684 1200 1746 eaque
1238 1666 1549 1726 notissima
1581 1667 1771 1727 aulico
1796 1675 2077 1745 apparatu
2100 1664 2255 1725 indu-

261 1756 441 1808 ceret.
505 1748 595 1807 Ac
634 1766 742 1827 per
789 1767 957 1809 omne
1010 1749 1394 1827 gladiatorum
1449 1750 1843 1828 spectaculum
1894 1760 2025 1811 ante
2075 1748 2257 1829 pedes

260 1833 315 1892 ei
351 1830 538 1892 stabat
585 1831 860 1910 puerulus
915 1836 1249 1894 coccinatus
1301 1851 1484 1912 parvo
1532 1842 1994 1914 portentosoque
2047 1834 2256 1912 capite,

260 1933 388 1976 cum
425 1931 540 1995 quo
581 1916 879 1995 plurimum
916 1916 1308 1994 fabulabatur,
1343 1934 1764 1997 nonnumquam
1817 1920 1992 1978 s'erio.
2082 1915 2256 1976 Audi·

188 2013 242 2053 ²0
259 2010 349 2061 tus
387 2007 478 2059 est
516 2009 700 2079 certe,
737 2000 868 2061 dum
903 2021 978 2063 ex
1011 2021 1083 2063 eo
1119 2003 1360 2081 quaerit,
1401 2002 1623 2083 ecquid
1643 2003 1852 2078 sciret,
1887 2021 1999 2064 cur
2022 2001 2145 2063 sibi
2164 2000 2254 2062 vi·

257 2101 393 2144 sum
423 2089 585 2143 esset
620 2083 1014 2148 ordinatione
1050 2085 1348 2166 proxima
1389 2084 1667 2166 Aeqypto
1693 2086 2044 2165 praeficere
2082 2084 2254 2147 Mae·

258 2167 419 2229 cium
444 2166 695 2246 Rufum.
759 2168 955 2230 Edidit
987 2170 1210 2231 navalis
1252 2188 1479 2249 pugnas
1514 2188 1703 2250 paene
1739 2172 2011 2231 iustarum
2056 2169 2254 2229 classi-

259 2270 370 2328 um,
409 2252 629 2313 effosso
665 2262 724 2313 et
757 2254 1196 2315 circumstructo
1237 2255 1392 2315 iuxta
1442 2253 1698 2316 Tiberim
1750 2254 1909 2331 lacu,
1956 2262 2127 2332 atque
2174 2253 2257 2313 in·

258 2342 349 2394 ter
377 2336 654 2396 maximos
690 2336 903 2399 imbres
940 2340 1356 2417 perspectavit.

187 2438 241 2479 25
385 2417 551 2479 Fecit
584 2428 643 2479 et
673 2419 846 2481 ludos
879 2421 1259 2499 Saeculares,
1309 2431 1640 2502 computata
1672 2422 1895 2482 ratione
1937 2430 2256 2499 temporum

260 2501 330 2564 ad
367 2520 573 2562 annum
604 2521 722 2564 non
762 2522 875 2583 quo
913 2504 1184 2567 Claudius
1225 2509 1522 2585 proxime,
1570 2506 1675 2566 sed
1723 2522 1836 2583 quo
1886 2505 2022 2565 olim
2062 2504 2256 2580 Augu-

260 2596 382 2647 stus
418 2585 704 2657 ediderat;
739 2589 796 2649 in
830 2589 901 2649 iis
937 2590 1278 2649 circensium
1316 2590 1428 2666 die,
1463 2607 1577 2670 quo
1614 2589 1840 2652 facilius
1878 2598 2102 2650 centum
2127 2588 2256 2648 mis-

261 2689 359 2730 sus
385 2680 837 2749 peragerentur,
864 2672 1126 2750 singulos
1163 2691 1194 2733 a
1226 2676 1485 2753 septenis
1525 2673 1728 2753 spatiis
1767 2671 1836 2733 ad
1876 2673 2043 2752 quina
2082 2672 2256 2731 corri-

262 2755 403 2832 puit.
2056 2812 2063 2818 .

188 2853 242 2895 so
386 2835 633 2897 Instituit
668 2846 725 2898 et
748 2839 1171 2918 quinquennale
1197 2849 1490 2901 certamen
1517 2839 1846 2920 Capitolino
1870 2839 1997 2900 Iovi
2019 2839 2258 2917 triplex,

260 2920 537 2981 musicum
561 2931 833 3001 equestre
856 2923 1296 3001 gymnicumset
1318 2924 1612 3003 aliquanto
1646 2924 1889 3002 plurium
1914 2941 2082 3002 quam
2108 2940 2259 2981 nunc

261 3014 353 3066 est
389 3022 754 3067 coronarum.
838 3005 1149 3068 Certabant
1198 3009 1349 3069 enim
1396 3018 1455 3070 et
1491 3026 1669 3088 prosa
1717 3008 1982 3068 oratione
2033 3005 2258 3068 Graece

257 3089 611 3168 Latineque,
664 3108 732 3151 ac
768 3099 1002 3171 praeter
1048 3091 1420 3152 citharoedos
1472 3091 1990 3153 chorocitharistae
2027 3108 2257 3170 quoque

262 3182 320 3234 et
353 3174 871 3252 psilocitharistae3
910 3176 968 3234 in
1004 3175 1191 3236 stadio
1228 3194 1374 3237 vero
1399 3194 1571 3237 cursu
1597 3178 1767 3236 etiam
1790 3175 2070 3254 virgines.
2116 3174 2270 3236 Cer-

191 3275 243 3315 35
262 3259 455 3319 tamini
489 3257 785 3338 praesedit
818 3257 1150 3339 crepidatus
1187 3278 1592 3341 purpureaque
1629 3260 1868 3320 amictus
1902 3269 2043 3337 toga
2080 3258 2272 3320 Grae-

265 3343 486 3419 canica,
523 3344 715 3421 capite
749 3352 990 3420 gestans
1027 3362 1302 3406 coronam
1338 3362 1569 3405 auream
1604 3362 1732 3404 cum
1769 3344 1970 3421 effigie
2005 3342 2162 3405 Iovis
2185 3358 2255 3400 ac

262 3422 495 3486 Iunonis
524 3426 967 3507 Minervaeque;
1025 3428 1416 3488 adsidentibus
1448 3426 1599 3488 Diali
1636 3427 1946 3489 sacerdote
1981 3434 2038 3486 et
2075 3423 2250 3484 colle·

264 3508 364 3585 gio
403 3508 740 3571 Flavialium
772 3512 900 3591 pari
940 3511 1152 3591 habitu,
1190 3514 1301 3574 nisi
1338 3511 1490 3591 quod
1524 3511 1755 3573 illorum
1794 3510 2028 3655 ‹lagi-puis
2071 3508 2254 3566 inerat
