2553 3960
287 234 410 295 210
457 246 517 294 C.
550 245 850 295 suarem
882 247 1138 307 TRANQ.
1171 247 1268 294 DE
1298 247 1465 293 vrrA
1497 246 1867 293 CAESAmm
1898 246 2035 292 Lm.
2064 245 2187 291 vn.

227 427 269 482 2
417 400 569 462 Otho
594 402 913 479 imperator
937 400 1065 461 1111.
1103 399 1198 461 Kl.
1222 400 1357 461 Mai.
1389 410 1556 461 natus
1586 409 1678 460 est
1707 397 1953 460 Camillo
1987 398 2289 477 Arruntio,

289 485 542 546 Domitio
565 483 923 545 Aenobarbo
951 503 1113 546 cons.
1162 484 1217 545 A
1254 486 1437 564 prima
1460 485 1866 546 ›adulescentia
1905 484 2187 562 prodigus
2217 500 2292 543 ac

291 587 539 649 procax,
577 568 726 630 adeo
756 578 818 629 ut
847 587 1031 649 saepe
1056 568 1256 646 flagris
1278 568 1688 648 obiurgaretur
1710 586 1742 628 a
1768 575 1958 646 patre,
1991 567 2291 628 ferebatur

291 663 351 715 et
378 655 582 731 vagari
606 652 874 713 noctibus
897 654 1125 730 solitus,
1150 662 1326 732 atque
1347 653 1658 714 invalidum
1681 668 1969 731 quemque
1987 651 2290 712 obviorum

292 738 388 799 vel
414 736 774 818 potulentum
799 741 1103 818 corripere
1127 755 1199 798 ac
1222 737 1474 798 distento
1500 754 1648 816 sago
1670 737 2001 815 impositum
2028 735 2088 795 in
2111 734 2288 796 subli·
2318 755 2347 794 s

292 841 386 884 me
408 825 646 883 iactare.
690 821 831 882 Post
851 825 1032 902 patris
1056 821 1267 883 deinde
1290 831 1533 883 mortem
1553 821 1876 883 libertinam
1900 820 2142 881 aulicam
2156 837 2287 897 gra-

293 910 524 985 tiosam,
549 924 665 985 quo
691 907 995 968 efficacius
1025 906 1279 984 coleret,
1317 909 1489 968 etiam
1517 905 1767 983 diligere
1786 905 2075 965 simulavit
2098 921 2288 982 quam·

294 994 387 1053 vis
408 1010 573 1053 anum
609 1009 681 1051 ac
716 1008 905 1070 paene
936 991 1323 1070 decrepitam;
1366 1009 1474 1071 per
1512 991 1663 1052 hanc
1696 990 2014 1050 insinuatus
2043 987 2291 1064 Neroni,

295 1075 473 1136 facile
499 1094 769 1135 summum
793 1077 945 1136 inter
974 1077 1192 1135 amicos
1217 1075 1409 1136 locum
1440 1076 1621 1135 tenuit
1650 1075 2034 1152 congruentia
2053 1090 2290 1149 morum,

291 1169 353 1220 ut
373 1177 517 1219 vero
543 1159 771 1237 quidam
795 1160 1040 1235 tradunt,
1065 1169 1124 1219 et
1148 1158 1567 1220 consuetudine
1595 1160 1769 1218 mutui
1794 1161 1999 1236 stupri.
2047 1157 2140 1217 Ac
2171 1165 2288 1217 tan·
2311 1172 2364 1213 lu

292 1253 407 1304 tum
432 1244 689 1321 potentia
713 1243 911 1320 valuit,
935 1251 996 1302 ut
1016 1243 1336 1304 damnatum
1349 1241 1687 1323 repetundis
1705 1240 2071 1302 consularem
2083 1243 2289 1318 virum,

293 1330 499 1405 ingens
528 1327 839 1405 praemium
862 1336 1087 1407 pactus,
1114 1329 1275 1405 prius
1291 1345 1459 1406 quam
1476 1325 1649 1405 plane
1670 1327 2093 1386 restitutionem
2111 1326 2164 1384 ei
2189 1326 2290 1384 im-

294 1419 589 1491 petrasset
609 1427 724 1470 non
751 1409 1039 1471 dubitaret
1065 1412 1122 1469 in
1156 1420 1419 1472 senatum
1453 1410 1524 1471 ad
1559 1409 1819 1488 agendas
1857 1412 2078 1488 gratias
2112 1411 2289 1469 intro-

233 1514 273 1569 3
296 1495 533 1555 ducere.
590 1492 849 1555 Omnium
874 1503 1061 1555 autem
1088 1495 1465 1555 consiliorum
1480 1502 1959 1573 secretorumque
1972 1495 2291 1573 particeps,

295 1579 411 1656 die,
436 1597 607 1658 quem
628 1578 927 1639 necandae
948 1580 1113 1639 matri
1138 1578 1299 1639 Nero
1325 1578 1674 1655 destinarat,
1712 1576 1784 1638 ad
1813 1577 2164 1638 avertendas
2199 1595 2291 1636 su·
2311 1598 2365 1639 ιε

295 1665 594 1742 spiciones
622 1680 858 1724 caenam
884 1665 1114 1741 utrique
1137 1665 1623 1742 exquisitissimae
1639 1663 1923 1723 comitatis
1938 1660 2123 1732 dedit;
2146 1664 2285 1722 item

293 1747 634 1827 Poppaeam
651 1746 922 1808 Sabinam
946 1756 1081 1807 tunc
1104 1746 1294 1808 adhuc
1315 1748 1555 1808 amicam
1579 1747 1726 1823 eius,
1752 1745 2056 1807 abductam
2078 1747 2284 1807 marito

295 1831 807 1910 demandatamque
844 1834 1071 1891 interim
1100 1831 1242 1908 sibi,
1278 1834 1603 1912 nuptiarum
1637 1832 1842 1911 specie
1875 1831 2131 1909 recepit,
2175 1846 2289 1890 nec

297 1917 632 1996 corrupisse
659 1925 984 1994 contentus,
1011 1915 1161 1977 adeo
1186 1914 1389 1977 dilexit
1411 1925 1471 1976 ut
1492 1934 1571 1975 ne>
1589 1915 1831 1976 rivalem
1850 1914 2077 1995 quidem
2098 1913 2287 1974 Nero-

295 2019 425 2061 nem
445 2017 636 2079 aequo
661 2000 858 2061 tulerit
878 2003 1088 2061 animo.
1156 1999 1424 2061 Creditur
1444 2009 1611 2061 ‘certe
1633 2019 1751 2062 non
1772 2001 1948 2061 modo
1980 2002 2195 2061 missos
2219 1998 2292 2060 ad
2308 2019 2365 2060 πο

297 2083 705 2145 arcessendam
728 2102 844 2144 non
871 2086 1200 2164 recepisse,
1226 2085 1332 2145 sed
1345 2088 1531 2168 ipsum
1556 2085 1727 2145 etiam
1749 2085 2079 2145 exclusisse
2108 2101 2291 2163 quon-

297 2168 422 2229 dam
450 2184 557 2247 pro
583 2167 807 2227 foribus
830 2176 1109 2229 astantem
1129 2171 1580 2248 miscentemque
1601 2169 1817 2231 frustra
1849 2171 2032 2229 minas
2066 2177 2126 2228 et
2159 2185 2291 2247 pre-

299 2269 401 2312 ces
433 2269 507 2311 ac
543 2250 872 2330 depositum
907 2261 1338 2331 reposcentem.
1408 2253 1603 2329 Quare
1636 2252 1871 2314 diducto
1904 2254 2290 2330 matrimonio,

298 2337 595 2415 sepositus
620 2344 712 2395 est
734 2354 843 2415 per
865 2353 1096 2396 causam
1115 2336 1432 2415 legationis
1456 2339 1514 2397 in
1538 2335 1905 2398 Lusitaniam.
1951 2335 2017 2397 Id
2042 2339 2183 2397 satis
2205 2338 2289 2395 vi-

297 2437 438 2497 sum,
462 2437 535 2479 ne
574 2436 766 2498 poena
799 2422 994 2480 acrior
1031 2422 1258 2481 mimum
1297 2439 1527 2483 omnem
1554 2421 1916 2499 divulgaret,
1962 2423 2058 2500 qui
2102 2429 2365 2483 tamena

297 2506 385 2564 sic
410 2521 642 2583 quoque
666 2502 783 2563 hoc
806 2503 1056 2565 disticho
1087 2507 1338 2568 enotuit:

519 2586 649 2649 Cur
678 2585 837 2650 otho
865 2588 1110 2650 mentito
1140 2590 1248 2666 sit,
1272 2588 1596 2670 quaeritis,
1628 2588 1775 2651 exul
1799 2589 2078 2651 honore?

678 2670 913 2733 Uxoris
934 2673 1224 2735 moechus
1254 2680 1547 2753 coeperat
1574 2690 1713 2733 esse
1737 2691 1911 2734 suae.

411 2756 779 2818 Provinciam
795 2757 1208 2818 administravit
1224 2757 1588 2836 quaestorius
1609 2776 1717 2837 per
1733 2757 1938 2818 decem
1952 2774 2152 2835 annos,
2168 2775 2289 2818 mo·

223 2853 279 2907 '4
299 2839 600 2902 deratione
631 2849 803 2919 atque
828 2841 1172 2902 abstinentia
1205 2840 1506 2920 singulari.
1536 2842 1616 2903 Ut
1641 2841 1870 2904 tandem
1896 2842 2132 2902 occasio
2161 2841 2288 2901 ulti·
2308 2859 2364 2903 ³0

299 2926 426 2986 onis
445 2925 578 2987 data
595 2934 704 3002 est,
724 2925 1025 2987 conatibus
1044 2925 1263 2988 Galbae
1281 2928 1500 3006 primus
1513 2929 1794 2995 accessit;
1821 2925 2145 3004 eodemque
2167 2942 2288 2985 mo·

298 3019 493 3071 mento
517 3019 578 3071 et
597 3012 728 3089 ipse
750 3029 915 3090 spem
939 3011 1165 3090 imperii
1200 3011 1360 3090 cepit
1392 3028 1657 3088 magnam
1683 3009 1913 3089 quidem
1950 3019 2011 3070 et
2044 3028 2119 3069 ex
2152 3027 2288 3071 con-

300 3092 517 3154 ditione
548 3102 888 3174 temporum,
914 3095 1020 3156 sed
1048 3094 1344 3174 aliquanto
1374 3098 1651 3156 maiorem
1674 3114 1750 3156 ex
1781 3096 2161 3156 affirmatione
2185 3095 2289 3154 Se·

299 3175 455 3236 leuci
480 3176 882 3240 mathematici.
927 3179 1037 3255 Qui
1069 3198 1196 3240 cum
1220 3198 1350 3241 eum
1369 3180 1506 3240 olim
1529 3182 1899 3259 superstitem
1920 3178 2141 3240 Neroni
2161 3180 2290 3239 fore

300 3257 737 3338 spopondisset,
766 3273 901 3324 tunc
937 3264 1088 3325 ultro
1123 3265 1450 3343 inopinatus
1490 3263 1834 3344 advenerat,
1881 3267 2362 3344 imperaturum&

301 3358 535 3439 quoque
558 3339 720 3402 brevi
745 3349 1176 3425 repromittens.
1227 3348 1405 3409 Nullo
1430 3349 1605 3426 igitur
1630 3350 1809 3410 officii
1838 3358 1934 3411 aut
1967 3347 2291 3409 ambitionis

300 3442 360 3482 m
385 3439 727 3502 quemquam
749 3445 968 3502 genere
1000 3432 1217 3493 omisso
1234 3478 1252 3511 ,
1286 3436 1559 3511 quotiens
1583 3451 1760 3495 caena
1782 3435 2108 3515 principem
2134 3434 2287 3493 acci·

303 3514 507 3583 peret,
539 3521 749 3567 aureos
773 3513 1081 3576 excubanti
1114 3516 1344 3578 cohorti
1372 3519 1582 3578 viritim
1605 3517 1930 3597 dividebat,
1968 3535 2081 3578 nec
2102 3520 2291 3577 minus
