2553 3960
935 202 1351 254 PRAEFATIO.
1800 206 2034 257 xxxm

210 367 430 425 Galbae
477 363 753 435 Othonis,
805 362 1255 419 narratiunculae
1310 363 1579 434 quaedam
1626 363 1899 421 dictorum
1938 366 2033 423 vel

208 452 494 508 factorum
521 446 980 504 memorabilium.
1068 445 1357 503 Postremo
1389 446 1663 502 adduntur
1691 447 1761 503 dc
1793 447 2033 507 Traiano

208 541 277 590 et
313 533 551 589 Ioviano
590 530 759 604 pauci
795 529 1063 586 versiculi
1104 547 1176 586 ex
1214 524 1506 605 Orosio”)
1542 529 1831 602 descripti.
1921 533 2036 590 co-

214 618 348 674 dice
406 613 752 672 Suetoniano
800 629 934 670 usus
977 619 1063 670 est
1114 614 1166 669 is
1207 613 1302 685 qui
1354 614 1464 670 hoc
1503 612 1841 684 florilegium
1881 630 2035 673 com-

214 700 422 775 pilavit
474 696 897 769 antiquissimo,
939 696 1033 769 qui
1079 697 1405 770 plerumque
1448 712 1572 753 cum
1612 697 1937 755 Memmiano
1979 703 2036 754 et

217 783 525 840 virtutibus
557 787 615 836 et
645 780 802 837 vitiis
845 780 1233 853 conspirabat,
1272 796 1464 837 verum
1504 797 1906 852 nonnumquam
1946 781 2033 839 in-

216 866 445 937 tegrior
498 865 597 921 illo
651 863 829 919 fuisse
887 863 1124 920 videtur.
1216 863 1315 921 Sic
1354 865 1506 935 quod
1561 863 1769 934 legitur
1823 864 1879 920 in
1933 867 2038 922 hac

217 948 470 1024 epitome
503 949 722 1018 turpius
750 961 927 1018 pereo
961 963 1068 1020 pro
1113 949 1353 1018 turpiter
1379 966 1435 1021 p.
1464 953 1564 1008 195
1579 987 1595 1017 ,
1626 953 1727 1018 38,
1759 948 1818 1005 id
1851 948 2035 1005 codici

217 1033 463 1089 nondum
508 1032 778 1087 lacunoso
823 1030 1089 1097 debetur;
1139 1032 1385 1089 fortasse
1427 1030 1593 1087 etiam
1638 1032 1901 1088 omissum
1928 1048 2035 1104 quo

217 1133 280 1190 p.
310 1121 415 1186 72,
451 1122 520 1176 18
547 1114 790 1171 nondum
819 1113 1175 1187 interpolato.
1205 1144 1294 1157 —
1321 1114 1483 1171 Alter
1514 1115 1696 1172 codex
1730 1115 2033 1187 Parisinus,

219 1197 662 1256 ‘Notre-Dame
721 1197 856 1258 188³
917 1198 1221 1272 inscriptus
1282 1206 1338 1255 et
1395 1216 1426 1256 a
1461 1199 1668 1255 ‘multis
1727 1199 2035 1272 inspectuS‚

219 1299 380 1342 saec.
429 1281 556 1339 xm
602 1281 955 1353 conscriptus
1001 1289 1089 1339 est
1141 1284 1546 1355 multorumque
1588 1288 1698 1340 tam
1747 1289 2038 1355 poetarum

219 1384 390 1441 quam
437 1373 717 1423 oratorum
765 1365 1079 1422 Latinorum
1125 1368 1291 1423 modo
1334 1366 1594 1423 continua
1643 1366 1825 1439 capita
1872 1366 2036 1423 modo

220 1451 530 1523 decerptos
561 1449 830 1506 flosculos
871 1449 1138 1506 continet.
1226 1449 1313 1506 Ac
1343 1449 1684 1506 Suetoniana
1715 1448 2039 1523 compilatio

220 1534 398 1592 multo
444 1532 678 1590 uberior
731 1532 950 1604 quidem
1004 1540 1091 1590 est
1140 1534 1469 1607 superiore,
1518 1533 1620 1591 sed
1666 1534 1813 1590 haud
1861 1548 2040 1603 aeque

220 1618 522 1689 eleganter
563 1611 746 1686 facta,
796 1631 917 1671 cum
962 1634 1107 1673 nunc
1149 1617 1304 1690 pleni
1339 1615 1516 1673 instar
1558 1614 1873 1690 apographi
1912 1632 2041 1671 esse

220 1701 442 1776 possit,
473 1714 618 1755 nunc
648 1700 936 1755 multarum
965 1700 1323 1773 paginarum,
1365 1705 1427 1755 ut
1455 1717 1511 1772 p.
1543 1705 1761 1765 3—18;
1791 1705 2041 1773 38-463

219 1788 481 1849 78-973
526 1788 852 1848 118—1243
906 1791 1226 1851 155—162;
1280 1788 1569 1845 167—173
1610 1783 1760 1839 nulla
1809 1789 1902 1840 aut
1947 1782 2046 1840 vix

221 1867 416 1925 tenuia
462 1867 735 1939 quaedam
783 1866 1025 1937 vestigia
1070 1868 1383 1940 reliquerit.
1472 1865 1744 1924 Adhibuit
1801 1867 2045 1939 scriptor

221 1951 480 2010 codicem
516 1950 573 2006 in
602 1948 705 2007 XII
735 1950 912 2007 libros
938 1952 1292 2009 distributum
1320 1958 1378 2009 et
1406 1950 1642 2010 Medicci
1675 1951 1840 2024 primi
1869 1950 2047 2007 simil-

222 2035 448 2106 limum,
489 2041 559 2091 ut
590 2036 733 2090 haec
766 2037 1021 2108 exempla
1056 2038 1466 2107 demonstrant:
1507 2053 1562 2108 p.
1591 2043 1655 2106 5,
1684 2042 1771 2095 27.
1802 2042 1875 2095 28
1909 2050 2042 2090 con-

219 2122 532 2177 citavenmt
558 2124 617 2175 et
650 2119 940 2188 potiundi3
975 2127 1065 2190 30,
1100 2129 1167 2180 10
1193 2121 1494 2175 mirabilem
1511 2142 1530 2181 ,-
1569 2123 1661 2191 75‚
1690 2127 1758 2180 35
1787 2120 2042 2191 eloquen-

223 2206 368 2266 tiae,-
406 2208 529 2273 195,
559 2207 629 2261 26
659 2218 847 2256 coram
876 2216 955 2259 se.
1043 2204 1186 2260 lllud
1218 2220 1440 2275 quoque
1471 2218 1582 2258 non
1614 2202 1900 2274 indignum
1928 2218 2045 2257 me·

224 2285 406 2344 moria
437 2287 616 2355 duco,
660 2286 805 2341 haec
844 2293 1081 2364 utraque
1123 2293 1390 2359 excerpta
1436 2301 1542 2361 pro
1584 2286 1811 2358 integro
1841 2285 2046 2342 Sueto-

225 2364 410 2439 nio'⁸)
440 2370 509 2426 ad
550 2384 744 2425 manus
786 2365 1160 2443 scriptoribus
1191 2371 1408 2428 duobus
1450 2369 1671 2428 mediae
1704 2369 1905 2427 aetatis
1942 2385 2046 2441 φι-

364 2573 461 2638 22)
497 2574 704 2625 Praeter
732 2572 1030 2625 Suetonium
1059 2581 1108 2622 et
1140 2571 1373 2623 orosium
1410 2586 1512 2622 non
1544 2573 1695 2623 video
1736 2589 1826 2624 cur
1868 2574 2044 2641 plures

225 2643 385 2695 libros
417 2643 465 2693 is
491 2644 711 2709 scriptor
740 2640 1035 2693 adhibuisse
1063 2642 1286 2702 dicatur,
1326 2654 1491 2703 neque
1529 2640 1629 2691 ulla
1662 2650 1740 2692 est
1768 2657 1925 2692 causa
1956 2656 2046 2691 cnr

227 2712 463 2763 Suetonii
495 2711 785 2779 exemplum
819 2718 1012 2761 statuas
1043 2710 1091 2760 ei
1119 2710 1186 2760 ad
1213 2723 1422 2758 manum
1470 2708 1635 2760 fuisse
1662 2710 1793 2761 miro
1825 2709 2045 2776 quodam

227 2779 379 2832 modo
412 2780 768 2831 concinnatum
789 2815 806 2842 ,
839 2793 940 2843 quo
973 2787 1021 2828 et
1054 2779 1167 2845 ipso
1199 2776 1411 2828 Orosius
1443 2791 1570 2830 usus
1600 2778 1686 2830 sit.
1760 2777 2044 2841 Quaecum-

228 2863 326 2915 que
354 2863 385 2898 a
415 2848 709 2913 Tranquillo
735 2847 901 2899 aliena
929 2856 1073 2908 sunt,
1118 2846 1296 2898 Orosio
1326 2846 1588 2898 debentur.
1657 2846 1933 2899 Maximum
1977 2849 2045 2901 sit

228 2932 276 2985 p.
306 2916 437 2980 183,
466 2919 533 2968 27
567 2915 758 2967 retibus
791 2917 964 2967 aureis
1002 2931 1128 2981 quae
1154 2916 1362 2978 funibus
1386 2920 1663 2979 purpureis
1695 2920 1778 2968 vel
1800 2919 2046 2970 coccineis

228 2985 650 3046 extrahebantur,
688 2985 776 3037 ubi
801 2984 1048 3036 Orosiaua
1085 2985 1275 3035 retibus
1301 2987 1473 3035 aureis
1495 3001 1625 3050 quae
1657 2990 1931 3049 purpureis
1958 2987 2046 3051 fu-

227 3054 372 3106 nibus
394 3054 798 3107 extrahebantur
824 3054 1110 3105 necessario
1146 3054 1499 3110 substituenda
1540 3054 1777 3116 fuerunt,
1814 3054 1952 3119 quod
1991 3056 2047 3105 in

228 3123 542 3175 Suetoniano
584 3123 818 3190 exemplo
852 3130 1085 3189 corrupte
1119 3131 1258 3173 veste
1295 3130 1478 3173 aurato
1514 3124 1759 3190 scriptum
1792 3124 2043 3179 exstabat.

228 3190 314 3244 Sic
359 3193 500 3244 enim
542 3192 893 3243 Memmianus.
967 3192 1093 3241 Item
1131 3206 1184 3257 p.
1225 3192 1323 3253 22,
1373 3191 1408 3243 6
1443 3193 1749 3244 versiculum
1787 3192 2046 3260 integrum

229 3261 433 3329 ignorat
461 3277 577 3313 eum
605 3260 925 3312 Memmiano.

366 3331 460 3396 23)
508 3330 745 3383 Ceterum
790 3342 893 3380 non
923 3342 1066 3395 nego
1103 3326 1283 3380 orosio
1329 3344 1532 3395 quoque
1567 3337 1771 3382 auctore
1804 3328 2046 3381 Saresbe-

230 3401 450 3452 stenem
491 3399 723 3452 Suetonii
768 3398 922 3448 verba
971 3399 1154 3448 afferre
1189 3405 1245 3447 ut
1290 3397 1353 3459 8,
1401 3398 1467 3450 18
1504 3406 1554 3449 et
1586 3396 1667 3449 19.
1740 3398 1908 3449 Semel
1956 3411 2047 3446 ne·

231 3482 328 3532 qne
376 3470 489 3521 sine
531 3469 767 3519 cautione
814 3481 907 3533 per
949 3481 1008 3517 se
1062 3466 1358 3516 nominatim
1408 3467 1682 3532 appellavit
1732 3464 2048 3522 Suetonium,

312 3555 592 3593 humma
1630 3555 1659 3588 c
