2553 3960
915 183 920 188 ’
998 198 1207 248 mvus
1242 199 1497 249 muns.
2023 226 2030 230 -
2170 185 2250 249 19

224 358 451 419 moveri
481 356 849 436 quandoque
888 363 1162 434 possent,
1203 354 1476 433 instituit,
1525 363 1666 434 quot
1705 356 1870 415 annis
1915 355 1974 413 in
2023 354 2248 414 demor-

231 452 458 504 tuorum
488 439 693 500 locum
740 458 819 499 ex
861 439 962 516 iis,
1011 440 1109 518 qui
1152 439 1386 498 recensi
1415 456 1531 499 non
1574 448 1801 516 essent,
1848 438 2185 499 subsortitio
2216 455 2251 497 a

232 534 512 607 praetore
542 525 734 584 fieret.
798 521 1111 600 Octoginta
1143 532 1330 583 autem
1364 524 1571 582 civium
1604 522 1835 583 milibus
1881 525 1940 582 in
1970 523 2336 583 transma-42

233 613 390 670 rinas
423 608 693 668 colonias
725 606 1074 683 distributis,
1099 616 1159 666 ut
1188 606 1507 667 exhaustae
1540 605 1775 686 quoque
1797 606 1958 667 urbis
1980 607 2252 685 frequen-

188 696 314 759 stia
345 700 730 771 suppeteret,
779 692 999 767 sanxit,
1045 708 1120 749 ne
1151 692 1283 768 quis
1315 692 1460 750 civis
1489 693 1674 752 maior
1709 692 1873 751 annis
1913 690 2117 768 viginti
2153 690 2254 749 mi-

235 795 423 838 norve
460 774 879 854 quadraginta,
913 775 1011 852 qui
1040 783 1405 835 sacramento
1437 792 1554 835 non
1582 784 1904 852 teneretur,
1928 774 2060 854 plus
2081 775 2254 834 trien-

234 862 336 921 nio
368 862 647 919 continuo
677 858 845 919 ltalia
884 858 1149 933 abesset,
1190 875 1303 917 neu
1341 859 1439 936 qui
1471 861 1759 919 senatoris
1794 860 1945 919 filius
1976 860 2086 919 nisi
2117 876 2256 919 con-

237 943 564 1006 tubernalis
619 950 716 1001 aut
776 959 977 1002 comes
1017 942 1387 1019 magistratus
1436 960 1693 1021 peregre
1743 944 2249 1022 proficisceretur:

237 1046 391 1089 neve
426 1028 500 1104 ii,
538 1026 636 1103 qui
666 1028 999 1104 pecuariam
1026 1026 1326 1101 facerent,
1365 1028 1548 1087 minus
1576 1028 1745 1087 tertia
1778 1037 1943 1106 parte
1975 1026 2256 1106 puberum

173 1115 627 1189 wingenuorum
670 1111 821 1169 inter
847 1118 1136 1188 pastores
1175 1107 1478 1169 haberent.
1556 1108 1867 1189 Omnisque
1914 1111 2254 1171 medicinam

236 1198 469 1258 Romae
517 1194 830 1273 professos
874 1202 932 1253 et
962 1192 1287 1253 liberalium
1325 1195 1526 1254 artium
1568 1193 1875 1270 doctoreS,
1920 1212 2037 1274 quo
2070 1194 2254 1255 liben-

238 1284 355 1341 tius
401 1286 462 1338 et
499 1279 614 1356 ipsi
657 1277 857 1337 urbem
900 1276 1227 1338 incolerent
1270 1286 1329 1337 et
1374 1280 1554 1338 ceteri
1597 1277 1974 1357 adpeterent,
2021 1280 2256 1339 civitate

241 1363 503 1425 donavit.
575 1360 665 1420 De
710 1362 972 1441 pecuniis
1018 1362 1259 1439 mutuis,
1319 1361 1560 1422 disiecta
1609 1380 1888 1423 novarum
1931 1363 2255 1423 tabularum

243 1446 729 1525 exspectatione,
756 1463 908 1524 quae
946 1445 1158 1505 crebro
1195 1446 1571 1523 movebatur,
1609 1446 1871 1507 decrevit
1903 1447 2163 1524 tandem,
2196 1454 2259 1504 ut

178 1545 227 1587 ιι
243 1531 548 1593 debitores
580 1528 968 1589 creditoribus
1008 1529 1150 1590 satis
1178 1529 1446 1590 facerent
1478 1548 1588 1608 per
1629 1531 2088 1591 aestimationem
2118 1546 2255 1609 pos·

244 1617 603 1690 sessionum,
639 1616 833 1690 quanti
868 1631 1133 1692 quasque
1162 1622 1296 1673 ante
1328 1613 1502 1673 civile
1543 1612 1759 1673 bellum
1792 1621 2255 1692 comparassent,

244 1698 497 1762 deducto
543 1714 798 1757 summae
843 1698 998 1757 aeris
1038 1697 1247 1774 alieni,
1294 1700 1342 1757 si
1385 1697 1521 1775 quid
1562 1715 1771 1757 usurae
1803 1699 2033 1757 nomine
2061 1714 2256 1764 nume·

242 1792 428 1845 ratum
478 1790 574 1841 aut
616 1782 1006 1859 perscriptum
1045 1781 1285 1850 fuisset;
1328 1798 1440 1859 qua
1487 1780 1831 1841 condicione
1879 1790 2083 1859 quarta
2118 1798 2257 1861 pars

243 1868 376 1928 fere
418 1863 625 1924 crediti
664 1863 988 1942 deperibat.
1065 1863 1288 1925 Cuncta
1337 1864 1626 1946 collegia,
1671 1874 1907 1944 praeter
1946 1867 2258 1944 antiquitus

177 1965 231 2007 ω
253 1951 599 2026 constituta,
647 1947 932 2009 distraxit.
996 1948 1225 2010 Poenas
1255 1949 1578 2010 facinorum
1619 1952 1804 2018 auxit:
1849 1958 1907 2010 et
1939 1968 2065 2010 cum
2097 1950 2258 2011 locu-

248 2036 446 2116 pletes
477 2050 550 2093 eo
588 2033 819 2093 facilius
848 2033 1079 2093 scelere
1109 2052 1176 2093 se
1209 2033 1565 2112 obligarent,
1618 2034 1775 2113 quod
1814 2036 2055 2113 integris
2085 2035 2257 2114 patri-

243 2119 458 2180 moniis
486 2115 829 2193 exulabant,
872 2117 1228 2196 parricidas,
1273 2126 1334 2177 ut
1368 2116 1581 2179 Cicero
1611 2119 1847 2197 scribit,
1880 2118 2049 2179 bonis
2080 2120 2257 2179 omni-

243 2204 388 2278 bus,
430 2200 694 2279 reliquos
736 2200 962 2262 dimidia
1004 2212 1170 2280 parte
1213 2202 1490 2262 multavit.
1552 2202 1650 2263 Ius
1691 2203 2152 2264 laboriosissime
2188 2211 2345 2268 ac43

196 2320 213 2334 ·
247 2285 628 2349 severissime
661 2284 825 2344 dixit.
890 2285 1363 2364 Repetundarum
1398 2288 1704 2347 convictos
1732 2288 1902 2347 etiam
1936 2286 2137 2347 ordine
2168 2305 2260 2348 se-

177 2371 483 2431 zsnatorio
512 2371 711 2429 movit.
780 2368 1020 2429 Diremit
1047 2372 1279 2448 nuptias
1311 2371 1592 2449 praetorii
1619 2369 1760 2447 viri,
1808 2371 1906 2451 qui
1936 2370 2260 2448 digressam

221 2473 286 2523 ,a
327 2454 541 2514 marito
584 2461 720 2531 post
764 2452 995 2513 biduum
1038 2455 1225 2513 statim
1269 2455 1544 2532 duxerat,
1588 2455 1849 2534 quamvis
1896 2457 2020 2515 sine
2060 2454 2262 2534 probri

249 2538 596 2616 suspitione.
658 2536 1107 2614 Peregrinarum
1150 2541 1424 2598 mercium
1462 2539 1721 2617 portoria
1758 2539 2014 2598 instituit.
2070 2537 2261 2597 Lecti-

251 2639 454 2684 carum
481 2638 676 2698 usum,
716 2622 854 2680 item
888 2621 1293 2697 conchyliatae
1325 2624 1508 2682 vestis
1554 2631 1612 2682 et
1650 2623 2118 2699 margaritarum,
2150 2621 2264 2679 nisi

252 2708 433 2767 certis
464 2705 738 2784 personis
771 2714 831 2764 et
860 2704 1143 2765 aetatibus
1173 2723 1400 2785 perque
1432 2714 1630 2775 certos
1664 2705 1820 2783 dies,
1867 2704 2094 2766 ademit.
2152 2704 2261 2764 Le-

179 2807 389 2869 oegem
434 2789 754 2868 praecipue
799 2791 1204 2868 sumptuariam
1256 2792 1549 2867 exercuit,
1610 2789 1908 2868 dispositis
1951 2789 2108 2850 circa
2147 2805 2263 2848 ma-

253 2874 470 2935 cellum
496 2873 868 2949 custodibus,
903 2874 1002 2951 qui
1032 2873 1276 2934 obsonia
1309 2884 1513 2936 contra
1547 2875 1784 2936 vetitum
1816 2873 2133 2935 retinerent
2163 2872 2263 2933 de-

251 2965 674 3038 portarentque
714 2956 786 3016 ad
817 2975 915 3034 se,
959 2956 1263 3017 submissis
1295 2976 1717 3037 nonnumquam
1746 2956 2052 3018 lictoribus
2088 2966 2265 3036 atque

248 3040 558 3116 militibus,
596 3041 728 3119 qui,
772 3043 820 3100 si
876 3059 989 3119 qua
1024 3040 1300 3102 custodes
1344 3042 1721 3119 fefellissent,
1769 3043 1881 3102 iam
1919 3040 2186 3121 adposita
2229 3061 2265 3103 e
2358 3060 2363 3064 ·

248 3125 503 3185 triclinio
533 3123 852 3185 auferrent.

180 3228 232 3270 ³³
371 3207 524 3269 Nam
575 3207 651 3267 de
709 3209 963 3269 ornanda
1013 3209 1465 3289 instruendaque
1512 3210 1685 3287 urbe,
1739 3210 1880 3270 item
1923 3209 1997 3270 de
2049 3211 2351 3272 tuendo44

248 3291 711 3372 ampliandoque
757 3293 1003 3370 imperio
1043 3294 1211 3372 plura
1256 3313 1329 3354 ac
1368 3297 1588 3356 maiora
1629 3296 1689 3354 in
1733 3293 1860 3354 dies
1907 3293 2259 3356 destinabat:

246 3379 305 3437 in
335 3378 546 3457 primis
569 3377 775 3437 Martis
804 3376 1108 3455 templum,
1142 3387 1412 3456 quantum
1435 3395 1716 3458 nusquam
1747 3385 1937 3455 esset,
1968 3388 2261 3455 extruere,

248 3462 480 3542 repleto
514 3470 576 3521 et
606 3459 969 3538 ‚conplanato
998 3461 1162 3540 lacu,
1208 3463 1265 3522 in
1298 3480 1413 3542 quo
1459 3463 1853 3606 naumachiae*
1867 3461 2265 3541 spectaculum
