2553 3960
1006 196 1217 245 mvns
1248 196 1504 245 IULIUS.
2217 185 2255 246 5

224 352 285 412 in
320 350 618 412 civitatem
658 352 973 427 rogatione
1002 349 1190 411 Plotia
1224 349 1512 428 confecit,
1558 349 1873 428 habuitque
1912 359 1970 410 et
2001 353 2131 430 ipse
2161 371 2253 412 su-

228 453 340 515 per
372 453 442 494 ea
473 453 540 494 re
572 436 920 496 contionem.

361 519 655 594 Quaestor
676 518 879 579 Iuliam
911 522 1136 581 amitam
1178 535 1540 598 uxoremque
1573 517 1907 579 Corneliam
1953 518 2253 580 defunctas
2279 519 2314 574 6

229 603 490 664 laudavit
521 622 554 662 e
585 620 747 664 more
781 620 890 682 pro
923 604 1150 664 rostris.
1211 602 1288 662 Et
1328 604 1385 662 in
1420 606 1627 664 amitae
1659 603 1893 682 quidem
1927 601 2255 665 laudatione

182 686 307 751 sde
354 689 481 746 eius
527 705 599 748 ac
642 688 826 766 patris
883 690 969 748 sui
1024 697 1267 766 utraque
1315 688 1545 765 origine
1603 689 1687 747 sic
1731 686 1943 747 refert:
2013 685 2257 748 Amitae

225 789 407 833 meae
438 769 647 831 Iuliae
667 779 1013 833 maternum
1037 790 1234 851 yenus
1258 770 1347 838 ,ab
1380 770 1634 851 reyibus
1657 778 1858 832 ortum
1875 817 1892 849 ,
1925 780 2257 849 paternum

229 874 369 917 cum
393 854 518 916 diis
538 855 976 917 inmortalibus
1001 856 1391 918 coniunctum
1420 863 1527 916 est.
1575 854 1737 926 Nam
1765 854 1847 915 ab
1873 854 2048 917 Anco
2078 855 2252 916 Mar-

230 941 328 1002 cio
359 947 507 1001 sunt
535 938 768 1001 Marcii
793 941 1029 1021 Reyes,
1075 957 1193 1019 quc
1222 942 1468 1001 nomine
1505 938 1630 1019 fuit
1657 947 1887 1010 mater,
1881 966 1897 980 ·
1938 958 1980 1000 a
2026 938 2258 1002 Venere

227 1021 418 1100 Iulii,
469 1026 645 1085 cuius
679 1026 880 1104 yemis
904 1024 1156 1105 familia
1188 1030 1282 1084 est
1307 1030 1550 1085 nostra.
1610 1022 1731 1085 Est
1756 1043 1902 1104 erqo
1932 1025 1997 1085 in
2032 1043 2257 1104 yenere

160 1137 209 1177 ιο
231 1117 293 1170 et
326 1109 644 1169 sanctitas
688 1127 933 1188 requm,
981 1110 1087 1189 qui
1127 1106 1486 1187 plurimum
1505 1110 1667 1169 inter
1698 1108 1972 1170 homines
1995 1109 2253 1189 pollent,

230 1201 292 1255 et
314 1193 701 1255 caerimonia
724 1194 1011 1269 deorum,
1036 1210 1295 1273 quorum
1318 1192 1447 1272 ipsi
1472 1194 1537 1254 in
1552 1199 1863 1272 potestate
1882 1201 2025 1254 sunt
2052 1212 2251 1274 reyes.

229 1279 296 1338 Iu
351 1276 667 1338 Corneliae
715 1287 906 1339 autem
947 1238 1140 1339 lo’cum
1188 1276 1523 1356 Pompeiam
1569 1277 1729 1338 duxit
1775 1279 1970 1352 Quinti
2012 1268 2256 1357 Pompei

231 1363 449 1438 filiam,
495 1361 558 1421 L.
595 1361 793 1422 Sullae
835 1372 1103 1442 neptem;
1163 1380 1290 1421 cum
1340 1380 1454 1441 qua
1498 1362 1706 1422 deinde
1743 1362 2049 1424 divortium
2090 1363 2252 1439 fecit,

232 1447 615 1508 adulteratam
660 1448 930 1525 opinatus
973 1466 1005 1508 a
1041 1445 1245 1508 Publio
1294 1445 1534 1524 Clodio,
1585 1465 1756 1526 quem
1797 1450 1948 1506 inter
1989 1446 2255 1525 publicas

161 1555 214 1595 is
235 1532 625 1592 caerimonias
659 1540 1005 1611 penetrasse
1038 1530 1110 1592 ad
1152 1548 1280 1590 eam
1321 1531 1584 1591 muliebri
1618 1541 1790 1591 veste
1832 1540 1945 1591 tam
1981 1539 2256 1590 constans

229 1616 386 1676 fama
417 1624 575 1691 erat,
619 1625 679 1675 ut
714 1625 952 1675 senatus
995 1617 1396 1696 quaestionem
1442 1615 1515 1675 de
1550 1615 1789 1695 pollutis
1824 1614 2007 1675 sacris
2049 1614 2252 1675 decre-

228 1700 400 1760 verit.

359 1784 679 1859 Quaestori
717 1784 963 1845 ulterior
1005 1783 1604 1862 Hispania‘obvenit;
1662 1784 1759 1845 ubi
1809 1802 1937 1845 cum
1988 1785 2310 1845 mandatu?

229 1869 348 1930 PR.
395 1870 522 1928 iure
576 1868 826 1929 dicundo
887 1878 1209 1930 conventus
1252 1869 1583 1930 circumiret
1626 1869 1920 1948 Gadisque
1971 1871 2254 1947 venisset,

158 1975 214 2018 κ
233 1952 638 2013 animadversa
664 1952 817 2032 apud
837 1953 1108 2015 Herculis
1130 1954 1406 2033 templum
1419 1954 1616 2032 Magni
1634 1953 1955 2016 Alexandri
1982 1954 2252 2032 imagine,

229 2039 517 2116 ingemuit
548 2047 606 2097 et
640 2041 807 2117 quasi
840 2047 1148 2118 pertaesus
1194 2040 1480 2118 ignaviam
1512 2058 1670 2100 suam
1692 2085 1708 2116 ,
1756 2037 1912 2117 quod
1953 2038 2092 2099 nihil
2122 2039 2253 2099 dum

230 2141 264 2183 a
303 2139 373 2181 se
405 2122 783 2183 memorabile
827 2132 1014 2183 actum
1049 2132 1208 2183 esset
1247 2125 1306 2182 in
1342 2133 1561 2202 aetate,
1611 2142 1724 2202 qua
1772 2126 1882 2183 iam
1916 2122 2256 2183 Alexander

231 2206 441 2267 orbem
471 2210 753 2267 terrarum
795 2207 1159 2285 subegisset,
1206 2208 1541 2267 missionem
1572 2209 1845 2269 continuo
1887 2208 2251 2284 efflagitavit,

231 2291 306 2351 ad
349 2289 667 2370 captandas
718 2309 888 2370 quam
941 2294 1184 2371 primum
1233 2293 1512 2352 maiorum
1555 2311 1747 2352 rerum
1795 2293 2144 2352 occasiones
2198 2291 2253 2349 in

154 2375 404 2436 ⁴taurbe.
476 2373 662 2437 Etiam
707 2377 1008 2437 confusum
1053 2395 1181 2437 eum
1224 2377 1452 2436 somnio
1496 2378 1795 2454 proximae
1839 2377 2029 2435 noctis
2091 2376 2253 2455 (nam

233 2462 397 2520 visus
444 2469 568 2520 erat
611 2479 719 2539 per
764 2463 1018 2539 quietem
1061 2469 1321 2539 stuprum
1373 2462 1536 2520 matri
1584 2459 1879 2536 intulisse)
1922 2461 2254 2520 coiectores

231 2545 307 2606 ad
337 2542 748 2623 amplissimam
791 2562 956 2624 spem
998 2545 1414 2620 incitaverunt,
1450 2544 1745 2604 arbitrium
1773 2552 2059 2603 terrarum
2094 2543 2254 2603 orbis

233 2626 512 2708 portendi
542 2628 1025 2706 interpretantes,
1059 2629 1293 2707 quando
1323 2637 1544 2704 mater,
1595 2645 1763 2706 quam
1796 2626 2110 2705 subiectam
2144 2627 2253 2686 sibi

231 2712 511 2788 vidisset,
542 2729 659 2770 non
687 2712 798 2772 alia
832 2722 990 2772 esset
1020 2731 1188 2792 quam
1219 2722 1411 2791 terra,
1444 2730 1594 2791 quae
1626 2713 1876 2772 omnium
1909 2729 2125 2790 parens
2154 2711 2252 2771 ha-

156 2807 211 2857 u
231 2796 496 2856 beretur.
546 2794 859 2856 Decedens
884 2814 1031 2873 ergo
1062 2807 1193 2857 ante
1223 2807 1455 2876 tempus
1488 2797 1749 2859 colonias
1781 2796 2010 2856 Latinas
2043 2795 2114 2855 de
2148 2814 2247 2874 pe·
2272 2816 2308 2870 3

230 2879 410 2940 tenda
458 2880 692 2939 civitate
737 2883 1027 2958 agitantes
1057 2882 1228 2958 adiit,
1275 2891 1333 2941 et
1375 2882 1447 2941 ad
1485 2882 1805 2943 audendum
1850 2878 2069 2959 aliquid
2114 2898 2250 2940 con-

231 2967 507 3041 citasset,
558 2964 667 3023 nisi
697 2966 977 3026 consules
1008 2967 1375 3044 conscriptas
1420 2967 1476 3025 in
1507 2965 1765 3027 Ciliciam
1809 2965 2081 3042 legiones
2114 2982 2250 3044 pau-

227 3047 420 3127 lisper
456 3008 533 3108 o’b
563 3048 841 3128 idipsum
862 3051 1251 3110 retinuissent.

358 3130 491 3193 Nec
524 3151 598 3194 eo
623 3137 819 3195 secius
848 3135 1065 3195 maiora
1096 3151 1235 3193 mox
1265 3134 1322 3193 in
1353 3133 1495 3193 urbe
1528 3133 1760 3195 molitus
1789 3142 1898 3194 est.
1957 3134 2252 3213 Siquidem
2276 3154 2311 3209 9

157 3229 212 3272 ιι
230 3227 367 3279 ante
392 3234 618 3296 paucos
645 3218 771 3280 dies
798 3237 966 3297 quam
991 3218 1344 3279 aedilitatem
1372 3218 1570 3295 iniret,
1597 3220 1831 3279 venitin
1858 3221 2253 3296 suspicionem

230 3303 614 3381 conspirasse
662 3322 789 3364 cum
822 3304 1021 3364 Marco
1054 3301 1272 3363 Crasso
1309 3302 1634 3379 consulari,
1680 3297 1813 3362 item
1848 3302 2053 3364 Publio
2091 3300 2253 3361 Sulla

229 3395 287 3446 et
308 3384 374 3445 L.
389 3385 684 3448 Autronio
712 3396 848 3466 post
869 3387 1333 3462 designationem
1357 3387 1695 3448 consulatus
1716 3386 1960 3446 ambitus
1984 3384 2251 3445 condem-

225 3470 409 3546 natis,
455 3482 516 3532 ut
564 3471 861 3549 principio
904 3472 1037 3530 anui
1086 3481 1348 3532 senatum
1398 3470 1801 3548 adorirentur,
1857 3479 1915 3529 et
1955 3466 2255 3528 trucidatis
