2553 3960
980 257 1396 306 PRAEFATIO.
1843 256 2085 307 Lxxxv

261 435 314 490 p
352 422 471 486 104,
510 422 580 477 18
618 409 631 494 Ι
672 422 746 477 23
777 423 873 472 aut
903 415 1191 472 Tarentini
1212 417 1503 472 Lambinus
1540 406 1552 492 1
1590 421 1658 476 29
1684 414 1901 471 Marcio
1929 417 2076 474 Bon-

263 499 479 570 garsias
530 501 603 556 ad
644 501 914 556 Iustinum
951 507 1171 570 12,15
1217 506 1273 554 et
1304 500 1661 555 casaubonus
1698 514 1802 572 pro
1832 498 2018 555 Mario
2061 494 2074 578 l

262 590 326 642 30
340 588 472 654 post
501 586 803 654 septimum
836 583 1105 654 vinetus,
1150 583 1252 638 cfr.
1288 599 1457 654 supra
1484 583 1669 638 adnot.
1702 587 1773 642 73
1808 576 1817 660 Ι
1856 588 1927 644 33
1952 581 2075 638 Hu-

261 673 433 721 matus
465 667 683 723 omittit
711 667 862 722 Henr
878 666 1212 738 Stephanus.

375 749 618 806 Persii
664 751 882 807 vitam
920 766 1041 806 eam
1075 766 1216 821 quae
1264 751 1334 805 ad
1382 766 1484 806 nos
1525 749 1787 822 pervenit
1836 748 2075 806 alienam
2115 760 2392 808 Ρωιινιο.

261 850 382 888 esse
432 851 464 890 a
517 832 800 890 Suetonio
850 839 906 889 et
939 839 1163 890 veteres
1205 833 1338 889 libri
1375 834 1610 901 docent,
1647 831 1754 888 ‘de
1796 848 2068 889 commen-

260 917 397 972 tario
449 915 626 972 Probi
661 917 876 973 Valerii
932 916 1236 972 sublatam'
1280 922 1547 980 testantes
1566 909 1678 988 ⁷⁴),
1738 921 1793 970 et
1836 915 2070 987 scriptio

259 999 377 1070 ipsa
408 999 622 1055 misere
665 1002 990 1072 perturbata
1024 999 1285 1070 nullaque
1326 1000 1383 1057 in
1430 1015 1493 1054 re
1531 999 1861 1055 luculentam
1897 998 2070 1055 Tra-n-

261 1082 412 1152 quilli
445 1083 767 1139 orationem
800 1084 1072 1139 referens.
1139 1083 1632 1139 commentatorem
1665 1082 1902 1154 aliquem
1935 1099 2068 1155 pro-

261 1166 390 1221 dunt
454 1172 750 1222 auctorem
810 1168 982 1223 verba
1036 1182 1181 1237 quae
1230 1165 1287 1220 iu
1346 1165 1442 1221 illa
1496 1166 1610 1222 vita
1662 1172 1882 1221 exstant
1928 1167 2069 1222 haec

258 1243 435 1304 ‘hunc
489 1249 679 1321 ipsum
726 1250 926 1306 librum
982 1249 1363 1320 imperfectum
1420 1248 1705 1320 reliquit’‚
1758 1249 2070 1321 imperitum

259 1331 535 1388 hominem
569 1334 717 1390 haec
749 1332 1059 1389 ‘Neronem
1089 1332 1240 1387 illius
1274 1332 1545 1404 temporis
1574 1332 1883 1404 principem
1896 1332 1939 1387 '.
1982 1332 2068 1389 Ae

260 1432 327 1470 ne
356 1416 483 1486 quis
514 1416 847 1486 Hieronymi
869 1417 999 1472 loco
1031 1433 1083 1488 p.
1113 1421 1243 1481 299,
1291 1424 1323 1474 5
1354 1415 1544 1487 posito
1579 1416 1834 1471 abutatur
1867 1417 1938 1471 ad
1966 1433 2062 1487 pa-

260 1498 650 1554 trocinandum
685 1499 984 1570 Suetonio,
1020 1499 1142 1554 sive
1176 1497 1507 1554 Casaubono
1535 1499 1720 1571 potius
1755 1505 1810 1553 et
1839 1499 2066 1555 Bartbio

263 1582 350 1650 qui
384 1582 555 1653 primi
589 1582 909 1638 Persianam
937 1582 1104 1638 vitam
1135 1581 1386 1637 Suetonii
1432 1598 1559 1638 esse
1591 1581 1919 1649 voluerunt,
1965 1580 2064 1637 i-llo

261 1664 385 1721 loco
416 1665 561 1721 nihil
597 1666 872 1736 efficitur,
906 1665 1015 1720 nisi
1048 1666 1195 1737 quod
1224 1664 1600 1736 unusquisque
1627 1679 1731 1736 per
1762 1681 1823 1718 se
1856 1663 2066 1719 intel-li-

263 1747 381 1817 git,
422 1749 495 1804 de
541 1749 741 1805 Persio
776 1765 994 1821 quoque
1027 1750 1082 1803 in
1119 1748 1436 1804 Illustribus
1467 1746 1606 1803 viris
1649 1752 1826 1804 actum
1857 1746 2063 1807 fuisse:

264 1846 380 1886 nam
431 1848 546 1903 qno
605 1849 749 1889 anno
794 1831 992 1902 aliquis
1034 1838 1090 1887 et
1130 1830 1225 1887 ubi
1270 1838 1429 1887 natus
1472 1831 1547 1885 sit
1580 1836 1970 1902 mortuusque,
2012 1829 2070 1885 id

263 1920 414 1969 certe
473 1932 549 1971 ne
610 1921 925 1989 postremus
973 1915 1193 1987 quidem
1244 1915 1395 1971 vitae
1461 1914 1702 1988 scri-pter
1743 1914 2068 1987 praetermi-

266 1999 415 2053 serit.

388 2083 603 2138 Verum
635 2081 742 2138 alia
778 2100 870 2139 res
904 2089 990 2137 est
1025 2084 1094 2139 de
1135 2080 1396 2145 Lucani
1437 2082 1585 2138 vita
1626 2100 1679 2154 p.
1712 2088 1834 2152 299,
1879 2089 1948 2143 13
1977 2099 2068 2138 re·
2090 2087 2247 2132 Lucani
2281 2088 2389 2146 vm,

266 2163 405 2236 lata,
448 2165 603 2220 unde
646 2182 709 2220 re
741 2161 962 2239 vera⁷⁵)
1003 2166 1373 2236 Hieronymus
1418 2182 1482 2221 ea
1512 2167 1683 2221 verba
1719 2183 1860 2238 quae
1901 2183 2069 2238 prae-

269 2249 558 2316 posuimus
591 2248 909 2320 exscripsit.
998 2248 1287 2305 Accedunt
1317 2247 1641 2304 Suetoniani
1674 2244 1972 2324 ingenii⁷⁸)
2002 2266 2068 2305 ae

267 2329 376 2385 stili
417 2338 531 2388 tam
577 2338 767 2402 aperta
800 2331 1072 2403 vestigia,
1122 2338 1183 2387 ut
1222 2331 1373 2387 docti
1415 2331 1669 2387 homines
1709 2338 1839 2404 post
1884 2331 2065 2388 Scali-

268 2411 548 2488 gerumn)
581 2413 966 2470 Casaubonum
996 2415 1323 2471 Salmasium
1367 2416 1438 2470 ad
1475 2431 1638 2469 unum
1669 2430 1858 2471 omnes
1890 2416 1960 2471 de
1992 2416 2064 2471 l-l·

269 2495 537 2554 lustribus
567 2497 705 2553 viris
751 2505 1066 2570 excerptam
1100 2515 1227 2554 esse
1264 2498 1668 2554 consenserint.
1753 2497 1941 2570 Neque
1985 2504 2068 2555 ta-

270 2595 520 2653 men-pro
553 2580 771 2651 integra
806 2581 1001 2636 haberi
1030 2582 1212 2637 debet.
1301 2580 1701 2636 Desiderantur
1733 2581 1875 2636 enim
1908 2581 2068 2639 initio

400 2759 497 2822 74)
544 2759 864 2809 Recentiores
917 2759 1031 2810 libri
1077 2767 1126 2809 et
1168 2758 1405 2823 impressi
1450 2757 1655 2808 Cornuti
1700 2771 1883 2807 nomen
1918 2773 2065 2823 prae·

271 2829 513 2894 scriptum
546 2827 747 2877 habent.

401 2896 495 2959 75)
526 2896 653 2945 Nam
674 2894 873 2945 diversa
908 2896 1034 2946 satis
1071 2911 1132 2945 ea
1156 2902 1274 2945 sunt
1310 2909 1438 2957 quae
1473 2895 1525 2944 in
1558 2895 1717 2945 altera
1738 2894 1929 2945 Lucani
1960 2896 2065 2945 vita

271 2965 532 3033 leguntur·
568 2980 724 3014 venas
753 2964 853 3014 sibi
880 2966 1150 3027 praecidit.

397 3034 492 3096 76)
542 3033 766 3097 Iniquior
799 3031 1076 3096 Tranquilli
1122 3034 1175 3082 iu
1212 3032 1470 3081 Lucanum
1501 3032 1700 3082 animus
1737 3032 2063 3096 eiusdemque

274 3100 330 3150 de
373 3101 566 3151 Seneca
606 3101 848 3151 iudicium
890 3102 1053 3150 acrius
1097 3100 1280 3165 (supra
1323 3115 1376 3165 p.
1416 3099 1547 3161 196,
1606 3098 1702 3165 35)
1743 3115 1774 3149 a
1820 3101 2064 3166 scriptore

276 3183 368 3219 uon
400 3169 669 3219 abhorrent
703 3170 1022 3232 antiquorum
1057 3168 1429 3219 studiosissimo
1464 3175 1514 3217 et
1551 3167 1840 3227 Quintiliani
1870 3169 1915 3218 si
1961 3183 2062 3219 uon

274 3237 533 3303 disciplina
566 3246 615 3287 at
646 3247 780 3287 certe
809 3237 991 3287 iudicio
1026 3237 1344 3286 admiratore.

400 3306 491 3369 77)
543 3307 599 3356 In
656 3306 949 3371 Appendice
1010 3305 1295 3370 virgiliana
1346 3303 1456 3354 sive
1513 3303 1776 3354 Catalectis
1823 3304 2061 3369 Lugduni

273 3387 316 3421 a.
349 3374 479 3425 1573
521 3374 670 3424 editis
692 3410 706 3432 ‚
744 3375 811 3423 ad
841 3373 1027 3424 Culicis
1069 3373 1284 3423 initium.
1354 3371 1564 3421 Iacobus
1596 3387 1796 3437 quoque
1833 3372 2061 3437 Bougar-

272 3442 374 3493 sius
405 3444 457 3493 iu
490 3443 663 3492 codice
693 3441 934 3491 Beruensi
968 3442 1035 3492 45
1078 3439 1363 3491 adnotavit:
1403 3446 1526 3501 puto
1559 3456 1593 3489 a
1623 3439 1859 3490 Suetonio
1899 3437 2063 3486 Tran-

273 3513 414 3573 quuo
440 3511 572 3562 Itane
589 3513 738 3562 vitam
762 3526 872 3562 esse
895 3510 1207 3573 deam-iptam·
