2553 3960
1115 273 1325 322 mano.
2109 269 2218 330 171

227 431 378 490 inter
418 426 722 488 sollemnia
766 431 1031 510 triumphi
1065 438 1481 510 prosequente.
1525 428 1590 489 In
1632 428 1783 488 hunc
1810 430 1950 490 dixit
1977 432 2227 493 Licinius

232 512 481 574 Crassus
507 520 703 594 orator
721 558 738 589 ,
772 531 897 574 non
921 532 1058 574 esse
1079 514 1460 590 mirandum,
1493 512 1659 592 quod
1683 529 1938 574 aeneam
1963 514 2228 577 barbam

225 595 518 671 haberet,
559 595 664 655 cui
702 613 775 657 03
813 596 1122 676 ferreum,
1170 616 1282 660 cor
1302 596 1654 677 plumbeum
1699 604 1875 657 essct.
1944 598 2123 660 Huius
2165 601 2225 659 fi-

228 682 339 742 lius
373 687 609 759 praetor
640 677 706 740 C.
739 679 1052 742 Caesarem
1086 681 1392 742 abeuntem
1435 680 1767 758 consulatu,
1812 699 1980 759 quem
2020 682 2225 744 adver-

174 781 201 821 s
230 784 328 826 sus
365 764 624 841 auspicia
657 763 945 844 legesque
974 768 1236 843 gessisse
1269 763 1733 841 existimabatur,
1777 763 1848 824 ad
1878 764 2224 845 disquisitio-

228 866 361 909 nem
386 856 618 907 senatus
642 851 904 918 vocavit;
939 866 1075 909 mox
1108 849 1309 909 consul
1335 851 1743 927 imperatorem
1770 847 1840 908 ab
1873 849 2226 909 exercitibus

228 932 470 994 Gallicis
497 930 799 991 retrahere
841 934 1172 1012 temptavit,
1220 948 1647 1010 successorque
1678 932 1732 991 ei
1776 948 1884 1010 per
1916 931 2226 994 factionem

228 1018 580 1091 nominatus,
644 1015 931 1094 principio
979 1016 1165 1077 civilis
1208 1016 1350 1077 belli
1389 1015 1462 1076 ad
1507 1013 1820 1078 Corfinium
1867 1025 2070 1094 captus
2114 1025 2223 1076 est.

228 1100 397 1162 Unde
429 1099 693 1159 dimissus
724 1099 1103 1161 Massiliensis
1135 1099 1439 1161 obsidione
1470 1099 1785 1160 laborantis
1825 1118 1951 1159 cum
1977 1100 2225 1160 adventu

161 1198 211 1240 1⁰
231 1201 336 1245 suo
369 1184 796 1260 confirmasset,
843 1194 1087 1264 repente
1119 1185 1407 1261 destituit,
1445 1184 1689 1261 acieque
1729 1182 1955 1243 demum
1984 1183 2226 1245 Pharsa-

229 1269 344 1329 lica
381 1267 680 1336 occubuit;
739 1271 826 1328 vir
870 1287 1057 1347 neque
1100 1272 1241 1329 satis
1284 1278 1552 1329 constans
1586 1276 1644 1326 et
1673 1267 1910 1344 ingenio
1943 1269 2126 1346 truci,
2171 1270 2229 1327 in

228 1352 640 1430 desperatione
668 1369 860 1410 rerum
898 1361 1141 1412 mortem
1173 1354 1381 1413 timore
1415 1353 1731 1431 appetitam
1759 1353 1834 1410 ita
1868 1354 2134 1430 expavit,
2169 1360 2230 1410 ut

229 1435 490 1495 haustum
528 1453 810 1494 venenum
846 1437 1198 1514 paenitentia
1244 1436 1565 1495 evomuerit
1607 1433 2004 1512 medicumque
2038 1453 2227 1493 mauu·

230 1519 480 1595 miserit,
516 1518 669 1597 quod
697 1518 807 1578 sibi
838 1518 1092 1596 prudeus
1124 1536 1196 1578 ac
1218 1519 1413 1576 sciens
1441 1517 1626 1575 minus
1653 1517 1884 1575 noxium
1911 1526 2227 1594 temperas-

161 1605 341 1663 tsset.
390 1598 765 1661 Consultante
800 1609 988 1659 autem
1021 1598 1141 1660 CN.
1176 1599 1456 1677 Pompeio
1486 1599 1559 1658 de
1602 1597 1807 1656 mediis
1857 1615 1926 1657 ac
1972 1608 2230 1659 neutram

234 1691 456 1763 partem
488 1683 896 1761 sequentibus,
930 1683 1090 1741 solus
1121 1684 1346 1741 censuit
1374 1681 1623 1741 hostium
1646 1697 1882 1740 numero
1907 1679 2226 1741 habendos·

359 1764 613 1843 Reliquit
644 1764 818 1824 lilium
850 1764 1110 1825 omnibus
1135 1766 1330 1841 gentis
1367 1782 1507 1825 suae
1543 1762 1749 1843 procul
1792 1762 1965 1823 dubio
1997 1764 2224 1843 praefe-
2250 1788 2284 1841 3

234 1848 491 1908 rendum.
534 1848 592 1907 Is
627 1849 775 1908 inter
819 1850 1090 1909 conscios
1134 1847 1520 1909 Caesarianae
1560 1847 1724 1906 necis
1771 1864 2109 1927 quamquam
2142 1850 2225 1907 in-

233 1951 374 1995 sons
413 1932 706 1994 damnatus
748 1933 884 2011 lege
927 1932 1130 2011 Pedia,
1177 1951 1306 1993 cum
1350 1933 1422 1994 ad
1471 1930 1731 1993 Cassium
1771 1931 2118 2012 Brutumque
2163 1949 2227 1992 se

155 2042 214 2084 20
234 2035 561 2098 propinqua
591 2016 701 2078 sibi
730 2019 1080 2095 cognatione
1110 2020 1339 2077 iunctos
1372 2015 1733 2093 contulisset,
1768 2025 1902 2095 post
1931 2018 2227 2096 utriusque

229 2103 515 2163 interitum
548 2102 794 2162 classem
826 2102 963 2161 olim
1000 2103 1365 2162 commissam
1401 2101 1657 2178 retinuit,
1697 2100 1852 2161 auxit
1878 2101 2081 2177 etiam,
2118 2117 2228 2159 nec

228 2187 337 2246 nisi
374 2185 629 2265 partibus
660 2185 869 2265 ubique
899 2186 1228 2265 profligatis
1254 2185 1331 2246 Μ.
1377 2183 1631 2245 Antonio
1674 2193 1882 2263 sponte
1928 2193 1986 2243 et
2027 2186 2256 2262 ingen·'

227 2272 302 2330 tis
331 2271 516 2330 meriti
547 2270 682 2331 loco
706 2269 970 2340 tradidit;
1004 2270 1284 2349 solusque
1317 2269 1563 2329 omnium
1593 2286 1668 2328 ex
1690 2270 1790 2345 iis,
1826 2269 1922 2347 qui
1939 2270 2063 2347 pari
2092 2268 2228 2345 lege

229 2354 474 2413 damnati
524 2362 722 2429 erant,
772 2355 1069 2414 restitutus
1111 2354 1168 2413 in
1214 2355 1486 2432 patriam,
1544 2352 1933 2431 amplissimos
1970 2351 2227 2412 honores

156 2457 213 2498 25
232 2438 623 2515 percucurrit;
658 2454 727 2496 ac
751 2435 991 2496 subinde
1016 2436 1409 2513 redintegrata
1433 2435 1801 2496 dissensione
1827 2434 2014 2511 civili,
2040 2436 2227 2495 eidem

227 2520 483 2580 Antonio
517 2519 784 2596 legatus,
822 2518 1068 2580 delatam
1100 2519 1207 2578 sibi
1251 2538 1522 2579 summam
1555 2520 1781 2598 imperii
1824 2517 1896 2577 ab
1929 2520 2029 2594 iis,
2081 2535 2227 2597 quos

229 2602 580 2680 Cleopatrae
606 2601 894 2681 pudebat,
926 2621 1115 2682 neque
1135 2605 1438 2682 suscipere
1462 2621 1652 2681 neque
1682 2619 1960 2662 recusare
1983 2602 2228 2662 fidenter

228 2694 476 2767 propter
512 2685 751 2765 subitam
795 2685 1163 2746 valitudinem
1201 2705 1405 2765 ausus,
1451 2687 1673 2747 transiit
1715 2685 1786 2745 ad
1816 2684 2139 2763 Augustum
2170 2691 2227 2743 et

228 2773 285 2829 in
312 2767 514 2829 diebus
544 2770 746 2847 paucis
771 2768 940 2846 obiit,
972 2770 1246 2831 nonnulla
1273 2780 1331 2831 et
1355 2772 1484 2850 ipse
1507 2770 1736 2842 infamia
1758 2786 2053 2848 aspersus.
2081 2768 2226 2828 Nam

154 2876 210 2920 so
229 2853 517 2914 Antonius
549 2869 678 2913 eum
709 2850 998 2914 desiderio
1030 2856 1248 2915 amicae
1286 2854 1571 2914 Serviliae
1610 2853 1810 2915 Naidis
1841 2852 2225 2930 transfugisse

227 2938 480 2997 iactavit.

347 3019 443 3081 Ex
472 3020 585 3081 hoc
605 3020 889 3081 Domitius
912 3022 1200 3097 nascitur,
1231 3038 1400 3100 quem
1427 3029 1746 3100 emptorem
1777 3019 2027 3080 familiae
2051 3035 2225 3096 pecu·
2249 3027 2282 3080 4

224 3106 474 3183 uiaeque
504 3107 565 3164 in
593 3113 936 3164 testamento
968 3104 1218 3181 Augusti
1246 3105 1430 3164 fuisse
1459 3122 1597 3165 mox
1624 3104 1806 3180 vulgo
1828 3110 2086 3163 notatum
2118 3110 2227 3179 est,

224 3205 342 3248 nou
373 3189 556 3248 minus
584 3188 883 3266 aurigandi
923 3197 1047 3248 arte
1081 3189 1139 3247 in
1170 3187 1566 3248 adulescentia
1600 3187 1793 3247 clarus
1826 3204 1993 3265 quam
2020 3185 2227 3245 deinde

154 3275 575 3334 „ornamentis
604 3270 1041 3351 triumphalibus
1074 3290 1149 3331 ex
1184 3271 1532 3332 Germanico
1577 3270 1760 3330 bello.
1819 3272 2036 3332 Verum
2068 3285 2226 3330 arro·

226 3372 407 3432 gans,
439 3356 744 3435 profusus,
790 3357 1019 3415 immitis
1051 3373 1356 3433 censorem
1384 3355 1446 3414 L.
1481 3353 1757 3415 Plancum
1791 3356 1883 3415 via
1915 3352 2022 3414 sibi
2055 3352 2226 3411 dece-

226 3436 368 3497 dere
395 3438 598 3499 aedilis
631 3440 857 3517 coegit;
912 3448 1219 3518 praeturae
1265 3438 1714 3517 consulatusque
1744 3438 1971 3498 honore
2002 3435 2228 3513 equites

221 3520 296 3581 R.
350 3530 756 3602 matronasque
812 3522 883 3583 ad
933 3523 1215 3600 agendum
1263 3522 1492 3582 mimum
1538 3520 1812 3602 produxit
1852 3523 1908 3580 in
1937 3534 2225 3579 scaenam.
