<?xml version="1.0" encoding="UTF-8"?>
<!DOCTYPE html PUBLIC "-//W3C//DTD XHTML 1.0 Transitional//EN"
    "http://www.w3.org/TR/xhtml1/DTD/xhtml1-transitional.dtd">
<html xmlns="http://www.w3.org/1999/xhtml" xml:lang="en" lang="en">
 <head>
  <title>
</title>
<meta http-equiv="Content-Type" content="text/html;charset=utf-8" />
  <meta name='ocr-system' content='tesseract 3.04.00' />
  <meta name='ocr-capabilities' content='ocr_page ocr_carea ocr_par ocr_line ocrx_word'/>
</head>
<body>
  <div class='ocr_page' id='page_1' title='image "./csuetonitranqui06rothgoog_0300.png"; bbox 0 0 2553 3960; ppageno 0'>
   <div class='ocr_carea' id='block_1_1' title="bbox 272 221 2127 296">
    <p class='ocr_par' dir='ltr' id='par_1_1' title="bbox 272 221 2127 296">
     <span class='ocr_line' id='line_1_1' title="bbox 272 221 2127 296; baseline -0.003 -11"><span class='ocrx_word' id='word_1_1' title='bbox 272 221 389 285; x_wconf 88' lang='lat'>188</span> <span class='ocrx_word' id='word_1_2' title='bbox 448 235 510 285; x_wconf 81' lang='lat' dir='ltr'>c.</span> <span class='ocrx_word' id='word_1_3' title='bbox 541 235 842 284; x_wconf 73' lang='lat' dir='ltr'>sumom</span> <span class='ocrx_word' id='word_1_4' title='bbox 881 235 1137 296; x_wconf 76' lang='lat' dir='ltr'><strong>TRANQ.</strong></span> <span class='ocrx_word' id='word_1_5' title='bbox 1170 236 1264 283; x_wconf 80' lang='lat' dir='ltr'>m:</span> <span class='ocrx_word' id='word_1_6' title='bbox 1296 235 1462 282; x_wconf 80' lang='lat' dir='ltr'>vrrA</span> <span class='ocrx_word' id='word_1_7' title='bbox 1493 234 1860 283; x_wconf 77' lang='lat' dir='ltr'>CAESARUM</span> <span class='ocrx_word' id='word_1_8' title='bbox 1889 235 2026 281; x_wconf 69' lang='grc' dir='ltr'>ΜΒ.</span> <span class='ocrx_word' id='word_1_9' title='bbox 2053 235 2127 281; x_wconf 83' lang='lat' dir='ltr'>v1</span> 
     </span>
    </p>
   </div>
   <div class='ocr_carea' id='block_1_2' title="bbox 190 377 2347 3575">
    <p class='ocr_par' dir='ltr' id='par_1_2' title="bbox 271 377 2311 803">
     <span class='ocr_line' id='line_1_2' title="bbox 272 377 2263 470; baseline -0.003 -18"><span class='ocrx_word' id='word_1_10' title='bbox 272 377 595 470; x_wconf 67' lang='lat' dir='ltr'>itur-‘umque</span> <span class='ocrx_word' id='word_1_11' title='bbox 650 391 841 469; x_wconf 88' lang='lat' dir='ltr'>potius</span> <span class='ocrx_word' id='word_1_12' title='bbox 885 408 1055 469; x_wconf 86' lang='lat' dir='ltr'>quam</span> <span class='ocrx_word' id='word_1_13' title='bbox 1092 391 1415 451; x_wconf 90' lang='lat' dir='ltr'>nociturum</span> <span class='ocrx_word' id='word_1_14' title='bbox 1454 392 1526 454; x_wconf 87' lang='lat' dir='ltr'>ei.</span> <span class='ocrx_word' id='word_1_15' title='bbox 1599 389 1786 449; x_wconf 89' lang='lat' dir='ltr'>Burro</span> <span class='ocrx_word' id='word_1_16' title='bbox 1827 388 2130 467; x_wconf 84' lang='lat' dir='ltr'>praefecto</span> <span class='ocrx_word' id='word_1_17' title='bbox 2172 406 2263 448; x_wconf 91' lang='lat' dir='ltr'>re-</span> 
     </span>
     <span class='ocr_line' id='line_1_3' title="bbox 271 471 2268 553; baseline -0.002 -18"><span class='ocrx_word' id='word_1_18' title='bbox 271 474 519 535; x_wconf 82' lang='lat' dir='ltr'>medium</span> <span class='ocrx_word' id='word_1_19' title='bbox 548 475 621 535; x_wconf 90' lang='lat' dir='ltr'>ad</span> <span class='ocrx_word' id='word_1_20' title='bbox 661 474 865 535; x_wconf 80' lang='lat' dir='ltr'>fauces</span> <span class='ocrx_word' id='word_1_21' title='bbox 907 474 1233 553; x_wconf 70' lang='lat' dir='ltr'>pollicitae,</span> <span class='ocrx_word' id='word_1_22' title='bbox 1279 476 1535 534; x_wconf 87' lang='lat' dir='ltr'>toxicum</span> <span class='ocrx_word' id='word_1_23' title='bbox 1579 473 1749 533; x_wconf 84' lang='lat' dir='ltr'>misit.</span> <span class='ocrx_word' id='word_1_24' title='bbox 1815 471 2084 533; x_wconf 91' lang='lat' dir='ltr'>Libertos</span> <span class='ocrx_word' id='word_1_25' title='bbox 2125 471 2268 531; x_wconf 83' lang='lat' dir='ltr'>divi·</span> 
     </span>
     <span class='ocr_line' id='line_1_4' title="bbox 273 555 2271 636; baseline -0.003 -17"><span class='ocrx_word' id='word_1_26' title='bbox 273 569 363 620; x_wconf 85' lang='lat' dir='ltr'>tes</span> <span class='ocrx_word' id='word_1_27' title='bbox 393 567 453 618; x_wconf 89' lang='lat' dir='ltr'>et</span> <span class='ocrx_word' id='word_1_28' title='bbox 487 577 693 636; x_wconf 84' lang='lat' dir='ltr'>senes,</span> <span class='ocrx_word' id='word_1_29' title='bbox 723 559 858 618; x_wconf 92' lang='lat' dir='ltr'>olim</span> <span class='ocrx_word' id='word_1_30' title='bbox 886 557 1218 636; x_wconf 89' lang='lat' dir='ltr'>adoptionis</span> <span class='ocrx_word' id='word_1_31' title='bbox 1248 575 1387 618; x_wconf 87' lang='lat' dir='ltr'>mox</span> <span class='ocrx_word' id='word_1_32' title='bbox 1416 557 1817 617; x_wconf 87' lang='lat' dir='ltr'>dominationis</span> <span class='ocrx_word' id='word_1_33' title='bbox 1847 574 1986 616; x_wconf 86' lang='lat' dir='ltr'>suae</span> <span class='ocrx_word' id='word_1_34' title='bbox 2013 555 2271 616; x_wconf 77' lang='lat' dir='ltr'><strong>fautores</strong></span> 
     </span>
     <span class='ocr_line' id='line_1_5' title="bbox 274 640 2268 722; baseline -0.003 -18"><span class='ocrx_word' id='word_1_35' title='bbox 274 652 446 722; x_wconf 88' lang='lat' dir='ltr'>atque</span> <span class='ocrx_word' id='word_1_36' title='bbox 474 651 766 720; x_wconf 84' lang='lat' dir='ltr'>rectores,</span> <span class='ocrx_word' id='word_1_37' title='bbox 810 659 1072 719; x_wconf 85' lang='lat' dir='ltr'>veneno,</span> <span class='ocrx_word' id='word_1_38' title='bbox 1123 643 1327 721; x_wconf 89' lang='lat' dir='ltr'>partim</span> <span class='ocrx_word' id='word_1_39' title='bbox 1379 641 1522 701; x_wconf 80' lang='lat' dir='ltr'><strong>cibis</strong></span> <span class='ocrx_word' id='word_1_40' title='bbox 1567 641 1773 720; x_wconf 90' lang='lat' dir='ltr'>partim</span> <span class='ocrx_word' id='word_1_41' title='bbox 1813 640 2145 721; x_wconf 87' lang='lat' dir='ltr'>potionibus</span> <span class='ocrx_word' id='word_1_42' title='bbox 2186 640 2268 699; x_wconf 88' lang='lat' dir='ltr'>in·</span> 
     </span>
     <span class='ocr_line' id='line_1_6' title="bbox 276 727 2311 803; baseline -0.001 -17"><span class='ocrx_word' id='word_1_43' title='bbox 276 727 429 803; x_wconf 88' lang='lat' dir='ltr'>dito,</span> <span class='ocrx_word' id='word_1_44' title='bbox 458 727 783 803; x_wconf 82' lang='lat' dir='ltr'>intercepit.</span> <span class='ocrx_word' id='word_1_45' title='bbox 1129 754 1139 760; x_wconf 92' lang='lat'><strong>·</strong></span> <span class='ocrx_word' id='word_1_46' title='bbox 1992 765 1999 769; x_wconf 82' lang='lat'>-</span> <span class='ocrx_word' id='word_1_47' title='bbox 2154 764 2162 770; x_wconf 89' lang='lat'><em>-</em></span> <span class='ocrx_word' id='word_1_48' title='bbox 2285 737 2311 777; x_wconf 87' lang='lat'>⁵</span> 
     </span>
    </p>

    <p class='ocr_par' dir='ltr' id='par_1_3' title="bbox 190 808 2345 2148">
     <span class='ocr_line' id='line_1_7' title="bbox 190 808 2267 887; baseline -0.003 -16"><span class='ocrx_word' id='word_1_49' title='bbox 190 823 259 880; x_wconf 80' lang='lat'>36</span> <span class='ocrx_word' id='word_1_50' title='bbox 397 809 528 871; x_wconf 87' lang='lat' dir='ltr'>Nec</span> <span class='ocrx_word' id='word_1_51' title='bbox 569 812 792 871; x_wconf 89' lang='lat' dir='ltr'>minore</span> <span class='ocrx_word' id='word_1_52' title='bbox 836 809 1079 871; x_wconf 85' lang='lat' dir='ltr'>saevitia</span> <span class='ocrx_word' id='word_1_53' title='bbox 1106 808 1260 869; x_wconf 80' lang='lat' dir='ltr'>&#39;foris</span> <span class='ocrx_word' id='word_1_54' title='bbox 1304 819 1361 869; x_wconf 89' lang='lat' dir='ltr'>et</span> <span class='ocrx_word' id='word_1_55' title='bbox 1414 809 1471 868; x_wconf 93' lang='lat' dir='ltr'>in</span> <span class='ocrx_word' id='word_1_56' title='bbox 1522 818 1760 871; x_wconf 87' lang='lat' dir='ltr'>exteros</span> <span class='ocrx_word' id='word_1_57' title='bbox 1809 816 2109 887; x_wconf 77' lang='lat' dir='ltr'>grassatus</span> <span class='ocrx_word' id='word_1_58' title='bbox 2157 815 2267 867; x_wconf 89' lang='lat' dir='ltr'>est.</span> 
     </span>
     <span class='ocr_line' id='line_1_8' title="bbox 277 889 2268 973; baseline -0.003 -18"><span class='ocrx_word' id='word_1_59' title='bbox 277 894 461 956; x_wconf 87' lang='lat' dir='ltr'><strong>Stella</strong></span> <span class='ocrx_word' id='word_1_60' title='bbox 495 896 729 972; x_wconf 89' lang='lat' dir='ltr'>crinita,</span> <span class='ocrx_word' id='word_1_61' title='bbox 774 912 922 973; x_wconf 89' lang='lat' dir='ltr'>quae</span> <span class='ocrx_word' id='word_1_62' title='bbox 969 895 1200 954; x_wconf 91' lang='lat' dir='ltr'>summis</span> <span class='ocrx_word' id='word_1_63' title='bbox 1241 893 1625 972; x_wconf 78' lang='lat' dir='ltr'>potestatibus</span> <span class='ocrx_word' id='word_1_64' title='bbox 1656 894 1889 953; x_wconf 87' lang='lat' dir='ltr'>exitium</span> <span class='ocrx_word' id='word_1_65' title='bbox 1919 889 2268 972; x_wconf 82' lang='lat' dir='ltr'>portendere</span> 
     </span>
     <span class='ocr_line' id='line_1_9' title="bbox 276 974 2270 1057; baseline -0.003 -19"><span class='ocrx_word' id='word_1_66' title='bbox 276 978 456 1056; x_wconf 85' lang='lat' dir='ltr'>vulgo</span> <span class='ocrx_word' id='word_1_67' title='bbox 489 987 747 1057; x_wconf 87' lang='lat' dir='ltr'>putatur,</span> <span class='ocrx_word' id='word_1_68' title='bbox 794 997 902 1057; x_wconf 88' lang='lat' dir='ltr'>per</span> <span class='ocrx_word' id='word_1_69' title='bbox 946 980 1244 1038; x_wconf 89' lang='lat' dir='ltr'>continuas</span> <span class='ocrx_word' id='word_1_70' title='bbox 1276 987 1480 1037; x_wconf 91' lang='lat' dir='ltr'>noctes</span> <span class='ocrx_word' id='word_1_71' title='bbox 1511 979 1651 1037; x_wconf 90' lang='lat' dir='ltr'>oriri</span> <span class='ocrx_word' id='word_1_72' title='bbox 1683 986 1985 1056; x_wconf 87' lang='lat' dir='ltr'>coeperat.</span> <span class='ocrx_word' id='word_1_73' title='bbox 2043 974 2270 1035; x_wconf 82' lang='lat' dir='ltr'>Anxius</span> 
     </span>
     <span class='ocr_line' id='line_1_10' title="bbox 280 1057 2271 1139; baseline -0.003 -16"><span class='ocrx_word' id='word_1_74' title='bbox 280 1081 350 1123; x_wconf 90' lang='lat' dir='ltr'>ea</span> <span class='ocrx_word' id='word_1_75' title='bbox 391 1081 490 1139; x_wconf 90' lang='lat' dir='ltr'>re,</span> <span class='ocrx_word' id='word_1_76' title='bbox 537 1071 599 1122; x_wconf 92' lang='lat' dir='ltr'>ut</span> <span class='ocrx_word' id='word_1_77' title='bbox 642 1080 717 1121; x_wconf 87' lang='lat' dir='ltr'>ex</span> <span class='ocrx_word' id='word_1_78' title='bbox 760 1060 1006 1124; x_wconf 86' lang='lat' dir='ltr'>Balbillo</span> <span class='ocrx_word' id='word_1_79' title='bbox 1056 1061 1364 1138; x_wconf 83' lang='lat' dir='ltr'>astrologo</span> <span class='ocrx_word' id='word_1_80' title='bbox 1407 1060 1635 1138; x_wconf 83' lang='lat' dir='ltr'>didicit,</span> <span class='ocrx_word' id='word_1_81' title='bbox 1679 1058 2097 1137; x_wconf 70' lang='lat' dir='ltr'>solere‘reges</span> <span class='ocrx_word' id='word_1_82' title='bbox 2134 1057 2271 1119; x_wconf 87' lang='lat' dir='ltr'>talia</span> 
     </span>
     <span class='ocr_line' id='line_1_11' title="bbox 279 1131 2343 1225; baseline -0.002 -19"><span class='ocrx_word' id='word_1_83' title='bbox 279 1153 503 1206; x_wconf 88' lang='lat' dir='ltr'>ostenta</span> <span class='ocrx_word' id='word_1_84' title='bbox 536 1145 715 1206; x_wconf 88' lang='lat' dir='ltr'>caede</span> <span class='ocrx_word' id='word_1_85' title='bbox 745 1146 934 1225; x_wconf 87' lang='lat' dir='ltr'>aliqua</span> <span class='ocrx_word' id='word_1_86' title='bbox 971 1145 1179 1206; x_wconf 84' lang='lat' dir='ltr'>illustri</span> <span class='ocrx_word' id='word_1_87' title='bbox 1223 1146 1464 1224; x_wconf 87' lang='lat' dir='ltr'>expiare</span> <span class='ocrx_word' id='word_1_88' title='bbox 1503 1154 1675 1224; x_wconf 89' lang='lat' dir='ltr'>atque</span> <span class='ocrx_word' id='word_1_89' title='bbox 1709 1164 1743 1206; x_wconf 91' lang='lat' dir='ltr'>a</span> <span class='ocrx_word' id='word_1_90' title='bbox 1778 1153 1964 1205; x_wconf 88' lang='lat' dir='ltr'>semet</span> <span class='ocrx_word' id='word_1_91' title='bbox 1990 1145 2048 1203; x_wconf 93' lang='lat' dir='ltr'>in</span> <span class='ocrx_word' id='word_1_92' title='bbox 2080 1131 2343 1220; x_wconf 76' lang='lat' dir='ltr'>capi‘tato</span> 
     </span>
     <span class='ocr_line' id='line_1_12' title="bbox 281 1227 2268 1308; baseline -0.002 -19"><span class='ocrx_word' id='word_1_93' title='bbox 281 1245 591 1308; x_wconf 89' lang='lat' dir='ltr'>procerum</span> <span class='ocrx_word' id='word_1_94' title='bbox 632 1228 967 1306; x_wconf 83' lang='lat' dir='ltr'>depellere,</span> <span class='ocrx_word' id='word_1_95' title='bbox 1021 1228 1382 1289; x_wconf 86' lang='lat' dir='ltr'>nobilissimo</span> <span class='ocrx_word' id='word_1_96' title='bbox 1427 1230 1636 1307; x_wconf 91' lang='lat' dir='ltr'>cuique</span> <span class='ocrx_word' id='word_1_97' title='bbox 1665 1229 1895 1289; x_wconf 86' lang='lat' dir='ltr'>exitium</span> <span class='ocrx_word' id='word_1_98' title='bbox 1935 1227 2268 1295; x_wconf 84' lang='lat' dir='ltr'>destinavit;</span> 
     </span>
     <span class='ocr_line' id='line_1_13' title="bbox 284 1308 2272 1392; baseline -0.002 -20"><span class='ocrx_word' id='word_1_99' title='bbox 284 1313 581 1372; x_wconf 82' lang='lat' dir='ltr'>enimvero</span> <span class='ocrx_word' id='word_1_100' title='bbox 627 1310 805 1372; x_wconf 90' lang='lat' dir='ltr'>multo</span> <span class='ocrx_word' id='word_1_101' title='bbox 855 1314 1044 1389; x_wconf 87' lang='lat' dir='ltr'>magis</span> <span class='ocrx_word' id='word_1_102' title='bbox 1086 1321 1143 1374; x_wconf 84' lang='lat' dir='ltr'>et</span> <span class='ocrx_word' id='word_1_103' title='bbox 1186 1314 1350 1391; x_wconf 89' lang='lat' dir='ltr'>quasi</span> <span class='ocrx_word' id='word_1_104' title='bbox 1394 1330 1501 1392; x_wconf 92' lang='lat' dir='ltr'>per</span> <span class='ocrx_word' id='word_1_105' title='bbox 1544 1314 1749 1373; x_wconf 89' lang='lat' dir='ltr'>iustam</span> <span class='ocrx_word' id='word_1_106' title='bbox 1791 1330 2020 1372; x_wconf 90' lang='lat' dir='ltr'>causam</span> <span class='ocrx_word' id='word_1_107' title='bbox 2050 1308 2272 1370; x_wconf 88' lang='lat' dir='ltr'>duabus</span> 
     </span>
     <span class='ocr_line' id='line_1_14' title="bbox 284 1392 2271 1477; baseline -0.002 -22"><span class='ocrx_word' id='word_1_108' title='bbox 284 1395 774 1457; x_wconf 86' lang='lat' dir='ltr'>coniurationibus</span> <span class='ocrx_word' id='word_1_109' title='bbox 827 1396 1225 1475; x_wconf 85' lang='lat' dir='ltr'>provulgatis,</span> <span class='ocrx_word' id='word_1_110' title='bbox 1281 1414 1517 1475; x_wconf 90' lang='lat' dir='ltr'>quarum</span> <span class='ocrx_word' id='word_1_111' title='bbox 1566 1397 1726 1476; x_wconf 92' lang='lat' dir='ltr'>prior</span> <span class='ocrx_word' id='word_1_112' title='bbox 1770 1396 2070 1474; x_wconf 88' lang='lat' dir='ltr'>maiorque</span> <span class='ocrx_word' id='word_1_113' title='bbox 2100 1392 2271 1477; x_wconf 26' lang='lat' dir='ltr'>,Piso-</span> 
     </span>
     <span class='ocr_line' id='line_1_15' title="bbox 280 1480 2271 1559; baseline -0.002 -20"><span class='ocrx_word' id='word_1_114' title='bbox 280 1481 448 1540; x_wconf 88' lang='lat' dir='ltr'>niana</span> <span class='ocrx_word' id='word_1_115' title='bbox 481 1480 744 1555; x_wconf 75' lang='lat' dir='ltr'>Romae,</span> <span class='ocrx_word' id='word_1_116' title='bbox 788 1481 1082 1559; x_wconf 86' lang='lat' dir='ltr'>posterior</span> <span class='ocrx_word' id='word_1_117' title='bbox 1109 1481 1405 1540; x_wconf 84' lang='lat' dir='ltr'>Viniciana</span> <span class='ocrx_word' id='word_1_118' title='bbox 1444 1480 1764 1540; x_wconf 87' lang='lat' dir='ltr'>Beneventi</span> <span class='ocrx_word' id='word_1_119' title='bbox 1807 1480 2055 1540; x_wconf 87' lang='lat' dir='ltr'>conflata</span> <span class='ocrx_word' id='word_1_120' title='bbox 2097 1486 2271 1556; x_wconf 89' lang='lat' dir='ltr'>atque</span> 
     </span>
     <span class='ocr_line' id='line_1_16' title="bbox 282 1562 2345 1644; baseline -0.002 -21"><span class='ocrx_word' id='word_1_121' title='bbox 282 1564 509 1624; x_wconf 86' lang='lat' dir='ltr'>detecta</span> <span class='ocrx_word' id='word_1_122' title='bbox 539 1572 648 1624; x_wconf 89' lang='lat' dir='ltr'>est.</span> <span class='ocrx_word' id='word_1_123' title='bbox 713 1562 1005 1625; x_wconf 86' lang='lat' dir='ltr'>Coniurati</span> <span class='ocrx_word' id='word_1_124' title='bbox 1033 1583 1066 1624; x_wconf 91' lang='lat' dir='ltr'>e</span> <span class='ocrx_word' id='word_1_125' title='bbox 1100 1564 1345 1625; x_wconf 82' lang='lat' dir='ltr'>vinculis</span> <span class='ocrx_word' id='word_1_126' title='bbox 1369 1564 1679 1644; x_wconf 57' lang='lat' dir='ltr'>triplicium</span> <span class='ocrx_word' id='word_1_127' title='bbox 1708 1573 2034 1625; x_wconf 88' lang='lat' dir='ltr'>catenarum</span> <span class='ocrx_word' id='word_1_128' title='bbox 2063 1562 2266 1622; x_wconf 86' lang='lat' dir='ltr'>dixere</span> <span class='ocrx_word' id='word_1_129' title='bbox 2295 1578 2345 1619; x_wconf 68' lang='grc' dir='ltr'>ιε</span> 
     </span>
     <span class='ocr_line' id='line_1_17' title="bbox 283 1644 2271 1730; baseline -0.002 -23"><span class='ocrx_word' id='word_1_130' title='bbox 283 1666 544 1725; x_wconf 88' lang='lat' dir='ltr'>causam,</span> <span class='ocrx_word' id='word_1_131' title='bbox 585 1666 711 1708; x_wconf 88' lang='lat' dir='ltr'>cum</span> <span class='ocrx_word' id='word_1_132' title='bbox 748 1648 974 1727; x_wconf 88' lang='lat' dir='ltr'>quidam</span> <span class='ocrx_word' id='word_1_133' title='bbox 1003 1648 1154 1709; x_wconf 89' lang='lat' dir='ltr'>ultro</span> <span class='ocrx_word' id='word_1_134' title='bbox 1186 1649 1403 1730; x_wconf 79' lang='lat' dir='ltr'>crimen</span> <span class='ocrx_word' id='word_1_135' title='bbox 1429 1649 1778 1726; x_wconf 87' lang='lat' dir='ltr'>faterentur,</span> <span class='ocrx_word' id='word_1_136' title='bbox 1807 1646 2065 1708; x_wconf 92' lang='lat' dir='ltr'>nonnulli</span> <span class='ocrx_word' id='word_1_137' title='bbox 2099 1644 2271 1705; x_wconf 89' lang='lat' dir='ltr'>etiam</span> 
     </span>
     <span class='ocr_line' id='line_1_18' title="bbox 281 1731 2269 1811; baseline -0.001 -20"><span class='ocrx_word' id='word_1_138' title='bbox 281 1734 644 1810; x_wconf 82' lang='lat' dir='ltr'>imputarent,</span> <span class='ocrx_word' id='word_1_139' title='bbox 681 1740 964 1811; x_wconf 88' lang='lat' dir='ltr'>tamquam</span> <span class='ocrx_word' id='word_1_140' title='bbox 997 1731 1178 1794; x_wconf 80' lang='lat' dir='ltr'>aliter</span> <span class='ocrx_word' id='word_1_141' title='bbox 1205 1732 1303 1793; x_wconf 77' lang='lat' dir='ltr'>illi</span> <span class='ocrx_word' id='word_1_142' title='bbox 1324 1751 1449 1794; x_wconf 81' lang='lat' dir='ltr'>non</span> <span class='ocrx_word' id='word_1_143' title='bbox 1482 1738 1738 1811; x_wconf 74' lang='lat' dir='ltr'>possent</span> <span class='ocrx_word' id='word_1_144' title='bbox 1760 1731 1886 1793; x_wconf 75' lang='lat' dir='ltr'>nisi</span> <span class='ocrx_word' id='word_1_145' title='bbox 1910 1737 2106 1792; x_wconf 83' lang='lat' dir='ltr'>morte</span> <span class='ocrx_word' id='word_1_146' title='bbox 2133 1745 2269 1790; x_wconf 75' lang='lat' dir='ltr'>suc-</span> 
     </span>
     <span class='ocr_line' id='line_1_19' title="bbox 282 1811 2271 1896; baseline -0.003 -19"><span class='ocrx_word' id='word_1_147' title='bbox 282 1833 536 1877; x_wconf 78' lang='lat' dir='ltr'>currere</span> <span class='ocrx_word' id='word_1_148' title='bbox 577 1814 949 1878; x_wconf 75' lang='lat' dir='ltr'>dedecorato</span> <span class='ocrx_word' id='word_1_149' title='bbox 994 1814 1253 1896; x_wconf 74' lang='lat' dir='ltr'>flayitiis</span> <span class='ocrx_word' id='word_1_150' title='bbox 1299 1816 1596 1879; x_wconf 74' lang='lat' dir='ltr'>omnibus.</span> <span class='ocrx_word' id='word_1_151' title='bbox 1657 1814 2065 1885; x_wconf 78' lang='lat' dir='ltr'>Damnatorum</span> <span class='ocrx_word' id='word_1_152' title='bbox 2100 1811 2271 1873; x_wconf 87' lang='lat' dir='ltr'>liberi</span> 
     </span>
     <span class='ocr_line' id='line_1_20' title="bbox 282 1895 2271 1980; baseline -0.002 -22"><span class='ocrx_word' id='word_1_153' title='bbox 282 1899 425 1959; x_wconf 87' lang='lat' dir='ltr'>urbe</span> <span class='ocrx_word' id='word_1_154' title='bbox 468 1899 622 1977; x_wconf 90' lang='lat' dir='ltr'>pulsi</span> <span class='ocrx_word' id='word_1_155' title='bbox 672 1902 978 1980; x_wconf 92' lang='lat' dir='ltr'>enectique</span> <span class='ocrx_word' id='word_1_156' title='bbox 1024 1918 1250 1960; x_wconf 88' lang='lat' dir='ltr'>veneno</span> <span class='ocrx_word' id='word_1_157' title='bbox 1294 1910 1387 1960; x_wconf 89' lang='lat' dir='ltr'>aut</span> <span class='ocrx_word' id='word_1_158' title='bbox 1437 1901 1618 1970; x_wconf 90' lang='lat' dir='ltr'>fame;</span> <span class='ocrx_word' id='word_1_159' title='bbox 1673 1908 1932 1978; x_wconf 86' lang='lat' dir='ltr'>constat,</span> <span class='ocrx_word' id='word_1_160' title='bbox 1990 1895 2271 1977; x_wconf 90' lang='lat' dir='ltr'>quosdam</span> 
     </span>
     <span class='ocr_line' id='line_1_21' title="bbox 284 1977 2340 2066; baseline -0.001 -23"><span class='ocrx_word' id='word_1_161' title='bbox 284 2002 411 2044; x_wconf 92' lang='lat' dir='ltr'>cum</span> <span class='ocrx_word' id='word_1_162' title='bbox 439 1983 800 2063; x_wconf 88' lang='lat' dir='ltr'>paedagogis</span> <span class='ocrx_word' id='word_1_163' title='bbox 828 1994 884 2045; x_wconf 89' lang='lat' dir='ltr'>et</span> <span class='ocrx_word' id='word_1_164' title='bbox 913 1987 1173 2063; x_wconf 87' lang='lat' dir='ltr'>capsaris</span> <span class='ocrx_word' id='word_1_165' title='bbox 1198 2003 1310 2045; x_wconf 92' lang='lat' dir='ltr'>uno</span> <span class='ocrx_word' id='word_1_166' title='bbox 1335 1985 1575 2064; x_wconf 86' lang='lat' dir='ltr'>prandio</span> <span class='ocrx_word' id='word_1_167' title='bbox 1598 1985 1817 2066; x_wconf 84' lang='lat' dir='ltr'>pariter</span> <span class='ocrx_word' id='word_1_168' title='bbox 1836 1993 2094 2061; x_wconf 77' lang='lat' dir='ltr'>necatoS,</span> <span class='ocrx_word' id='word_1_169' title='bbox 2118 1977 2269 2043; x_wconf 89' lang='lat' dir='ltr'>alios</span> <span class='ocrx_word' id='word_1_170' title='bbox 2286 1998 2340 2040; x_wconf 84' lang='lat'>20</span> 
     </span>
     <span class='ocr_line' id='line_1_22' title="bbox 284 2067 1473 2148; baseline 0.002 -21"><span class='ocrx_word' id='word_1_171' title='bbox 284 2069 540 2128; x_wconf 91' lang='lat' dir='ltr'>diurnum</span> <span class='ocrx_word' id='word_1_172' title='bbox 573 2070 783 2128; x_wconf 87' lang='lat' dir='ltr'>victum</span> <span class='ocrx_word' id='word_1_173' title='bbox 814 2067 1139 2148; x_wconf 87' lang='lat' dir='ltr'>prohibitos</span> <span class='ocrx_word' id='word_1_174' title='bbox 1169 2086 1473 2146; x_wconf 87' lang='lat' dir='ltr'>quaerere.</span> 
     </span>
    </p>

    <p class='ocr_par' dir='ltr' id='par_1_4' title="bbox 197 2146 2347 3575">
     <span class='ocr_line' id='line_1_23' title="bbox 197 2146 2270 2230; baseline -0.004 -16"><span class='ocrx_word' id='word_1_175' title='bbox 197 2160 264 2216; x_wconf 80' lang='lat'>37</span> <span class='ocrx_word' id='word_1_176' title='bbox 407 2151 615 2211; x_wconf 91' lang='lat' dir='ltr'>Nullus</span> <span class='ocrx_word' id='word_1_177' title='bbox 659 2151 904 2230; x_wconf 89' lang='lat' dir='ltr'>posthac</span> <span class='ocrx_word' id='word_1_178' title='bbox 944 2152 1228 2213; x_wconf 86' lang='lat' dir='ltr'>adhibitus</span> <span class='ocrx_word' id='word_1_179' title='bbox 1273 2152 1522 2213; x_wconf 88' lang='lat' dir='ltr'>dilectus</span> <span class='ocrx_word' id='word_1_180' title='bbox 1552 2162 1646 2213; x_wconf 90' lang='lat' dir='ltr'>aut</span> <span class='ocrx_word' id='word_1_181' title='bbox 1674 2152 1878 2214; x_wconf 90' lang='lat' dir='ltr'>modus</span> <span class='ocrx_word' id='word_1_182' title='bbox 1910 2146 2270 2212; x_wconf 87' lang='lat' dir='ltr'>interimendi</span> 
     </span>
     <span class='ocr_line' id='line_1_24' title="bbox 286 2231 2269 2315; baseline -0.002 -22"><span class='ocrx_word' id='word_1_183' title='bbox 286 2252 682 2314; x_wconf 89' lang='lat' dir='ltr'>quoscumque</span> <span class='ocrx_word' id='word_1_184' title='bbox 719 2234 982 2295; x_wconf 88' lang='lat' dir='ltr'>libuisset</span> <span class='ocrx_word' id='word_1_185' title='bbox 1028 2254 1387 2315; x_wconf 87' lang='lat' dir='ltr'>quacumque</span> <span class='ocrx_word' id='word_1_186' title='bbox 1423 2236 1494 2296; x_wconf 90' lang='lat' dir='ltr'>de</span> <span class='ocrx_word' id='word_1_187' title='bbox 1527 2256 1719 2298; x_wconf 90' lang='lat' dir='ltr'>causa.</span> <span class='ocrx_word' id='word_1_188' title='bbox 1777 2235 1894 2298; x_wconf 90' lang='lat' dir='ltr'>Sed</span> <span class='ocrx_word' id='word_1_189' title='bbox 1928 2253 2001 2296; x_wconf 89' lang='lat' dir='ltr'>ne</span> <span class='ocrx_word' id='word_1_190' title='bbox 2033 2234 2105 2295; x_wconf 90' lang='lat' dir='ltr'>de</span> <span class='ocrx_word' id='word_1_191' title='bbox 2143 2231 2269 2312; x_wconf 92' lang='lat' dir='ltr'>plu-</span> 
     </span>
     <span class='ocr_line' id='line_1_25' title="bbox 282 2318 2270 2400; baseline -0.003 -21"><span class='ocrx_word' id='word_1_192' title='bbox 282 2318 442 2379; x_wconf 91' lang='lat' dir='ltr'>ribus</span> <span class='ocrx_word' id='word_1_193' title='bbox 470 2318 756 2395; x_wconf 88' lang='lat' dir='ltr'>referam,</span> <span class='ocrx_word' id='word_1_194' title='bbox 789 2319 1120 2381; x_wconf 85' lang='lat' dir='ltr'>Salvidieno</span> <span class='ocrx_word' id='word_1_195' title='bbox 1155 2320 1336 2380; x_wconf 87' lang='lat' dir='ltr'>Orfito</span> <span class='ocrx_word' id='word_1_196' title='bbox 1374 2321 1662 2382; x_wconf 91' lang='lat' dir='ltr'>obiectum</span> <span class='ocrx_word' id='word_1_197' title='bbox 1694 2330 1783 2381; x_wconf 90' lang='lat' dir='ltr'>est</span> <span class='ocrx_word' id='word_1_198' title='bbox 1815 2321 1967 2400; x_wconf 90' lang='lat' dir='ltr'>quod</span> <span class='ocrx_word' id='word_1_199' title='bbox 1998 2318 2270 2378; x_wconf 87' lang='lat' dir='ltr'>tabernas</span> 
     </span>
     <span class='ocr_line' id='line_1_26' title="bbox 283 2400 2345 2466; baseline 0.001 -4"><span class='ocrx_word' id='word_1_200' title='bbox 283 2412 405 2463; x_wconf 93' lang='lat' dir='ltr'>tres</span> <span class='ocrx_word' id='word_1_201' title='bbox 435 2400 507 2461; x_wconf 93' lang='lat' dir='ltr'>de</span> <span class='ocrx_word' id='word_1_202' title='bbox 540 2401 712 2463; x_wconf 90' lang='lat' dir='ltr'>domo</span> <span class='ocrx_word' id='word_1_203' title='bbox 744 2421 844 2463; x_wconf 91' lang='lat' dir='ltr'>sua</span> <span class='ocrx_word' id='word_1_204' title='bbox 880 2406 1035 2465; x_wconf 90' lang='lat' dir='ltr'>circa</span> <span class='ocrx_word' id='word_1_205' title='bbox 1067 2406 1254 2465; x_wconf 87' lang='lat' dir='ltr'>forum</span> <span class='ocrx_word' id='word_1_206' title='bbox 1287 2405 1613 2465; x_wconf 87' lang='lat' dir='ltr'>civitatibus</span> <span class='ocrx_word' id='word_1_207' title='bbox 1649 2403 1720 2465; x_wconf 91' lang='lat' dir='ltr'>ad</span> <span class='ocrx_word' id='word_1_208' title='bbox 1752 2406 2055 2465; x_wconf 88' lang='lat' dir='ltr'>stationem</span> <span class='ocrx_word' id='word_1_209' title='bbox 2084 2400 2270 2461; x_wconf 89' lang='lat' dir='ltr'>locas·</span> <span class='ocrx_word' id='word_1_210' title='bbox 2292 2426 2345 2466; x_wconf 84' lang='lat'>25</span> 
     </span>
     <span class='ocr_line' id='line_1_27' title="bbox 285 2482 2277 2565; baseline -0.002 -19"><span class='ocrx_word' id='word_1_211' title='bbox 285 2495 392 2563; x_wconf 90' lang='lat' dir='ltr'>set,</span> <span class='ocrx_word' id='word_1_212' title='bbox 427 2483 634 2546; x_wconf 87' lang='lat' dir='ltr'>Cassio</span> <span class='ocrx_word' id='word_1_213' title='bbox 666 2486 932 2565; x_wconf 86' lang='lat' dir='ltr'>Longino</span> <span class='ocrx_word' id='word_1_214' title='bbox 959 2489 1100 2548; x_wconf 88' lang='lat' dir='ltr'>iuris</span> <span class='ocrx_word' id='word_1_215' title='bbox 1131 2489 1397 2550; x_wconf 88' lang='lat' dir='ltr'>consulto</span> <span class='ocrx_word' id='word_1_216' title='bbox 1427 2507 1498 2550; x_wconf 90' lang='lat' dir='ltr'>ac</span> <span class='ocrx_word' id='word_1_217' title='bbox 1524 2488 1828 2549; x_wconf 88' lang='lat' dir='ltr'>luminibus</span> <span class='ocrx_word' id='word_1_218' title='bbox 1858 2487 2086 2562; x_wconf 88' lang='lat' dir='ltr'>orbato,</span> <span class='ocrx_word' id='word_1_219' title='bbox 2118 2482 2277 2562; x_wconf 90' lang='lat' dir='ltr'>quod</span> 
     </span>
     <span class='ocr_line' id='line_1_28' title="bbox 281 2569 2273 2652; baseline -0.001 -21"><span class='ocrx_word' id='word_1_220' title='bbox 281 2572 338 2631; x_wconf 95' lang='lat' dir='ltr'>in</span> <span class='ocrx_word' id='word_1_221' title='bbox 363 2579 566 2631; x_wconf 82' lang='lat' dir='ltr'>vetere</span> <span class='ocrx_word' id='word_1_222' title='bbox 590 2571 792 2647; x_wconf 83' lang='lat' dir='ltr'>gentili</span> <span class='ocrx_word' id='word_1_223' title='bbox 824 2580 1125 2634; x_wconf 88' lang='lat' dir='ltr'>stemmate</span> <span class='ocrx_word' id='word_1_224' title='bbox 1151 2571 1217 2634; x_wconf 88' lang='lat' dir='ltr'>C.</span> <span class='ocrx_word' id='word_1_225' title='bbox 1251 2571 1420 2633; x_wconf 86' lang='lat' dir='ltr'>Cassi</span> <span class='ocrx_word' id='word_1_226' title='bbox 1444 2574 1813 2652; x_wconf 87' lang='lat' dir='ltr'>percussoris</span> <span class='ocrx_word' id='word_1_227' title='bbox 1845 2570 2115 2633; x_wconf 90' lang='lat' dir='ltr'>Caesaris</span> <span class='ocrx_word' id='word_1_228' title='bbox 2138 2569 2273 2629; x_wconf 84' lang='lat' dir='ltr'>ima-</span> 
     </span>
     <span class='ocr_line' id='line_1_29' title="bbox 283 2651 2274 2735; baseline -0.002 -22"><span class='ocrx_word' id='word_1_229' title='bbox 283 2655 451 2732; x_wconf 90' lang='lat' dir='ltr'>gines</span> <span class='ocrx_word' id='word_1_230' title='bbox 490 2655 846 2733; x_wconf 88' lang='lat' dir='ltr'>retinuisset,</span> <span class='ocrx_word' id='word_1_231' title='bbox 896 2656 1075 2717; x_wconf 87' lang='lat' dir='ltr'>Paeto</span> <span class='ocrx_word' id='word_1_232' title='bbox 1110 2657 1406 2718; x_wconf 88' lang='lat' dir='ltr'>Thraseae</span> <span class='ocrx_word' id='word_1_233' title='bbox 1447 2658 1667 2718; x_wconf 87' lang='lat' dir='ltr'>tristior</span> <span class='ocrx_word' id='word_1_234' title='bbox 1703 2665 1762 2716; x_wconf 87' lang='lat' dir='ltr'>et</span> <span class='ocrx_word' id='word_1_235' title='bbox 1790 2655 2120 2735; x_wconf 82' lang='lat' dir='ltr'>paedagogi</span> <span class='ocrx_word' id='word_1_236' title='bbox 2151 2651 2274 2711; x_wconf 88' lang='lat' dir='ltr'>vul-</span> 
     </span>
     <span class='ocr_line' id='line_1_30' title="bbox 282 2734 2272 2820; baseline -0.002 -22"><span class='ocrx_word' id='word_1_237' title='bbox 282 2748 392 2799; x_wconf 90' lang='lat' dir='ltr'>tus.</span> <span class='ocrx_word' id='word_1_238' title='bbox 459 2737 608 2800; x_wconf 80' lang='lat' dir='ltr'>Mori</span> <span class='ocrx_word' id='word_1_239' title='bbox 635 2740 807 2798; x_wconf 90' lang='lat' dir='ltr'>iussis</span> <span class='ocrx_word' id='word_1_240' title='bbox 836 2757 952 2799; x_wconf 92' lang='lat' dir='ltr'>non</span> <span class='ocrx_word' id='word_1_241' title='bbox 980 2740 1224 2819; x_wconf 89' lang='lat' dir='ltr'>amplius</span> <span class='ocrx_word' id='word_1_242' title='bbox 1264 2758 1432 2820; x_wconf 88' lang='lat' dir='ltr'>quam</span> <span class='ocrx_word' id='word_1_243' title='bbox 1472 2741 1742 2801; x_wconf 87' lang='lat' dir='ltr'>horarum</span> <span class='ocrx_word' id='word_1_244' title='bbox 1784 2740 2027 2820; x_wconf 84' lang='lat' dir='ltr'>spatium</span> <span class='ocrx_word' id='word_1_245' title='bbox 2072 2734 2272 2804; x_wconf 65' lang='lat' dir='ltr'>daban</span> 
     </span>
     <span class='ocr_line' id='line_1_31' title="bbox 282 2821 2345 2902; baseline -0.001 -19"><span class='ocrx_word' id='word_1_246' title='bbox 282 2841 354 2883; x_wconf 90' lang='lat' dir='ltr'>ac</span> <span class='ocrx_word' id='word_1_247' title='bbox 385 2841 459 2882; x_wconf 91' lang='lat' dir='ltr'>ne</span> <span class='ocrx_word' id='word_1_248' title='bbox 495 2821 628 2900; x_wconf 90' lang='lat' dir='ltr'>quid</span> <span class='ocrx_word' id='word_1_249' title='bbox 660 2841 859 2883; x_wconf 90' lang='lat' dir='ltr'>morae</span> <span class='ocrx_word' id='word_1_250' title='bbox 892 2826 1295 2902; x_wconf 85' lang='lat' dir='ltr'>interveniret,</span> <span class='ocrx_word' id='word_1_251' title='bbox 1338 2824 1599 2886; x_wconf 88' lang='lat' dir='ltr'>medicos</span> <span class='ocrx_word' id='word_1_252' title='bbox 1637 2824 1983 2885; x_wconf 88' lang='lat' dir='ltr'>admovebat</span> <span class='ocrx_word' id='word_1_253' title='bbox 2015 2821 2110 2899; x_wconf 91' lang='lat' dir='ltr'>qui</span> <span class='ocrx_word' id='word_1_254' title='bbox 2141 2837 2345 2881; x_wconf 77' lang='lat' dir='ltr'>cun-so</span> 
     </span>
     <span class='ocr_line' id='line_1_32' title="bbox 287 2904 2276 2989; baseline -0.002 -23"><span class='ocrx_word' id='word_1_255' title='bbox 287 2916 507 2966; x_wconf 89' lang='lat' dir='ltr'>ctantes</span> <span class='ocrx_word' id='word_1_256' title='bbox 550 2908 817 2966; x_wconf 89' lang='lat' dir='ltr'>continuo</span> <span class='ocrx_word' id='word_1_257' title='bbox 864 2917 1130 2969; x_wconf 89' lang='lat' dir='ltr'>curarent</span> <span class='ocrx_word' id='word_1_258' title='bbox 1171 2910 1279 2989; x_wconf 89' lang='lat' dir='ltr'>(ita</span> <span class='ocrx_word' id='word_1_259' title='bbox 1310 2909 1460 2970; x_wconf 91' lang='lat' dir='ltr'>enim</span> <span class='ocrx_word' id='word_1_260' title='bbox 1503 2909 1821 2970; x_wconf 85' lang='lat' dir='ltr'>vocabatur</span> <span class='ocrx_word' id='word_1_261' title='bbox 1858 2925 2039 2968; x_wconf 87' lang='lat' dir='ltr'>venas</span> <span class='ocrx_word' id='word_1_262' title='bbox 2076 2904 2276 2964; x_wconf 80' lang='lat' dir='ltr'>mortis</span> 
     </span>
     <span class='ocr_line' id='line_1_33' title="bbox 284 2986 2276 3072; baseline -0.003 -22"><span class='ocrx_word' id='word_1_263' title='bbox 284 2991 467 3067; x_wconf 87' lang='lat' dir='ltr'>gratia</span> <span class='ocrx_word' id='word_1_264' title='bbox 501 2990 814 3069; x_wconf 88' lang='lat' dir='ltr'>incidere).</span> <span class='ocrx_word' id='word_1_265' title='bbox 875 2990 1142 3052; x_wconf 88' lang='lat' dir='ltr'>Creditur</span> <span class='ocrx_word' id='word_1_266' title='bbox 1185 2994 1356 3054; x_wconf 90' lang='lat' dir='ltr'>etiam</span> <span class='ocrx_word' id='word_1_267' title='bbox 1389 2992 1728 3072; x_wconf 77' lang='lat' dir='ltr'>polyphago</span> <span class='ocrx_word' id='word_1_268' title='bbox 1765 2992 1987 3054; x_wconf 84' lang='lat' dir='ltr'>cuidam</span> <span class='ocrx_word' id='word_1_269' title='bbox 2016 2986 2276 3065; x_wconf 74' lang='lat' dir='ltr'>Aegypti</span> 
     </span>
     <span class='ocr_line' id='line_1_34' title="bbox 283 3073 2276 3157; baseline -0.001 -26"><span class='ocrx_word' id='word_1_270' title='bbox 283 3073 553 3151; x_wconf 89' lang='lat' dir='ltr'>generis,</span> <span class='ocrx_word' id='word_1_271' title='bbox 611 3074 843 3135; x_wconf 91' lang='lat' dir='ltr'>crudam</span> <span class='ocrx_word' id='word_1_272' title='bbox 894 3094 1127 3136; x_wconf 88' lang='lat' dir='ltr'>carnem</span> <span class='ocrx_word' id='word_1_273' title='bbox 1176 3085 1234 3136; x_wconf 92' lang='lat' dir='ltr'>et</span> <span class='ocrx_word' id='word_1_274' title='bbox 1278 3077 1554 3157; x_wconf 89' lang='lat' dir='ltr'>quidquid</span> <span class='ocrx_word' id='word_1_275' title='bbox 1597 3077 1826 3138; x_wconf 90' lang='lat' dir='ltr'>daretur</span> <span class='ocrx_word' id='word_1_276' title='bbox 1868 3074 2140 3136; x_wconf 87' lang='lat' dir='ltr'>mandere</span> <span class='ocrx_word' id='word_1_277' title='bbox 2186 3088 2276 3131; x_wconf 90' lang='lat' dir='ltr'>as-</span> 
     </span>
     <span class='ocr_line' id='line_1_35' title="bbox 284 3156 2275 3237; baseline -0.001 -22"><span class='ocrx_word' id='word_1_278' title='bbox 284 3165 482 3232; x_wconf 90' lang='lat' dir='ltr'>sueto,</span> <span class='ocrx_word' id='word_1_279' title='bbox 529 3160 875 3237; x_wconf 89' lang='lat' dir='ltr'>concupisse</span> <span class='ocrx_word' id='word_1_280' title='bbox 925 3162 1095 3222; x_wconf 81' lang='lat' dir='ltr'>vivos</span> <span class='ocrx_word' id='word_1_281' title='bbox 1132 3160 1397 3221; x_wconf 85' lang='lat' dir='ltr'>homines</span> <span class='ocrx_word' id='word_1_282' title='bbox 1443 3161 1740 3223; x_wconf 89' lang='lat' dir='ltr'>laniandos</span> <span class='ocrx_word' id='word_1_283' title='bbox 1770 3156 2275 3233; x_wconf 86' lang='lat' dir='ltr'>absumendosque</span> 
     </span>
     <span class='ocr_line' id='line_1_36' title="bbox 285 3237 2347 3324; baseline 0.001 -26"><span class='ocrx_word' id='word_1_284' title='bbox 285 3237 543 3298; x_wconf 87' lang='lat' dir='ltr'>obicere.</span> <span class='ocrx_word' id='word_1_285' title='bbox 608 3239 810 3302; x_wconf 88' lang='lat' dir='ltr'>Elatus</span> <span class='ocrx_word' id='word_1_286' title='bbox 852 3243 1193 3324; x_wconf 83' lang='lat' dir='ltr'>inflatusque</span> <span class='ocrx_word' id='word_1_287' title='bbox 1233 3246 1405 3306; x_wconf 85' lang='lat' dir='ltr'>tantis</span> <span class='ocrx_word' id='word_1_288' title='bbox 1446 3245 1611 3304; x_wconf 84' lang='lat' dir='ltr'>velut</span> <span class='ocrx_word' id='word_1_289' title='bbox 1648 3243 2053 3318; x_wconf 88' lang='lat' dir='ltr'>successibus,</span> <span class='ocrx_word' id='word_1_290' title='bbox 2094 3255 2347 3316; x_wconf 52' lang='lat' dir='ltr'>negatas</span> 
     </span>
     <span class='ocr_line' id='line_1_37' title="bbox 281 3322 2274 3408; baseline 0.002 -30"><span class='ocrx_word' id='word_1_291' title='bbox 281 3322 363 3379; x_wconf 84' lang='lat' dir='ltr'>vit</span> <span class='ocrx_word' id='word_1_292' title='bbox 399 3337 758 3403; x_wconf 79' lang='lat' dir='ltr'>quemquam</span> <span class='ocrx_word' id='word_1_293' title='bbox 783 3327 1137 3406; x_wconf 79' lang='lat' dir='ltr'>principum</span> <span class='ocrx_word' id='word_1_294' title='bbox 1176 3328 1374 3390; x_wconf 77' lang='lat' dir='ltr'>scisse</span> <span class='ocrx_word' id='word_1_295' title='bbox 1412 3328 1562 3408; x_wconf 76' lang='lat' dir='ltr'>quid</span> <span class='ocrx_word' id='word_1_296' title='bbox 1599 3327 1722 3390; x_wconf 75' lang='lat' dir='ltr'>sibi</span> <span class='ocrx_word' id='word_1_297' title='bbox 1757 3329 2001 3404; x_wconf 78' lang='lat' dir='ltr'>liceret,</span> <span class='ocrx_word' id='word_1_298' title='bbox 2042 3323 2274 3384; x_wconf 88' lang='lat' dir='ltr'>multas-</span> 
     </span>
     <span class='ocr_line' id='line_1_38' title="bbox 284 3401 2274 3492; baseline 0.003 -32"><span class='ocrx_word' id='word_1_299' title='bbox 284 3421 398 3482; x_wconf 85' lang='lat' dir='ltr'>que</span> <span class='ocrx_word' id='word_1_300' title='bbox 432 3420 544 3462; x_wconf 89' lang='lat' dir='ltr'>nec</span> <span class='ocrx_word' id='word_1_301' title='bbox 573 3401 773 3465; x_wconf 86' lang='lat' dir='ltr'>dubias</span> <span class='ocrx_word' id='word_1_302' title='bbox 814 3411 1267 3487; x_wconf 86' lang='lat' dir='ltr'>significationes</span> <span class='ocrx_word' id='word_1_303' title='bbox 1310 3431 1491 3492; x_wconf 88' lang='lat' dir='ltr'>saepe</span> <span class='ocrx_word' id='word_1_304' title='bbox 1530 3413 1702 3490; x_wconf 86' lang='lat' dir='ltr'>iecit,</span> <span class='ocrx_word' id='word_1_305' title='bbox 1749 3431 1823 3473; x_wconf 91' lang='lat' dir='ltr'>ne</span> <span class='ocrx_word' id='word_1_306' title='bbox 1866 3410 2112 3489; x_wconf 88' lang='lat' dir='ltr'>reliquis</span> <span class='ocrx_word' id='word_1_307' title='bbox 2148 3406 2274 3485; x_wconf 88' lang='lat' dir='ltr'>qui-</span> 
     </span>
     <span class='ocr_line' id='line_1_39' title="bbox 284 3483 2275 3575; baseline 0.005 -32"><span class='ocrx_word' id='word_1_308' title='bbox 284 3483 412 3544; x_wconf 91' lang='lat' dir='ltr'>dem</span> <span class='ocrx_word' id='word_1_309' title='bbox 446 3502 512 3544; x_wconf 89' lang='lat' dir='ltr'>se</span> <span class='ocrx_word' id='word_1_310' title='bbox 553 3502 853 3563; x_wconf 85' lang='lat' dir='ltr'>parsurum</span> <span class='ocrx_word' id='word_1_311' title='bbox 895 3497 1290 3575; x_wconf 79' lang='lat' dir='ltr'>senatoribus,</span> <span class='ocrx_word' id='word_1_312' title='bbox 1331 3514 1577 3575; x_wconf 86' lang='lat' dir='ltr'>eumque</span> <span class='ocrx_word' id='word_1_313' title='bbox 1620 3497 1877 3557; x_wconf 89' lang='lat' dir='ltr'>ordinem</span> <span class='ocrx_word' id='word_1_314' title='bbox 1922 3493 2275 3556; x_wconf 85' lang='lat' dir='ltr'>sublaturum</span> 
     </span>
    </p>
   </div>
  </div>
 </body>
</html>
