2553 3960
595 190 1147 240 annnm'rontm
1186 190 1549 239 Lmnonmu
1593 190 1995 250 RELIQUIAE.
2171 178 2294 242 293

291 363 406 411 tum
438 348 596 409 nulla
626 357 793 407 antea
825 348 1156 424 cuiusquam
1194 344 1531 421 comoedia,
1565 346 1622 406 id
1666 355 1756 405 est
1786 356 1922 406 octo
1954 346 2107 407 milia
2139 365 2296 406 num-

291 451 543 503 morum3
599 441 915 510 propterea
967 447 1185 490 summa
1239 447 1473 508 quoque
1518 430 1683 490 titulo
1746 430 2072 492 ascribitur.
2154 429 2298 490 Nam

290 517 691 597 Adelphorum
734 515 1074 594 principium
1120 515 1312 575 Varro
1358 514 1527 573 etiam
1558 516 1819 592 praefert
1859 516 2144 593 principio
2178 514 2297 575 Me-

293 602 512 663 nandri.

415 684 546 744 Non
598 684 849 743 obscura
891 682 1039 742 fama
1081 689 1170 740 est
1210 682 1463 742 adiutum
1512 680 1845 741 Terentium
1887 684 1945 741 in
1986 683 2219 761 scriptis
2265 700 2297 742 a

292 769 490 830 Laelio
536 777 595 828 et
630 768 938 845 Scipione,
987 783 1231 845 eamque
1257 766 1387 843 ipse
1419 767 1575 825 auxit
1604 784 1907 844 numquam
1942 768 2050 826 nisi
2089 766 2301 827 leviter

292 854 549 913 refutare
583 860 854 928 conatus,
886 851 1026 909 utin
1057 850 1310 928 prologo
1345 847 1776 928 Adelphorum:

596 954 744 1011 Nam
770 954 918 1026 quod
944 955 1036 1009 isti
1067 954 1253 1008 dicunt
1279 953 1551 1021 malevoli,
1573 952 1818 1008 homines
1846 952 2048 1008 nobiles

593 1038 762 1095 Hunc
794 1039 1051 1093 adiutare
1076 1038 1404 1109 assidueque
1431 1053 1545 1093 una
1578 1036 1840 1105 scribere,

227 1131 274 1171 10
596 1121 758 1190 Quod
778 1123 860 1177 illi
885 1122 1227 1177 maledictum
1251 1120 1539 1177 vehemens
1571 1136 1690 1176 esse
1719 1121 2059 1176 eoezstimant:

591 1208 737 1263 Eam
765 1207 982 1262 laudem
1012 1205 1102 1261 hic
1135 1197 1287 1261 discit
1312 1208 1643 1274 maximam,
1679 1221 1804 1261 cum
1834 1206 1941 1261 illis
1962 1204 2153 1276 placet

581 1289 703 1364 ,Qui
727 1290 872 1346 vobis
901 1281 1169 1346 universis
1198 1294 1250 1344 et
1267 1290 1476 1361 populo
1504 1291 1751 1361 placent,

598 1371 839 1439 Quorum
867 1388 1040 1445 opera
1066 1376 1125 1427 in
1153 1373 1288 1428 bello
1304 1415 1318 1441 ,
1347 1376 1405 1428 in
1429 1376 1561 1445 otio,
1593 1376 1653 1428 in
1679 1374 1887 1443 neyotio

600 1454 712 1513 Suo
739 1458 966 1529 quisque
997 1457 1286 1527 [tempore]
1323 1471 1456 1512 usus
1485 1463 1566 1512 est
1589 1459 1711 1511 sine
1738 1456 2024 1526 superbia.

230 1558 277 1603 ¹5
293 1548 536 1613 Videtur
566 1557 755 1611 autem
784 1566 850 1609 se
878 1548 1065 1611 levius
1097 1547 1469 1625 defendisse,
1504 1552 1636 1628 quia
1671 1547 1898 1607 sciebat
1929 1556 1987 1606 et
2011 1546 2209 1607 Laelio
2246 1556 2305 1607 et

297 1636 558 1715 Scipioni
618 1650 733 1693 non
781 1635 1061 1711 ingratam
1114 1650 1248 1692 esse
1297 1633 1444 1692 hanc
1493 1634 1852 1711 opinionem;
1913 1650 2062 1709 quae
2114 1640 2304 1691 tamen

299 1719 482 1797 magis
514 1726 573 1777 et
614 1736 796 1797 usque
841 1717 910 1777 ad
953 1718 1283 1795 posteriora
1311 1725 1577 1795 tempora
1606 1716 1803 1775 valuit.
1887 1713 1953 1774 C.
2004 1714 2301 1774 Memmius

297 1806 353 1864 in
379 1803 642 1863 oratione
673 1818 781 1881 pro
817 1819 882 1861 se
913 1801 1020 1861 ait:
1080 1799 1149 1859 P.
1175 1799 1554 1880 Afric-anm,
1605 1799 1714 1879 qut’
1753 1817 1795 1859 a
1842 1797 2123 1861 Terentio
2155 1817 2300 1878 per-

297 1903 517 1948 sonam
554 1891 887 1961 mutuatus,
932 1901 1093 1965 quae
1125 1883 1334 1946 domui
1363 1886 1605 1946 luserat
1634 1885 1804 1962 ipse,
1857 1884 2103 1945 nomine
2129 1885 2305 1944 illius

225 1986 279 2027 20
295 1973 359 2033 in
393 1989 642 2032 scenam
672 1970 900 2032 detulit.
975 1969 1178 2048 Nepos
1209 1979 1449 2030 auctore
1485 1978 1647 2030 certo
1682 1970 2046 2048 comperisse
2090 1988 2155 2028 se
2201 1970 2299 2044 ait,

298 2053 365 2117 G.
400 2054 653 2116 Laelium
695 2055 979 2134 quondam
1020 2056 1077 2114 iu
1119 2053 1438 2114 Puteolano
1472 2053 1565 2114 Kl.
1599 2053 1818 2114 Martiis
1851 2054 2195 2113 admonitum
2230 2052 2301 2112 ab

295 2156 479 2200 uxore
508 2141 824 2217 temperius
856 2147 916 2198 ut
948 2137 1343 2198 discumberet
1376 2140 1593 2217 petisse
1627 2136 1699 2197 ab
1734 2157 1803 2198 ea
1848 2157 1920 2198 ne
1968 2137 2302 2217 interpella-

294 2232 417 2299 ret,
458 2240 714 2301 seroque
741 2223 973 2282 tandem
1003 2224 1330 2300 ingressum
1358 2223 1665 2282 triclinium
1697 2222 1937 2298 dixisse,
1972 2239 2088 2281 non
2122 2238 2305 2299 saepe

296 2306 352 2365 in
381 2305 691 2366 scribendo
723 2307 904 2382 magis
935 2304 1047 2366 sibi
1080 2308 1480 2377 successisse;
1527 2306 1737 2366 deinde
1764 2316 2027 2385 rogatum
2067 2315 2129 2365 ut
2161 2306 2302 2364 scri-

220 2414 275 2454 25
297 2398 394 2467 pta
439 2389 539 2448 illa
582 2389 879 2468 proferret
916 2393 1321 2469 pronuntiasse
1364 2409 1569 2450 versus
1615 2392 1873 2469 quisunt
1922 2393 1979 2451 in
2009 2390 2302 2451 Heauton·
2386 2448 2397 2471 x

295 2474 706 2532 timorumeno:

198 2552 204 2557 ⁵
424 2576 572 2633 Satis
588 2578 695 2648 pol
706 2583 1084 2649 proterve‘me
1115 2577 1252 2651 Syri
1263 2581 1549 2651 promissa
1577 2577 1689 2635 huc
1717 2579 2078 2634 induxerunt.

294 2675 501 2734 Santra
544 2672 877 2732 Terentium
920 2675 1243 2751 existimat,
1289 2676 1339 2734 si
1381 2677 1553 2737 modo
1595 2677 1652 2734 in
1685 2673 1997 2735 scribendo
2029 2674 2298 2735 adiutori·

293 2756 403 2816 bus
438 2756 783 2833 indiguerit,
815 2774 930 2816 non
965 2767 1079 2818 tam
1109 2760 1386 2838 Scipione
1420 2769 1479 2820 et
1506 2758 1706 2820 Laelio
1739 2761 1820 2818 uti
1858 2759 2154 2837 potuisse,
2206 2761 2304 2838 qui

217 2849 273 2890 80
294 2849 430 2900 tunc
459 2838 882 2901 adulescentuli
910 2842 1172 2919 fuerunt,
1207 2861 1376 2921 quam
1421 2843 1484 2904 C.
1521 2844 1783 2922 Sulpicio
1821 2841 2025 2919 Gallo,
2070 2842 2302 2902 homine

288 2923 466 2985 docto
500 2932 560 2984 et
591 2925 753 2984 cuius
785 2926 1184 2985 consularibus
1217 2926 1367 2987 ludis
1397 2929 1611 2987 initium
1640 2926 1959 2988 fabularum
1991 2927 2302 2987 dandarum

285 3008 528 3087 fecerit,
557 3008 654 3067 vel
687 3007 947 3082 Q.Fabio
980 3009 1253 3071 Labeone
1288 3021 1348 3071 et
1375 3010 1451 3072 M.
1484 3011 1770 3090 Popillio,
1820 3011 2113 3071 consulari
2145 3021 2302 3071 utro-

266 3109 402 3170 ‚que
430 3108 501 3151 ac
546 3101 752 3170 poeta;
804 3093 939 3153 ideo
985 3095 1173 3172 ipsum
1202 3112 1318 3154 non
1349 3096 1589 3157 iuvenes
1623 3096 1934 3174 designare
1968 3098 2065 3175 qui
2110 3114 2175 3155 se
2204 3095 2302 3155 ad-

287 3175 487 3234 iuvare
520 3176 811 3254 dicantur,
842 3177 947 3238 sed
981 3180 1141 3240 viros
1171 3197 1430 3260 quorum
1465 3197 1720 3259 operam
1763 3186 1824 3242 et
1851 3181 1915 3242 in
1957 3179 2117 3242 bello
2150 3186 2208 3239 et
2240 3180 2306 3240 in

216 3272 267 3312 ³⁵
290 3259 432 3320 otio·
453 3264 512 3318 et
536 3258 605 3320 in
631 3260 873 3339 neyotio
904 3263 1156 3340 populus
1187 3265 1261 3323 sit
1293 3274 1593 3343 expertus.

413 3357 557 3420 Post
588 3360 772 3440 editas
803 3362 1142 3423 comoedias
1164 3359 1424 3424 ’nondum
1461 3365 1716 3442 quintum
1753 3371 1929 3441 atque
1966 3361 2303 3421 vicesimum

291 3457 568 3518 egressus
625 3461 864 3522 annum,
926 3465 1102 3507 causa
1158 3447 1428 3509 vitandae
1487 3447 1779 3527 opinionis
1833 3463 1945 3526 qua
1998 3441 2306 3504 videbatur
