2553 3960
578 614 664 698 o,
723 614 1197 699 sUEToNJ
1245 542 1935 704 <mmmm

271 783 513 885 DE
619 781 1087 885 VITA
1184 780 2228 885 CAESARUM

1004 984 1285 1050 LIBER
1328 983 1495 1049 ΙΙΠ.

845 1144 914 1217 0.
984 1143 1661 1218 cALIGULA.

184 1506 214 1547 ι
368 1481 778 1558 Germanicus,
817 1477 883 1539 C.
932 1477 1201 1540 Caesaris
1244 1488 1445 1560 pater,
1489 1481 1663 1541 Drusi
1700 1490 1759 1541 et
1799 1482 2037 1542 minoris
2068 1480 2247 1541 Anto·
2284 1502 2315 1552 1

178 1602 189 1638 3
241 1569 369 1627 niae
401 1566 574 1644 iilius,
603 1584 636 1626 a
660 1564 900 1626 Tiberio
932 1573 1139 1643 patruo
1172 1563 1502 1644 adoptatus,
1538 1575 1904 1645 quaesturam
1936 1566 2250 1644 quinquen·

238 1654 338 1720 nio
388 1659 520 1711 ante
570 1668 736 1729 quam
780 1667 889 1728 per
929 1648 1123 1727 leges*
1147 1649 1356 1709 liceret
1412 1658 1471 1709 et
1528 1659 1665 1728 post
1718 1667 1844 1708 eam
1899 1649 2257 1709 consulatum

242 1736 433 1795 statim
457 1737 664 1812 gessit,
696 1734 1023 1813 missusque
1049 1731 1119 1793 ad
1153 1733 1474 1793 exercitum
1503 1735 1561 1792 in
1588 1733 1973 1808 Germaniam,
2003 1751 2258 1804 excessu

241 1818 493 1895 Augusti
529 1820 802 1893 nuntiato,
833 1816 1106 1895 legiones
1136 1818 1474 1895 universas,
1520 1820 1931 1896 imperatorem
1964 1815 2256 1877 Tiberium

169 1920 223 1962 ιο
242 1902 708 1985 pertinacissime
731 1902 1057 1962 recusantis
1086 1910 1142 1962 et
1165 1901 1276 1961 sibi
1305 1920 1580 1962 summam
1611 1902 1698 1961 rei
1731 1921 1788 1982 p.
1824 1900 2143 1961 deferentis
2176 1904 2255 1960 in·

243 1996 464 2049 certum
494 1989 714 2067 pietate
742 2006 817 2048 an
849 1987 1171 2048 constantia
1201 1988 1423 2047 maiore
1458 1988 1845 2066 compescuit,
1880 1996 2054 2066 atque
2083 1986 2257 2046 hoste

235 2088 376 2133 mox
417 2070 650 2132 devicto
692 2070 1084 2151 triumphavit.
1149 2069 1369 2131 Consul
1411 2071 1617 2132 deinde
1661 2072 1869 2132 iterum
1912 2080 2144 2131 creatus
2186 2088 2257 2130 ac

238 2158 404 2237 prius
441 2174 610 2235 quam
637 2156 921 2217 honorem
952 2156 1124 2216 iniret
1156 2155 1228 2216 ad
1262 2156 1728 2236 componendum
1758 2154 2015 2216 OrientIs
2046 2164 2255 2215 statum

238 2240 551 2320 expulsus,
597 2259 723 2301 cum
754 2240 1066 2301 Armeniae
1096 2258 1300 2318 regem
1345 2239 1695 2319 devicisset,
1729 2238 2166 2320 Cappadociam
2197 2242 2252 2298 in

168 2343 222 2386 ιε
242 2324 591 2406 provinciae
619 2325 863 2385 formam
898 2323 1263 2402 redegisset,
1298 2342 1503 2384 annum
1536 2343 1721 2402 agens
1750 2325 1958 2385 aetatis
1992 2333 2252 2403 quartum

240 2418 299 2470 et
347 2409 739 2469 tricensimum
785 2409 1053 2470 diuturno
1098 2408 1305 2469 morbo
1335 2407 1685 2470 Antiochiae
1735 2408 1910 2487 obiit,
1958 2426 2075 2468 non
2127 2409 2251 2467 sine

237 2493 455 2555 veneni
495 2495 851 2573 suspicione.
917 2491 1064 2552 Nam
1109 2500 1346 2571 praeter
1387 2492 1642 2569 livores,
1692 2494 1790 2571 qui
1833 2501 1957 2553 toto
1996 2509 2251 2571 corpore

239 2587 425 2654 erant,
458 2586 516 2637 et
546 2595 816 2657 spumas,
857 2594 1008 2656 quae
1042 2594 1149 2655 per
1180 2594 1249 2636 os
1278 2575 1561 2652 fluebant,
1598 2576 1837 2636 cremati
1879 2593 2111 2654 quoque
2148 2592 2252 2634 cor

236 2663 389 2722 inter
417 2679 553 2723 ossa
578 2663 975 2740 incorruptum
996 2670 1293 2739 repertum
1319 2669 1437 2721 est:
1461 2661 1622 2720 cuius
1647 2678 1716 2721 ea
1739 2667 1939 2719 natura
1960 2658 2250 2718 existima-

164 2762 220 2805 κο
237 2755 352 2845 tur,
381 2754 443 2804 ut
471 2746 708 2806 tinctum
739 2763 968 2806 veneno
1001 2747 1139 2822 igne
1177 2745 1387 2805 confici
1417 2752 1689 2823 nequeat.
1761 2741 1915 2803 Obiit
1944 2750 2154 2820 autem,
2184 2751 2320 2806 ut2

227 2830 442 2908 opinio
482 2829 622 2906 fuit,
674 2829 879 2890 fraude
911 2829 1140 2906 Tiberi,
1183 2829 1503 2889 ministerio
1535 2837 1595 2888 et
1625 2846 1853 2913 opera
1845 2825 1965 2887 CN.
1999 2826 2250 2905 Pisonis,

237 2914 339 2992 qui
380 2912 486 2973 suh
545 2913 699 2974 idem
750 2923 977 2992 tempus
1028 2914 1233 2988 Syriae
1282 2914 1688 2992 praepositus,
1729 2930 1841 2972 nec
1886 2910 2252 2972 dissimulans

238 2997 650 3059 offendendum
691 2997 803 3059 sibi
845 3007 942 3058 aut
985 3005 1209 3076 patrem
1257 3006 1355 3057 aut
1389 2997 1594 3074 filium,
1637 2996 1804 3076 quasi
1837 2996 2011 3075 plane
2044 2996 2122 3057 ita
2148 3013 2248 3056 ne-

239 3099 413 3142 cesse
450 3092 631 3160 esset,
658 3084 830 3142 etiam
863 3100 1103 3159 aegrum
1134 3080 1535 3142 Germanicum
1558 3081 1917 3159 gravissimis
1936 3079 2250 3141 verborum

164 3179 310 3227 mac
346 3184 540 3227 rerum
567 3166 980 3227 acerbitatibus
1021 3165 1180 3226 nullo
1215 3164 1477 3225 adhibito>
1510 3164 1685 3225 modo
1719 3163 1961 3235 adfecit;
2006 3175 2249 3245 propter

236 3267 419 3350 quae,
446 3260 507 3312 ut
542 3252 785 3312 Romam
816 3248 1004 3329 rediit,
1051 3268 1243 3328 paene
1279 3249 1609 3329 discerptus
1645 3266 1679 3310 a
1714 3248 1956 3329 populo,
1981 3267 2015 3310 a
2046 3257 2249 3310 senatu

238 3334 452 3413 capitis
499 3334 797 3396 damnatus
829 3343 937 3394 est.
1028 3332 1242 3394 Omnes
1274 3332 1619 3396 Germanico
1656 3335 1926 3414 corporis
1958 3335 2243 3412 animique
2277 3338 2314 3392 3

235 3419 499 3497 virtutes,
526 3427 585 3480 et
622 3428 866 3498 quantas
905 3418 1119 3478 nemini
1143 3418 1427 3496 cuiquam,
1463 3418 1781 3496 contigisse
1815 3418 1955 3479 satis
1990 3422 2246 3477 constat:

233 3501 480 3564 formam
510 3511 571 3564 et
610 3502 1005 3563 fortitudinem
1039 3504 1369 3581 egregiam,
1418 3502 1711 3578 ingenium
1753 3503 1810 3562 in
1843 3509 2092 3582 utroque
2125 3495 2248 3556 elo·
