2553 3960
928 167 1342 250 mammo.
1952 203 2028 250 1x

204 366 382 434 qemi,
428 363 743 416 etiamnunc
770 367 1069 431 vetantem,
1112 360 1249 417 satis
1294 363 1449 418 clare
1491 377 1840 432 cognoscere
1891 362 2025 418 mihi

144 494 151 499 .
211 446 441 514 videor,
477 446 623 501 haud
653 445 729 501 ita
753 446 1032 502 benevole
1067 445 1288 516 quidem
1322 445 1574 501 sensisse
1606 446 1677 501 de
1704 447 2026 518 Tranquillo

208 530 572 599 Frontonem,
628 530 729 585 sed
769 529 987 585 Marcus
1035 529 1203 585 credo
1248 528 1510 585 iniuriam
1555 530 1622 585 ab
1672 546 1776 585 avo
1817 530 2026 586 illatam

213 612 468 683 cupidior
505 612 611 667 ruit
640 613 938 684 reparandi
971 629 1131 684 quam
1162 613 1541 668 continuandi.
1613 612 1829 668 Licebit
1854 612 2026 684 igitur

212 696 567 766 existimare,
618 712 728 751 nou
762 696 1013 752 defuisse
1055 696 1265 767 optimo
1297 697 1420 752 seni
1462 713 1567 768 per
1604 703 1904 751 extremam
1935 713 2027 750 se-

211 784 488 834 nectutem
517 778 753 848 gratiam
784 779 1209 835 Antoninorum.
1242 844 1245 847 .
1464 832 1468 837 ,

332 862 417 916 De
457 854 768 933 scriptis
800 861 1054 919 Suetonii
1091 862 1454 934 expositurus
1492 878 1614 917 eum
1653 863 1906 919 ordinem
1934 879 2028 918 se-

214 962 380 1016 quar,
416 953 478 1000 ut
522 945 755 1017 primum
799 947 870 1002 de
910 946 983 1002 iis
1015 947 1196 1002 dicam
1239 962 1383 1016 quae
1428 953 1757 1017 supersunt,
1798 946 1925 1001 dein
1958 947 2027 1001 de

213 1028 452 1085 amissis.
527 1028 738 1085 Prioris
769 1030 997 1100 generis
1030 1031 1141 1085 cho
1174 1036 1336 1098 sunt,
1373 1029 1475 1084 sed
1505 1045 1574 1083 ne
1604 1047 1671 1085 ea
1703 1030 1923 1101 quidem
1956 1030 2025 1086 ab

133 1156 142 1166 .
214 1112 360 1168 omui
392 1118 554 1183 parte
585 1112 845 1182 integra;
890 1129 1013 1169 nam
1046 1114 1115 1169 de
1153 1113 1269 1169 vita
1304 1112 1602 1168 Caesarum
1646 1114 1778 1169 libri
1813 1114 2025 1185 princi-

211 1197 309 1268 pio
341 1200 566 1265 carent,
608 1195 835 1253 libellus
875 1197 945 1252 de
979 1196 1359 1253 Grammaticis
1391 1202 1448 1251 et
1475 1197 1796 1253 rhetoribus
1839 1199 1964 1254 fine.

338 1280 432 1335 De
473 1279 623 1335 vita
684 1278 1076 1336 Caesarum
1116 1280 1297 1336 libros
1345 1286 1475 1336 octo
1526 1280 1806 1337 Hadriano
1849 1282 2024 1354 impe-
2045 1282 2107 1323 ne
2137 1282 2339 1343 viaque·

212 1369 371 1419 rante
403 1363 588 1418 editos
631 1379 792 1433 esse,
838 1363 946 1419 iam
976 1364 1110 1419 olim
1155 1380 1186 1417 e
1224 1362 1370 1418 locis
1403 1381 1456 1435 p.
1495 1369 1633 1433 254,
1677 1370 1713 1423 8
1754 1370 1810 1418 et
1836 1370 1925 1435 40,
1956 1370 2025 1421 22
2046 1343 2192 1425 {⁸¹33
2220 1332 2343 1424 «3ιᾶῗὲ

210 1446 554 1502 intellectum
592 1454 712 1511 est3
752 1447 853 1503 sed
895 1447 1123 1504 invento
1159 1448 1373 1503 demum
1400 1446 1759 1518 Lydilibro,
1800 1449 1894 1519 qui
1939 1455 2027 1504 est

210 1531 280 1586 de
334 1530 754 1600 magistratibus
798 1532 1194 1600 Romanorum,
1238 1529 1469 1586 Parisiis
1521 1529 1705 1586 editus
1760 1548 1811 1585 a.
1866 1538 2024 1601 1812,

211 1613 345 1671 sciri
399 1613 582 1686 potuit
631 1630 741 1670 non
789 1615 902 1670 alio
946 1630 1128 1670 auno
1180 1629 1341 1685 quam
1386 1620 1522 1671 120
1572 1614 1832 1684 vulgatos
1874 1630 2021 1669 esse.

209 1698 391 1768 Lydus
447 1697 622 1766 euim,
661 1697 1104 1754 studiosissimus
1158 1696 1465 1766 Tranquilli
1516 1691 1728 1768 (verba
1783 1697 2024 1768 repetivi

208 1800 262 1854 p.
306 1786 445 1849 286,
490 1778 554 1855 2)
608 1780 906 1836 Caesarum
947 1782 1091 1838 vitas
1133 1780 1347 1837 dicatas
1395 1780 1475 1834 ait
1530 1780 1801 1852 Septimio
1856 1799 2024 1854 prae-

212 1867 359 1921 fecto
397 1864 711 1920 cohortium
743 1864 1237 1936 praetorianarum.
1329 1863 1410 1921 Eo
1443 1865 1572 1920 loco
1614 1880 1719 1936 pro
1751 1864 2022 1937 Septimio

210 1948 517 2023 Septicium
558 1949 935 2020 reponendum
975 1965 1103 2005 esse
1137 1966 1257 2005 eum
1303 1949 1371 2005 de
1406 1964 1514 2019 quo
1551 1965 1719 2021 supra
1763 1949 2022 2020 diximus,

207 2036 419 2106 primus
447 2033 490 2089 1.
517 2033 581 2089 D.
602 2033 739 2088 Fuss
770 2033 827 2088 iu
857 2033 1097 2106 epistola
1131 2033 1201 2088 ad
1233 2033 1456 2089 Hasium
1483 2033 1676 2089 Leodii
1710 2039 1846 2094 1820
1874 2035 2023 2089 edita

207 2117 436 2186 docuit,
476 2121 674 2188 postea
707 2117 861 2172 multi
895 2117 1147 2173 certatim
1177 2118 1652 2181 demonstrarunt;
1683 2134 1749 2172 ac
1781 2117 2024 2173 sortasse

207 2218 276 2256 ne
304 2200 567 2273 peccavit
592 2200 811 2271 quidem
844 2201 1146 2270 librarius,
1190 2216 1313 2256 cum
1343 2200 1480 2269 Lydi
1522 2201 1702 2256 codex
1741 2200 2024 2256 Parisinus

208 2286 409 2358 Suppl.
439 2300 630 2355 graec.
670 2301 724 2340 u.
758 2290 879 2345 257.
914 2291 1020 2341 tam
1052 2285 1219 2340 foede
1255 2284 1684 2340 commaculatus
1715 2300 1781 2339 ac
1810 2283 2024 2340 dilace-

206 2376 364 2426 ratus
395 2367 504 2439 sit,
547 2374 608 2423 ut
641 2384 707 2423 ea
748 2369 993 2425 litterula
1027 2374 1251 2424 essetne
1283 2386 1320 2422 κ
1351 2385 1420 2424 au
1451 2387 1492 2439 μ,
1523 2368 1777 2439 equidem
1808 2368 2025 2423 discer-

207 2469 345 2508 nere
404 2467 517 2507 nou
577 2451 864 2523 quiverim.
955 2451 1009 2507 Is
1069 2451 1350 2524 Septicius
1409 2468 1530 2506 cum
1586 2468 1689 2523 per
1743 2450 2024 2506 biennium

208 2554 257 2592 a.
288 2540 583 2596 119-121
616 2535 971 2607 praefectura
1002 2535 1220 2591 functus
1253 2536 1359 2605 sit,
1388 2535 1496 2591 iam
1526 2535 1707 2590 nullus
1738 2533 2025 2592 dubitandi

204 2621 371 2676 locus
407 2619 642 2675 relictus
674 2624 776 2674 est.

336 2703 454 2759 Sed
496 2702 773 2771 Lydianus
820 2702 980 2757 locus
1032 2716 1145 2756 nou
1189 2702 1368 2757 minus
1411 2700 1696 2756 commode
1746 2699 1803 2755 iu
1847 2700 2027 2755 lucem
2048 2692 2320 2768 ἀκέφαλοι

207 2787 441 2843 emersit
484 2785 553 2841 ad
589 2785 752 2841 aliam
783 2785 1072 2841 doctorum
1102 2785 1380 2840 hominum
1423 2784 1861 2840 controversiam
1890 2784 2029 2840 diri-

206 2870 496 2939 mendam,
554 2884 694 2939 quae
731 2869 802 2924 de
858 2869 1229 2941 principio
1285 2869 1581 2925 Caesarum
1641 2869 1907 2925 amisso
1958 2885 2025 2924 an

206 2960 439 3010 extante
482 2951 815 3022 agitabatur.
905 2952 1152 3007 Mutilum
1196 2969 1325 3009 esse
1367 2953 1599 3025 primum
1640 2952 1841 3007 librum
1874 2952 2027 3008 docti

204 3038 416 3094 dudum
459 3034 724 3092 viderunt
763 3042 821 3091 et
865 3035 1030 3108 primi
1079 3035 1300 3106 quidem
1354 3036 1762 3092 commemorati
1809 3036 1875 3090 ab
1921 3036 2028 3091 Ra-

206 3122 415 3193 pbaele
460 3120 834 3176 Volaterrano
887 3120 1403 3176 commentariorum
1447 3121 1781 3175 urbanorum
1823 3119 2026 3175 Romae

207 3223 257 3260 a.
293 3210 437 3264 1506
470 3203 745 3259 editorum
774 3203 921 3260 libro
955 3208 1054 3272 19,
1086 3201 1242 3259 cuius
1275 3205 1417 3259 haec
1447 3210 1572 3259 suut
1598 3204 1800 3258 verba:
1836 3201 2027 3273 Opinio

202 3288 700 3360 yrammaticorum
744 3287 1131 3342 nonnullorum
1165 3295 1247 3342 est
1281 3289 1530 3358 primam
1570 3286 1733 3342 vitam
1768 3287 2027 3343 Caesaris

206 3372 367 3429 haud
399 3375 671 3443 inteyram
711 3372 957 3443 reperiri
966 3413 979 3437 ,
1027 3385 1151 3426 cum
1179 3372 1468 3427 verisimile
1495 3386 1605 3425 non
1634 3372 1702 3424 sil
1726 3371 1902 3439 ipsius
1943 3370 2025 3419 in-

206 3456 495 3512 cunabula
541 3456 760 3527 generis
811 3456 1051 3510 tacuisse
1088 3455 1332 3525 adeoque
1365 3469 1441 3508 ex
1491 3452 1723 3522 abrupto
1768 3460 2027 3504 exorsum
