2553 3960
338 254 425 316 90
514 261 574 313 0.
607 263 907 313 summm
936 265 1191 326 Tamo.
1222 266 1321 313 ms
1346 266 1516 315 vrrA
1543 264 1911 315 CAESAmm
1932 268 2072 315 Lm.
2097 268 2202 317 111.

341 437 481 482 mox
506 418 775 499 dissedit,
820 431 879 482 et
908 421 1199 501 aliquanto
1229 424 1501 499 graviuS,
1546 430 1607 482 ut
1646 423 1815 482 etiam
1857 431 2146 501 perpetuo
2186 442 2352 487 secu·

341 505 543 584 baret,
568 507 904 586 ¹intercepto
936 508 1247 567 communis
1286 506 1366 567 fili
1397 509 1678 586 pignore,
1723 507 1819 585 qui
1846 505 2155 586 Aquileiae
2185 517 2354 571 natus

339 589 529 651 infans
574 592 861 650 extinctus
915 599 1023 651 est.
1109 589 1356 651 Drusum
1403 592 1641 651 fratrem
1688 592 1746 649 in
1795 588 2097 651 Germania
2145 594 2350 672 amisit,

343 676 503 734 cuius
535 691 780 753 corpus,
824 674 1070 753 pedibus
1101 682 1222 735 toto
1250 676 1459 735 itinere
1491 673 1946 754 praegrediens,
1987 676 2227 737 Romam
2259 696 2351 737 us·

343 776 457 838 que
488 759 778 838 pervexit.
2371 777 2397 818 s

280 863 324 918 g
467 841 734 905 Civilium
768 842 1090 904 officiorum
1128 842 1464 903 rudimentis
1496 861 1700 924 regem
1729 842 2080 905 Archelaum
2113 843 2351 905 Trallia-

341 947 451 991 nos
480 937 540 989 et
568 926 919 1004 Thessalos,
962 929 1124 988 varia
1155 944 1419 1006 quosque
1460 925 1533 986 de
1569 945 1775 1005 causa,
1818 927 2085 1005 Augusto
2132 945 2352 1005 cogno-

341 1021 548 1077 scente
573 1010 858 1081 defendit;
892 1029 1000 1090 pro
1023 1011 1365 1072 Laodicenis
1389 1010 1754 1086 Thyatirenis
1780 1011 1956 1090 Chiis,
1981 1021 2174 1072 terrae
2195 1022 2354 1073 motu

344 1097 575 1159 afflictis
596 1113 886 1175 opemque
914 1095 1370 1174 implorantibuS,
1396 1103 1654 1156 senatum
1684 1096 2032 1176 deprecatus
2056 1105 2173 1166 est3
2203 1095 2352 1157 Fan·

341 1183 495 1242 nium
521 1179 897 1258 Caepionem,
931 1181 1026 1259 qui
1052 1197 1179 1239 cum
1207 1180 1477 1240 Varrone
1505 1179 1746 1240 Murena
1773 1182 1831 1240 in
1857 1180 2180 1257 Augustum
2210 1197 2348 1240 con·
2373 1197 2424 1239 lo

345 1266 704 1345 spiraverat,
746 1281 906 1323 reum
938 1264 1254 1323 maiestatis
1294 1264 1445 1343 apud
1480 1263 1703 1325 iudices
1744 1265 1888 1325 fecit
1920 1271 1982 1324 et
2009 1264 2353 1325 condemna-

342 1351 444 1410 vit.
512 1347 786 1427 Interque
832 1346 979 1408 haec
1021 1347 1311 1427 duplicem
1354 1366 1549 1408 curam
1596 1348 2033 1426 administravit,
2090 1366 2357 1410 annonae

338 1451 492 1513 quae
520 1434 700 1493 artior
728 1431 1042 1510 inciderat,
1074 1440 1133 1492 et
1160 1432 1661 1509 repurgandorum
1691 1441 1812 1494 tota
1840 1433 2005 1493 Italia
2029 1433 2353 1511 ergastulo·

322 1536 488 1596 rum,
518 1533 759 1596 quorum
789 1515 1001 1577 domini
1027 1518 1084 1576 in
1111 1515 1380 1597 invidiam
1408 1525 1691 1578 venerant
1718 1519 1881 1596 quasi
1913 1526 2198 1597 exceptos
2217 1535 2355 1596 sup-

343 1604 693 1683 primerent,
743 1618 860 1661 non
885 1600 1070 1661 solum
1094 1602 1353 1661 viatores
1383 1601 1488 1662 sed
1528 1611 1587 1662 et
1616 1618 1763 1681 quos
1793 1603 2136 1662 sacramenti
2165 1611 2355 1662 metus
2375 1622 2423 1664 ιε

345 1686 417 1747 ad
446 1687 569 1747 eius
600 1685 754 1746 modi
785 1685 1039 1746 latebras
1073 1685 1469 1764 compulisset.

282 1784 324 1839 9
473 1769 769 1850 Stipendia
801 1771 984 1849 prima
1024 1769 1397 1849 expeditione
1438 1768 1784 1831 Cantabrica
1820 1769 2078 1832 tribunus
2116 1770 2359 1830 militum

341 1856 512 1931 fecit,
554 1853 686 1913 dein
716 1853 889 1914 ducto
917 1852 989 1914 ad
1023 1853 1319 1914 Orientem
1349 1854 1612 1914 exercitu
1644 1871 1888 1932 regnum
1914 1854 2227 1915 Armeniae
2260 1853 2356 1915 Ti-

343 1939 510 2018 grani
538 1938 789 1999 restituit
817 1955 888 1998 ac
917 1956 1026 2018 pro
1052 1937 1321 1999 tribunali
1350 1937 1610 1999 diadema
1638 1940 1927 2019 imposuit.
2014 1940 2267 2018 Recepit
2294 1946 2361 1999 et

344 2026 543 2102 signa,
576 2040 725 2101 quae
754 2022 830 2083 Μ.
862 2018 1076 2083 Crasso
1107 2022 1444 2083 ademerant
1470 2022 1683 2084 Parthi.
1741 2023 1882 2084 Post
1913 2024 2026 2084 hoc
2058 2022 2424 2086 Comatamze

342 2107 587 2170 Galliam
615 2121 763 2166 anno
792 2106 923 2166 fere
946 2108 1130 2184 rexit,
1165 2114 1224 2167 et
1253 2105 1631 2167 harbarorum
1659 2108 2081 2169 incursionibus
2115 2117 2174 2168 et
2195 2110 2355 2185 prin·

345 2191 535 2270 cipum
587 2189 877 2250 discordia
925 2191 1249 2270 inquietam.
1337 2191 1489 2251 Exin
1533 2193 1833 2253 Raeticum
1871 2192 2355 2272 Vindelicumque

342 2274 586 2351 bellum,
619 2273 751 2334 inde
780 2272 1192 2352 Pannonicum,
1223 2275 1358 2335 inde
1390 2275 1787 2337 Germanicum
1814 2271 2019 2354 gessit.
2104 2277 2353 2337 Raetico

340 2368 517 2438 atque
547 2357 855 2419 Vindelico
883 2360 1076 2435 gentis
1097 2357 1361 2438 Alpinas,
1386 2359 1719 2421 Pannonico
1750 2359 2010 2421 Breucos
2039 2369 2100 2420 et
2122 2359 2352 2421 Dalma-

341 2452 433 2503 tas
464 2441 729 2519 subegit,
776 2441 1119 2503 Germanico
1150 2443 1530 2522 quadraginta
1562 2444 1718 2505 milia
1748 2443 2145 2505 dediticiorum
2179 2446 2354 2505 traie·
2373 2466 2426 2506 25

339 2527 423 2587 cit
458 2528 514 2586 in
546 2525 784 2588 Galliam
811 2526 1084 2605 iuxtaque
1114 2529 1299 2606 ripam
1324 2528 1513 2588 Rheni
1545 2527 1777 2590 sedibus
1807 2527 2122 2606 adsignatis
2152 2528 2354 2589 conlo·

341 2612 514 2672 cavit.
604 2611 760 2686 Quas
806 2608 882 2671 ob
926 2628 1024 2670 res
1061 2620 1120 2671 et
1162 2629 1345 2672 ovans
1382 2620 1442 2672 et
1471 2631 1640 2672 curru
1677 2613 1877 2673 urbem
1907 2614 2206 2689 ingressus
2239 2620 2354 2691 est,

340 2697 524 2777 prius,
557 2704 619 2755 ut
650 2694 877 2774 quidam
906 2703 1127 2773 putant,
1164 2695 1601 2775 triumphalibus
1632 2697 1984 2757 ornamentis
2013 2696 2353 2774 honoratus,

339 2797 497 2840 novo
523 2797 635 2839 nec
668 2788 837 2840 antea
866 2781 1129 2857 cuiquam
1159 2779 1373 2840 tributo
1404 2798 1627 2858 genere
1657 2780 1915 2841 honoris.

467 2863 840 2941 Magistratus
868 2871 929 2923 et
953 2864 1223 2924 maturius
1252 2864 1547 2925 inchoavit
1580 2872 1640 2925 et
1667 2883 1859 2944 paene
1885 2865 2119 2925 iunctim
2142 2882 2352 2943 percu·
2372 2887 2425 2930 so

342 2950 554 3027 currit,
600 2952 996 3026 quaesturam,
1040 2956 1400 3027 praeturam,
1448 2948 1835 3019 consulatum:
1889 2950 2356 3028 interpositoque

341 3041 608 3113 tempore
644 3032 846 3094 consul
885 3033 1091 3092 iterum
1127 3033 1297 3093 etiam
1338 3033 1696 3093 tribuniciam
1730 3041 2078 3113 potestatem
2105 3034 2166 3091 in
2193 3033 2354 3110 quin-

257 3130 328 3183 10
343 3119 646 3195 quennium
691 3117 940 3196 accepit.
1030 3115 1141 3176 Tot
1169 3119 1473 3196 prosperis
1506 3116 1959 3194 confluentibus,
1996 3118 2224 3194 integra
2257 3133 2353 3175 ae-

343 3208 462 3260 tate
514 3218 582 3260 ac
634 3200 947 3262 valitudine
992 3202 1187 3261 statuit
1235 3210 1483 3280 repente
1532 3201 1817 3262 secedere
1856 3218 2037 3280 seque
2079 3219 2113 3260 e
2159 3198 2352 3259 medio

342 3300 512 3363 quam
552 3283 890 3361 longissime
931 3302 1233 3346 amovere:
1287 3284 1546 3364 dubium,
1591 3287 1868 3346 uxorisne
1909 3284 2134 3362 taedio,
2179 3294 2416 3363 quamv-⁷·

340 3383 533 3446 neque
582 3369 869 3429 criminari
904 3377 1001 3429 aut
1045 3368 1329 3437 dimittere
1374 3370 1614 3430 auderet
1652 3387 1844 3450 neque
1888 3369 2038 3430 ultra
2079 3368 2348 3447 perferre

341 3459 575 3530 posset,
616 3470 690 3512 an
718 3461 779 3512 ut
802 3454 982 3513 vitato
1017 3453 1366 3514 assiduitatis
1394 3453 1625 3515 fastidio
1659 3455 2058 3515 auctoritatem
2088 3451 2349 3513 absentia

342 3542 600 3594 tueretur
629 3544 801 3615 atque
834 3536 1004 3596 etiam
1035 3546 1299 3616 augeret,
1330 3539 1380 3597 si
1411 3537 1638 3618 quando
1672 3537 2014 3618 indiguisset
2044 3538 2131 3598 sui
2158 3553 2257 3597 res
2286 3552 2347 3615 p.
