2553 3960
140 3396 187 3433 et
211 3394 426 3434 virtutes.

465 233 586 283 XIV
1146 232 1564 281 PRAEFATIO.

471 389 669 446 melius
700 405 828 445 mox
858 389 914 444 in
949 389 1109 461 peius
1141 389 1355 459 mutati,
1390 389 1629 460 denique
1657 390 1895 462 perfecti
1926 407 1992 446 ac
2024 407 2277 447 cousum-

474 473 601 528 mati
634 489 899 544 nusquam
939 473 1158 544 plenam
1203 472 1501 542 imaginem
1544 473 1831 530 videamus
1878 474 2268 531 adumbratam.

475 555 687 613 Deinde
714 556 823 612 hoc
850 555 906 611 in
928 555 1199 612 Suetonio
1229 555 1744 627 reprehendendum
1776 562 1884 626 est,
1915 557 2066 628 quod
2093 574 2277 613 rerum

471 639 818 712 publicarum
850 639 1028 695 minus
1063 639 1307 709 diligens
1350 638 1455 693 fuit
1489 654 1648 708 quam
1678 637 1973 695 Caesarum
2015 642 2279 713 personis

472 723 695 793 dignum
724 722 962 778 videtur.
1052 722 1133 777 De
1166 738 1229 776 re
1266 720 1492 793 publica
1530 737 1670 793 pace
1702 722 1966 793 belloque
1995 724 2086 780 vel
2119 730 2277 780 aucta

471 806 563 863 vel
592 805 890 876 deminuta,
922 805 991 860 de
1022 803 1222 861 civium
1256 804 1792 876 provincialiumque
1826 812 2004 876 statu,
2034 807 2104 862 de
2132 807 2279 878 legi-

470 890 574 946 bus
616 895 672 945 et
705 888 1121 958 magistratibus
1159 904 1334 960 pauca
1366 888 1634 958 quaedam
1676 894 1733 944 et
1763 888 2000 946 disiecta
2043 890 2279 946 adnota-

470 971 583 1041 vit,
623 978 772 1028 totus
804 972 926 1027 fere
961 971 1017 1027 in
1058 970 1117 1026 id
1143 970 1420 1040 intentus,
1462 976 1521 1025 ut
1561 988 1591 1027 a
1626 969 1959 1030 Caesaribus
1991 972 2108 1030 suis
2139 974 2275 1029 nihil

468 1053 688 1111 humani
731 1054 968 1111 alienum
1013 1053 1185 1110 fuisse
1229 1054 1480 1111 doceret.
1567 1054 1707 1109 Hinc
1748 1056 1949 1111 factum
1989 1062 2076 1112 est
2117 1062 2176 1111 ut
2216 1054 2276 1111 in

469 1137 598 1193 Divi
626 1136 864 1209 Augusti
893 1138 1007 1195 vita
1037 1136 1326 1209 Agrippae
1372 1143 1428 1192 et
1455 1138 1792 1195 Maecenatis
1826 1140 2052 1208 laudes,
2095 1139 2149 1193 iu
2181 1138 2278 1194 'ri-

471 1220 633 1279 berio
654 1220 845 1276 Seiani
876 1221 1096 1277 scelera
1124 1220 1316 1277 verbis
1339 1221 1431 1277 vel
1464 1221 1631 1277 nullis
1654 1222 1745 1277 vel
1773 1221 2119 1294 parcissimis
2147 1221 2277 1278 illu-

468 1310 806 1368 strarenturg
837 1304 966 1360 binc
982 1303 1042 1359 G.
1061 1302 1350 1375 Caligulae
1376 1303 1790 1376 spurcissimum
1812 1305 1954 1362 illud
1977 1305 2275 1376 quadrien-

468 1387 615 1443 nium
640 1387 845 1458 integri
874 1387 1006 1444 libri
1038 1387 1274 1459 spatium
1311 1387 1590 1459 explevit3
1618 1388 1750 1444 hinc
1773 1388 1935 1445 trium
1964 1388 2274 1460 principum

467 1471 730 1541 rebellio,
757 1470 865 1527 nisi
898 1470 1074 1527 Taciti
1102 1471 1369 1527 historias
1398 1471 1620 1528 fortuna
1647 1478 1953 1541 servasset,
1987 1471 2273 1528 obscuris.

467 1554 603 1611 sima
639 1555 807 1611 foret.

590 1639 826 1696 Laborat
863 1637 1036 1709 igitur
1081 1636 1480 1695 Suetonianum
1520 1654 1697 1709 genus
1744 1638 1899 1695 vitiis
1948 1638 2272 1709 quibusdam

466 1737 576 1778 non
613 1721 865 1792 exiguis,
910 1738 1052 1793 quae
1083 1738 1206 1777 cum
1236 1722 1388 1778 vitae
1429 1722 1847 1792 studiorumque
1875 1737 2088 1792 genere
2132 1721 2275 1777 scri-

464 1806 643 1878 ptoris
674 1804 930 1861 videntur
961 1805 1255 1862 coniuncta
1287 1805 1479 1861 fnisse.
1567 1805 1811 1861 Publicis
1843 1805 1987 1861 euim
2027 1804 2272 1860 muneri-

464 1890 568 1946 bus
601 1904 890 1959 numquam
920 1889 1138 1944 functus
1169 1904 1273 1943 nee
1313 1887 1492 1958 magis
1529 1889 1693 1943 animi
1723 1889 1958 1960 quadam
1998 1887 2275 1959 magnitu-

466 1971 594 2029 dine
633 1971 868 2028 naturali
901 1971 1154 2042 adiutus,
1195 1972 1298 2028 sed
1327 1971 1507 2029 libros
1536 1971 1824 2029 indefesso
1859 1973 2046 2030 studio
2076 1973 2271 2044 legere

466 2071 773 2128 excerpere
819 2055 965 2111 iuter
1014 2072 1078 2111 se
1123 2056 1387 2111 conferre
1420 2056 1660 2127 solitus,
1704 2055 1928 2114 facilius
1965 2056 2270 2127 singularia

466 2145 522 2195 et
550 2139 739 2210 aliquo
767 2139 932 2195 modo
959 2139 1235 2195 exstantia
1266 2139 1413 2196 facta
1436 2140 1529 2197 vel
1557 2140 1703 2197 dicta
1732 2142 2175 2198 animadvertere
2207 2155 2271 2194 ac

465 2239 567 2295 per
599 2222 782 2293 capita
814 2238 1150 2294 componere
1182 2240 1343 2293 quam
1372 2224 1720 2294 aequabilem
1749 2227 2150 2298 copiosumque
2180 2239 2271 2277 re-

464 2322 583 2361 rum
612 2306 883 2375 ordinem,
913 2306 1007 2377 qui
1039 2306 1196 2378 quasi
1225 2307 1374 2364 vitae
1403 2308 1671 2364 humanae
1706 2308 1999 2364 decursum
2032 2305 2271 2376 aliquem

463 2388 793 2458 imitaretur,
823 2395 1125 2461 pertexere
1159 2390 1363 2462 potuit.
1448 2391 1582 2445 lnde
1615 2390 1902 2462 explicare
1932 2391 2087 2459 licet,
2120 2390 2269 2460 quod

467 2488 606 2543 quae
653 2473 723 2527 de
761 2472 883 2528 eius
929 2473 1245 2531 Illustribus
1288 2473 1428 2531 viris
1473 2477 1802 2544 supersunt,
1842 2472 2100 2544 quoniam
2144 2478 2271 2528 sunt

462 2555 742 2611 bominum
783 2555 986 2611 litteris
1030 2557 1342 2613 deditorum
1381 2555 1564 2624 vitae,
1614 2554 1918 2610 accedente
1962 2555 2126 2610 etiam
2182 2554 2269 2608 in-

464 2638 612 2709 signi
657 2639 997 2709 singularum
1027 2639 1341 2709 brevitate,
1384 2637 1748 2710 perfectionis
1786 2637 2033 2710 speciem
2063 2636 2268 2691 habent

463 2723 756 2787 maiorem
807 2721 1081 2779 Caesares
1126 2739 1298 2792 vere,
1350 2722 1472 2777 sive
1512 2722 1627 2779 nati
1669 2728 1797 2778 sunt
1839 2727 1895 2777 et
1942 2719 2160 2776 educati
2198 2720 2267 2775 ad

463 2822 618 2877 spem
646 2806 985 2878 imperandi,
1016 2806 1137 2863 sive
1165 2811 1433 2877 provecta
1464 2811 1645 2862 aetate
1675 2806 1745 2862 ad
1774 2804 2142 2878 principatum
2173 2820 2269 2859 ac-

462 2896 788 2960 cesserunt,
822 2891 892 2946 ad
938 2906 1097 2945 unam
1145 2888 1487 2959 eandemque
1532 2889 1652 2945 fere
1696 2888 1937 2961 capitum
1976 2888 2267 2944 formulam

461 2972 729 3045 descripti
764 2980 921 3043 sunt,
962 2979 1023 3028 ut
1051 2971 1463 3043 grammaticum
1502 2972 1778 3028 hominem
1807 2987 2120 3041 agnoscere
2164 2970 2268 3027 tibi

461 3054 723 3126 videare,
771 3057 861 3127 qui
910 3073 982 3111 ex
1021 3061 1306 3112 auctorum
1351 3054 1562 3112 infinita
1603 3055 1950 3111 multitudine
1997 3053 2266 3111 notabilia

462 3155 717 3211 quaeque
759 3141 1023 3212 decerpta
1057 3145 1114 3195 et
1153 3138 1210 3193 in
1242 3138 1522 3195 discretos
1567 3138 2018 3196 adversariorum
2050 3138 2265 3193 forulos

462 3222 735 3294 disposita
776 3223 1075 3279 interiecto
1114 3227 1366 3294 tempore
1397 3238 1733 3294 componere
1777 3227 1832 3277 et
1863 3221 1995 3278 stilo
2025 3221 2266 3277 formare

462 3322 766 3375 aggressus
806 3313 910 3362 est.

582 3388 719 3444 Sunt
751 3395 931 3444 tamen
973 3389 1061 3446 his
1100 3388 1239 3462 ipsis
1270 3389 1424 3447 vitiis
1472 3389 1665 3446 laudes
1715 3389 2083 3457 coniunctae,
2128 3403 2264 3459 quas

461 3470 702 3538 prudens
729 3471 1118 3529 historicarum
1148 3490 1331 3529 rerum
1373 3473 1543 3529 iudex
1572 3471 1793 3529 maximi
1823 3471 2023 3528 faciet:
2058 3470 2114 3526 in
2145 3471 2259 3526 col-
