2553 3960
968 266 1385 315 PRAEFATIO.
1894 270 2070 319 XLIII

226 440 407 499 qenus
441 425 790 498 proscripsit
822 424 1089 482 Graevius
1127 419 1138 502 Ι
1175 433 1243 486 25
1274 429 1385 481 iam
1414 432 1542 482 tunc
1567 427 1890 487 Politianus.
1934 445 2063 488 vero

232 519 368 564 tunc
409 509 697 564 Erasmus.
740 509 893 564 hoste
921 517 1048 564 tunc
1076 510 1202 567 Med
1228 520 1276 568 1.
1309 517 1361 567 2.
1411 510 1618 583 Copes.
1659 512 1810 569 Cort.
1852 516 1921 569 al.
1956 516 2061 570 Be-

232 593 484 650 roaldus.
535 593 689 648 hoste
726 591 884 649 Paris
906 599 1065 654 6116.
1117 593 1233 649 Exe
1258 594 1446 650 Cuiac.
1481 596 1554 651 al.
1601 611 1672 651 ne
1705 602 1831 652 tunc
1862 599 1986 661 Med
2010 605 2061 658 3.

233 682 356 734 uete
382 678 599 732 Mamm.
641 668 652 755 Ι
689 682 760 736 28
790 676 1064 748 Enniam,
1099 678 1297 733 Naevii
1319 678 1607 734 Macronis
1639 680 1997 738 Casaubouus
2032 676 2057 761 ΙΙ

236 767 359 830 125,
389 767 423 821 6
454 763 503 815 is
524 761 741 816 Memm.
774 775 879 832 pro
904 760 990 816 his
1027 758 1036 832 1
1076 767 1144 821 16
1175 761 1349 818 habeo
1382 769 1436 817 et
1463 764 1572 820 cod
1586 762 1741 819 Coi-t.
1773 765 1993 821 vindob
2007 771 2059 823 2.

235 847 308 901 ed
334 846 470 901 Rom
495 847 541 897 1.
579 859 685 916 pro
717 849 770 899 et
808 844 980 900 habeo
1011 837 1037 924 ΙΙ
1069 851 1202 916 126,
1241 852 1276 904 4
1308 846 1494 903 Liviae
1520 848 1800 919 Auqustae
1833 849 2063 905 Beroal-

235 930 339 984 dus
378 919 390 1007 Ι
428 933 464 988 8
493 928 694 983 adiecit
724 929 1033 984 Beroaldus
1070 946 1174 1001 pro
1207 931 1412 1002 adfecit
1448 922 1458 1007 Ι
1496 935 1564 990 29
1587 931 1807 1002 fascias
1832 933 2062 988 Beroal-

235 1014 341 1068 dus
387 1027 494 1086 pro
529 1011 725 1084 fasces
751 1003 779 1090 ΙΙ
811 1017 946 1083 127,
991 1019 1060 1071 12
1102 1014 1182 1069 ad
1206 1013 1545 1069 Puteolanas
1587 1015 1913 1072 Torrentius
1954 1031 2058 1087 pro

232 1097 570 1153 Puteolanas
619 1089 629 1174 Ι
676 1102 745 1156 18
772 1110 1010 1169 quercea
1041 1113 1170 1168 ego.
1222 1099 1498 1169 quiercica
1532 1099 1743 1155 Merum.
1800 1102 2059 1172 quercica

232 1179 394 1236 Paris
419 1186 573 1240 6116.
612 1179 749 1235 Edd.
780 1182 1049 1252 quercina
1092 1182 1200 1236 cod
1225 1181 1396 1237 Basil.
1440 1181 1659 1239 Vindob
1685 1191 1736 1242 1.
1776 1198 2058 1257 querquea

233 1263 482 1321 Historia
533 1261 804 1320 miscella.
876 1279 1049 1320 aerea
1105 1265 1229 1321 Med
1256 1274 1305 1325 1.
1346 1273 1396 1325 3.
1467 1267 1588 1322 Aur
1601 1267 1815 1324 Victor.
1880 1283 2061 1323 aurea

232 1348 567 1403 Politianus.
619 1362 862 1421 qucrnea
892 1350 1000 1405 cod
1027 1347 1178 1404 Cort.
1212 1349 1433 1406 Vindob
1459 1356 1493 1406 2
1520 1346 1547 1426 ΙΙ
1580 1355 1703 1421 128,
1739 1357 1808 1412 23
1837 1351 2061 1407 eGrae-

231 1434 323 1486 cia
358 1433 429 1487 ed
444 1431 664 1502 Argent
687 1438 837 1491 1515.
874 1431 1146 1504 Egnatius
1181 1449 1286 1504 pro
1321 1437 1543 1506 eqreqia
1572 1425 1600 1514 ΙΙ
1632 1440 1766 1505 129,
1801 1441 1866 1493 12
1899 1435 2059 1491 Sicu-

231 1517 430 1587 lasque
458 1515 774 1571 Sabellicus
807 1532 911 1589 pro
942 1516 1297 1588 sinqulasque
1343 1512 1356 1599 Ι
1406 1525 1475 1577 18
1503 1518 1812 1574 Lurconem
1841 1519 2060 1591 Lipsius

232 1614 341 1671 pro
371 1599 687 1672 Lyrqonem
745 1593 757 1676 Ι
816 1604 886 1660 28
927 1600 1215 1656 oboluisset
1249 1601 1558 1658 Beroaldus
1600 1618 1705 1674 pro
1749 1603 2063 1659 abolevisset

233 1684 327 1738 vel
357 1684 677 1741 abolevisset
704 1674 733 1762 ΙΙ
763 1691 884 1757 130,
911 1689 979 1743 12
993 1687 1370 1756 prostraverit
1394 1685 1720 1741 Beroaldus.
1757 1689 2066 1756 prostrarit

233 1769 578 1824 Burmannus
611 1783 715 1839 pro
754 1771 1058 1839 prostravit
1093 1761 1103 1847 Ι
1140 1774 1211 1829 36
1244 1785 1355 1824 non
1390 1771 1554 1839 prius
1584 1769 1868 1825 excidisse
1900 1769 2061 1825 vide·

235 1858 345 1905 tur.
400 1868 567 1924 quam
601 1852 826 1907 enixam
860 1854 1063 1909 uxorio
1089 1853 1309 1908 nomine
1336 1854 1590 1925 diqnatus
1617 1860 1701 1908 est
1726 1853 1880 1910 Paris
1897 1859 2056 1914 6116.

233 1936 363 1992 Med
378 1941 432 1994 2.
469 1935 540 1992 al.
583 1933 721 1992 Edd.
751 1929 780 2014 ΙΙ
812 1943 1019 2007 131,28
1038 1951 1231 1993 serens
1261 1938 1368 1994 cod
1388 1938 1555 1994 Basil.
1590 1938 1662 1995 al.
1696 1938 1767 1994 ed
1789 1938 1921 1996 Rom
1935 1943 2059 1997 1.2.

231 2036 339 2094 pro
368 2020 567 2093 ferens
605 2013 615 2098 Ι
653 2025 720 2080 32
746 2021 1140 2092 qladiatoribus
1168 2023 1372 2078 deesse
1387 2017 1609 2078 videtur
1645 2014 1658 2101 Ι
1695 2028 1765 2082 33
1784 2025 2059 2094 paeqnia-

234 2107 316 2158 ris
349 2121 479 2175 ego.
526 2107 830 2176 peqniares
859 2105 1070 2161 Memm.
1107 2108 1397 2178 peqmaris
1427 2107 1551 2162 Med
1576 2115 1627 2164 1.
1659 2113 1710 2166 3.
1759 2121 2058 2178 peqmares

233 2188 391 2243 Paris
414 2193 571 2248 6116.
607 2190 678 2246 al.
716 2189 854 2245 Edd.
897 2182 906 2264 Ι
943 2194 1012 2249 34
1041 2189 1301 2245 obiciebat
1327 2190 1665 2246 Burmannus
1696 2206 1800 2262 pro
1828 2191 2057 2246 subicie-

235 2273 328 2326 bat
368 2263 397 2350 ΙΙ
439 2277 572 2342 132,
609 2278 677 2332 36
720 2273 823 2329 hoc
864 2278 948 2329 est
984 2274 1428 2329 inverecundiam
1472 2275 1684 2329 delevit
1726 2273 1994 2344 Egnatius
2039 2277 2051 2341 Ι

235 2362 305 2416 58
338 2362 392 2410 et
429 2357 486 2409 in
521 2371 710 2411 omnes
751 2358 856 2414 cod
879 2356 1035 2412 Palat
1058 2363 1109 2416 3.
1159 2358 1477 2415 Sabellicus
1513 2374 1617 2430 pro
1660 2364 1713 2414 et
1751 2358 1983 2414 hominis
2027 2350 2054 2436 ΙΙ

236 2445 359 2510 134,
390 2445 426 2499 3
460 2446 514 2494 et
537 2441 692 2495 miles
712 2440 1069 2497 Ruhnkeuius
1108 2433 1119 2519 Ι
1155 2447 1225 2500 24
1254 2443 1549 2497 demetetur
1574 2440 1844 2498 Graevius
1874 2433 1901 2522 ΙΙ
1936 2449 2057 2512 135,

234 2530 268 2581 4
297 2537 370 2577 ne
394 2524 492 2593 qui
514 2541 565 2579 r.
591 2541 656 2595 p.
680 2541 744 2596 p.
777 2539 932 2580 reum
963 2519 1293 2595 Rulgersius
1331 2519 1341 2603 Ι
1382 2532 1447 2586 16
1477 2525 1831 2596 hoplomacho
1861 2526 2058 2583 Sabel-

235 2607 378 2661 licus
413 2623 519 2679 pro
556 2607 880 2679 aplomacho
929 2599 941 2686 Ι
987 2614 1057 2664 20
1086 2606 1414 2665 Nemorensi
1448 2609 1766 2664 Sabellicus
1808 2625 1913 2682 pro
1943 2610 2055 2664 Ne·

232 2693 468 2745 mor-essi
501 2683 514 2769 Ι
552 2697 621 2752 29
641 2707 815 2764 neque
841 2707 980 2748 suae
1003 2691 1257 2748 omittunt
1290 2709 1478 2748 omnes
1506 2697 1732 2764 praeter
1755 2692 1871 2748 Exc
1885 2692 2056 2748 Notre

237 2776 437 2842 Dame,
468 2774 647 2831 Periz.
693 2777 761 2832 ed
783 2777 914 2832 Rom
940 2782 973 2833 2
1017 2767 1044 2855 ΙΙ
1089 2782 1221 2846 136,
1256 2782 1325 2836 18
1364 2774 1723 2848 symphonias
1750 2774 1867 2832 Exc
1881 2775 2054 2833 Notre

236 2859 441 2928 Deme,
475 2860 582 2915 cod
609 2860 774 2915 Basil.
808 2861 880 2915 al.
913 2876 1016 2932 pro
1047 2860 1330 2932 symphrO.
1368 2861 1458 2916 vel
1486 2861 1750 2935 simphro.
1783 2851 1810 2939 ΙΙ
1840 2867 1963 2931 137,
1989 2867 2062 2921 19

232 2944 480 2998 sestertio
521 2942 742 2998 Ernesti
783 2959 888 3016 pro
926 2947 1233 3000 sestertium
1290 2940 1301 3022 Ι
1352 2950 1417 3002 21
1461 2946 1676 3002 libertos
1722 2945 2048 3001 Beroaldus.

234 3026 450 3090 liberios
479 3027 692 3082 Memm.
727 3043 830 3099 pro
861 3028 1060 3084 liberos
1086 3021 1114 3107 ΙΙ
1158 3034 1292 3100 138,
1323 3035 1391 3089 16
1421 3029 1792 3101 distinctisque
1821 3029 1890 3084 ed
1904 3028 2051 3084 Basil

236 3116 390 3171 1533.
441 3110 797 3183 discretisque
841 3110 1291 3185 OudendorpiuS.
1348 3113 1716 3185 districtisque
1756 3112 1970 3167 Memm.
2018 3129 2050 3169 a

234 3194 412 3265 prima
455 3211 617 3251 manu
649 3210 752 3269 pro
789 3197 1173 3270 distractisque
1208 3196 1301 3252 vel
1332 3198 1725 3268 destructisque
1767 3187 1795 3275 ΙΙ
1840 3202 1967 3267 139,
2017 3206 2050 3256 5

234 3285 397 3333 antea
439 3280 544 3334 iter
584 3279 678 3336 lac
696 3279 1007 3337 Gronovius
1039 3298 1143 3353 pro
1175 3287 1305 3335 ante
1342 3283 1485 3337 alter
1532 3272 1545 3359 Ι
1600 3286 1667 3341 18
1704 3295 1811 3336 sea:
1847 3282 2048 3337 milium

232 3361 468 3434 Lipsius.
508 3377 700 3417 senum
737 3365 935 3419 milium
963 3364 1324 3421 Casaubonus
1352 3359 1381 3441 ΙΙ
1414 3370 1533 3436 141,
1563 3372 1592 3422 1
1623 3365 1810 3421 urbem
1842 3378 2051 3421 omnem

227 3446 360 3517 petit
393 3446 606 3502 Memm.
652 3447 842 3505 Medl.
876 3455 926 3508 3.
975 3449 1178 3521 Copes.
1230 3441 1239 3524 Ι
1288 3454 1323 3504 2
1362 3447 1694 3503 avertendos
1736 3447 2051 3504 Sabellicus

232 3544 334 3600 pro
356 3531 646 3588 vertendos
681 3526 693 3609 Ι
730 3538 799 3593 30
820 3532 1091 3605 efferabat
1106 3532 1246 3588 Edd.
1278 3547 1379 3604 pro
1404 3530 1672 3602 efferebat
1697 3522 1729 3611 ΙΙ
1759 3534 1856 3587 142
1873 3569 1887 3597 ,
1911 3533 1946 3583 2
1965 3528 2051 3580 in·
