2553 3960
305 180 347 242 6
467 190 528 239 C.
567 184 871 238 SUETONI
914 190 1174 250 TRANQ.
1204 191 1304 238 DE
1330 190 1499 239 VITA
1531 190 1903 240 CAESARUM
1937 193 2077 241 LIB.
2121 195 2173 242 1.

308 366 458 427 quos
487 346 767 427 placitum
797 354 985 422 esset,
1031 344 1367 407 dictaturam
1415 345 1663 407 Crassus
1706 349 2041 426 invaderet,
2089 351 2222 428 ipse
2251 348 2323 410 ab

307 449 382 492 eo
415 432 696 509 magister
729 433 980 510 equitum
1013 429 1335 508 diceretur,
1371 434 1795 511 constitutaque
1823 432 1896 493 ad
1931 433 2230 493 arbitrium
2257 451 2322 494 re

306 516 577 596 publica,
622 515 818 576 Sullae
853 524 912 574 et
945 513 1231 574 Autronio
1270 515 1605 576 consulatus
1645 518 2065 577 restitueretur.
2124 517 2320 578 Memi-

304 609 512 661 nerunt
541 599 708 659 huius
737 600 1154 659 coniurationis
1182 599 1463 660 Tanusius
1487 599 1759 661 Geminus
1784 603 1840 661 in
1864 601 2140 678 historia,
2169 602 2320 663 Mar-

306 703 410 747 cus
440 684 682 745 Bibulus
711 686 770 745 iu
799 684 1039 760 edictis,
1073 682 1140 744 C.
1167 681 1344 745 Curio
1371 693 1537 762 pater
1573 686 1629 744 in
1661 685 2038 747 orationibus.
2097 686 2189 748 De
2215 687 2324 746 hac
2346 704 2371 743 ⁵

305 771 641 847 significare
682 769 909 829 videtur
951 776 1008 826 et
1042 766 1289 845 Cicero,
1342 771 1401 828 in
1444 768 1688 847 quadam
1723 770 1795 829 ad
1825 770 2035 831 Axium
2070 772 2323 850 epistula

303 854 607 932 referens,
636 853 950 915 Caesarem
980 854 1037 911 in
1062 851 1365 913 consulatu
1393 854 1767 914 confirmasse
1799 873 2075 932 regnum,
2099 854 2170 915 de
2204 871 2321 934 quo

302 938 511 1000 aedilis
555 940 861 1016 cogitarat.
922 936 1206 997 Tanusius
1255 938 1463 1013 adicit,
1512 937 1785 999 Crassum
1826 941 2177 1017 paenitentia
2225 938 2322 999 vel

302 1032 458 1085 metu
494 1022 646 1081 diem
679 1021 843 1082 caedi
873 1022 1213 1082 destinatum
1241 1040 1361 1083 non
1395 1021 1628 1100 obisse,
1667 1032 1725 1082 et
1756 1024 1975 1084 idcirco
2006 1042 2080 1083 ne
2105 1023 2320 1084 Caesa-

304 1125 431 1167 rem
460 1107 691 1184 quidem
731 1108 989 1184 signum,
1029 1107 1186 1185 quod
1220 1106 1294 1166 ab
1336 1123 1411 1166 eo
1452 1106 1575 1167 dari
1618 1117 2002 1185 convenerat,
2047 1106 2315 1177 dedisse;
2343 1122 2394 1164 ιο

309 1191 659 1251 convenisse
698 1199 894 1250 autem
936 1190 1112 1251 Curio
1167 1192 1279 1268 ait,
1332 1200 1391 1250 ut
1433 1201 1632 1269 togam
1673 1189 1746 1251 de
1794 1209 1991 1251 umero
2038 1191 2321 1252 deiceret.

305 1275 468 1335 Idem
503 1273 680 1336 Curio
714 1274 819 1335 sed
854 1283 913 1335 et
953 1275 1030 1335 Μ.
1063 1274 1342 1335 Actorius
1370 1274 1530 1336 Naso
1562 1285 1836 1336 auctores
1879 1284 2043 1353 sunt,
2087 1275 2323 1355 conspi-

306 1377 472 1421 rasse
504 1378 635 1420 eum
670 1361 841 1420 etiam
874 1377 1000 1419 cum
1033 1358 1234 1420 Gnaeo
1258 1359 1473 1421 Pisone
1516 1360 1926 1437 adulescente,
1973 1362 2060 1421 cui
2107 1360 2184 1420 ob
2230 1378 2323 1420 su·

308 1445 636 1524 spicionem
688 1444 944 1504 urbanae
1009 1445 1423 1504 coniurationis
1473 1446 1774 1524 provincia
1823 1444 2101 1523 Hispania
2167 1444 2321 1504 ultro

308 1538 475 1589 extra
505 1529 765 1589 ordinem
809 1527 938 1588 data
975 1529 1073 1598 sit;
1114 1537 1499 1608 pactumque,
1550 1537 1611 1589 ut
1645 1528 1811 1589 simul
1844 1529 1988 1589 foris
2022 1529 2157 1606 ille,
2192 1529 2395 1608 ipseis

305 1614 530 1674 Romae
555 1614 628 1676 ad
649 1632 748 1674 res
771 1630 955 1673 novas
983 1622 1439 1691 consurgerent,
1465 1631 1573 1691 per
1595 1612 1923 1673 Ambranos
1950 1622 2009 1673 et
2031 1612 2325 1691 Transpa-

313 1699 530 1767 danos;
565 1699 896 1760 destitutum
925 1697 1224 1775 utriusque
1257 1699 1558 1758 consilium
1588 1707 1775 1757 morte
1807 1696 2055 1758 Pisonis.

225 1790 290 1842 lo
436 1781 665 1842 Aedilis
709 1791 945 1860 praeter
1002 1782 1292 1842 comitium
1347 1800 1418 1842 ac
1468 1780 1656 1842 forum
1712 1781 2105 1861 basilicasque
2154 1782 2329 1841 etiam

307 1866 662 1945 Capitolium
692 1867 919 1927 ornavit
954 1866 1274 1945 porticibus
1304 1866 1377 1926 ad
1406 1874 1635 1944 tempus
1670 1866 1989 1943 extructis,
2021 1867 2080 1925 in
2112 1865 2327 1945 quibus

306 1950 633 2013 abundante
676 1969 869 2011 rerum
906 1951 1077 2030 copia
1119 1968 1256 2029 pars
1298 1959 1613 2030 apparatus
1656 1959 2069 2031 exponeretur.
2132 1952 2397 2013 Vena-2⁰

305 2038 496 2096 tiones
550 2045 741 2097 autem
780 2036 1068 2114 ludosque
1116 2045 1175 2095 et
1219 2055 1347 2096 cum
1393 2036 1628 2113 collega
1673 2044 1730 2095 et
1772 2036 2084 2114 separatim
2127 2034 2327 2111 edidit,

308 2137 425 2199 quo
468 2120 683 2182 factum
727 2129 848 2198 est,
909 2130 970 2180 ut
1018 2122 1395 2180 communium
1455 2137 1689 2199 quoque
1742 2121 2112 2198 inpensarum
2165 2119 2329 2179 solus

307 2205 554 2281 gratiam
588 2214 857 2284 caperet,
902 2223 1014 2264 nec
1048 2203 1440 2264 dissimularet
1472 2205 1707 2281 collega
1733 2205 1858 2264 eius
1890 2204 2123 2265 Marcus
2154 2203 2325 2263 Bibu-

305 2288 431 2364 lus,
480 2290 758 2349 evenisse
796 2288 921 2349 sibi
956 2288 1123 2368 qaod
1143 2287 1419 2350 Polluci.-
1453 2294 1522 2349 at
1550 2288 1708 2349 enim
1726 2289 1986 2368 qemim‘s
2009 2287 2328 2367 fratribus

309 2371 499 2432 aedes
544 2373 609 2433 in
645 2372 790 2450 foro
826 2372 1157 2434 constituta
1203 2379 1439 2435 tantum
1474 2371 1764 2434 Castoris
1818 2380 2153 2434 vocaretur
2168 2418 2186 2449 ,
2236 2372 2329 2432 ita
2345 2386 2397 2428 25

307 2470 488 2516 suam
514 2455 939 2536 Caesarisque
965 2458 1442 2536 munificentiam
1470 2457 1656 2518 unius
1689 2455 1995 2518 Caesaris
2024 2457 2168 2517 dici.
2213 2455 2330 2517 Ad·

306 2541 446 2600 iecit
475 2543 718 2620 insuper
743 2540 963 2602 Caesar
1001 2544 1173 2601 etiam
1195 2541 1601 2620 gladiatorium
1633 2560 1869 2618 munus,
1902 2541 2008 2601 sed
2031 2540 2330 2619 aliquanto

309 2625 684 2704 paucioribus
734 2644 903 2705 quam
939 2625 1332 2686 destinaverat
1376 2625 1639 2705 paribus;
1689 2643 1819 2686 nam
1866 2643 1992 2686 cum
2026 2623 2330 2703 multiplici

307 2709 561 2789 undique
619 2711 841 2772 familia
907 2718 1242 2788 comparata
1298 2711 1561 2771 inimicos
1618 2710 2033 2787 exterruisset,
2062 2749 2072 2757 ·
2105 2717 2332 2770 cautum

308 2804 398 2855 est
444 2795 515 2855 de
560 2812 799 2854 numero
825 2795 1209 2873 gladiatorum
1226 2839 1243 2870 ,
1273 2811 1390 2874 quo
1415 2812 1488 2854 ne
1512 2795 1790 2855 maiorem
1816 2795 2082 2874 cuiquam
2105 2792 2328 2853 habere
2348 2805 2400 2847 ³0
2503 2858 2509 2883 1

304 2879 527 2940 Romae
556 2878 778 2939 liceret.

224 2990 286 3042 11
442 2962 768 3024 Conciliato
809 2964 1013 3042 populi
1058 2962 1263 3024 favore
1308 2964 1610 3042 temptavit
1653 2981 1761 3041 per
1804 2972 2029 3042 partem
2071 2961 2331 3022 tribuno·
2503 2982 2509 3047 1

268 3072 273 3075 -
313 3065 470 3123 rum,
504 3056 567 3106 ut
595 3048 705 3107 sibi
730 3047 1041 3128 Aegyptus
1076 3048 1378 3126 provincia
1412 3048 1574 3128 plebi
1605 3048 1754 3108 scito
1787 3046 2053 3123 daretur,
2086 3055 2331 3107 nanctus

310 3131 752 3191 extraordinarii
796 3133 1025 3212 imperii
1056 3134 1463 3208 occasionem,
1511 3131 1668 3212 quod
1702 3131 2085 3193 Alexandrini
2122 3149 2331 3208 regem

308 3232 472 3274 suum
502 3215 723 3274 socium
755 3225 929 3295 atque
965 3217 1206 3277 amicum
1240 3235 1272 3277 a
1306 3225 1510 3277 senatu
1552 3216 1912 3295 appellatum
1955 3215 2395 3295 expulerant,³⁸
2507 3250 2508 3265 κ

308 3315 529 3376 resque
561 3298 742 3375 vulgo
773 3300 1211 3379 inprobabatur.
1271 3300 1403 3361 Nec
1433 3301 1679 3361 obtinuit
1706 3301 2055 3362 adversante
2086 3300 2330 3379 optima-

308 3384 446 3441 tium
491 3382 778 3459 factione,
825 3401 1066 3461 quorum
1103 3387 1506 3447 auctoritatem
1540 3394 1602 3446 ut
1645 3386 1853 3464 quibus
1898 3394 2104 3465 posset
2140 3384 2333 3444 modis

307 3465 365 3524 iu
403 3466 595 3525 vicem
638 3464 1023 3546 deminueret,
1079 3478 1324 3550 tropaea
1369 3470 1474 3533 Gai
1508 3471 1653 3532 Mari
1706 3469 1779 3530 de
1819 3468 2094 3548 Iugurtha
2137 3467 2331 3547 deque
