2553 3960
185 948 252 1005 47

279 188 394 247 194
443 197 502 245 c,
531 198 830 247 SUETONI
863 199 1118 259 TRANQ.
1157 200 1249 245 DE
1286 201 1447 247 vrrA
1488 200 1854 247 CAESARUM
1887 200 2024 246 Lm.
2050 201 2143 247 vl.

271 354 528 432 quentia,
557 355 654 413 vix
679 364 953 433 repertae
980 351 1253 432 Capitolii
1283 354 1500 413 claves.
1565 354 1704 414 Cum
1731 373 1806 413 ex
1831 357 2093 414 oratione
2116 355 2264 432 εἰπε,

274 455 385 516 qua
411 439 470 496 in
492 437 799 497 Vindicem
823 439 1154 517 perorabat,
1179 440 1522 497 recitaretur
1545 439 1598 496 in
1619 447 1840 514 senatu,
1868 437 2105 498 daturos
2123 457 2262 517 poe·

270 538 373 582 nas
399 521 725 582 sceleratos
752 540 822 582 ao
849 521 1011 581 brevi
1038 521 1269 598 dignum
1296 523 1507 581 exitum
1532 521 1810 598 facturos,
1848 522 2265 582 conclamatum

271 614 359 665 est
409 605 481 665 ab
521 605 843 666 universis:
904 603 991 665 Tu
1026 605 1266 684 facies,
1316 603 1625 683 Auquste!
1687 604 2070 666 Observatum
2094 608 2264 667 etiam

269 690 488 767 iuerat,
515 692 885 750 novissimam
911 687 1162 749 fabulam
1189 698 1457 750 cantasse
1484 690 1610 748 eum
1637 688 1870 768 publice
1903 688 2262 769 Oedipodem
2283 723 2309 760 ⁵

270 773 503 834 exulem
529 783 700 853 atque
732 775 786 833 in
811 773 925 833 hoc
951 773 1179 833 desisse
1201 792 1410 833 versu:

468 859 717 918 Θανεϊν
760 846 819 937 μ’
859 848 1079 936 ἄνωγε
1123 849 1499 937 σύγγαμος,
1544 848 1793 936 μήτηρ,
1841 848 2076 937 πατήρ.

397 941 665 1001 Nuntiata
693 942 917 1001 interim
954 944 1123 1001 etiam
1162 950 1491 1001 ceterorum
1522 942 1876 1000 exercituum
1908 940 2263 1017 defectione,

272 1026 493 1086 litteras
520 1025 818 1104 prandenti
844 1024 953 1085 sibi
981 1024 1236 1085 redditas
1276 1026 1632 1103 concerpsit,
1678 1042 1931 1084 mensam
1964 1023 2264 1101 subvertit,

273 1109 419 1170 duos
444 1109 701 1188 scyphos
726 1110 1036 1187 gratissimi
1063 1127 1216 1185 usus,
1245 1126 1392 1186 quos
1413 1107 1718 1167 Homerios
1744 1127 1776 1168 a
1813 1109 2103 1169 caelatura
2138 1126 2260 1169 oar·
2288 1124 2336 1164 ιο

270 1194 477 1252 minum
502 1192 739 1252 Homeri
763 1191 1043 1269 vocabat,
1077 1192 1206 1252 solo
1228 1192 1434 1269 inlisit,
1472 1209 1542 1252 ac
1572 1201 1801 1272 sumpto
1842 1211 1874 1252 a
1897 1192 2140 1253 Lucusta
2165 1211 2263 1251 ve·

271 1293 421 1336 neno
454 1285 511 1335 et
535 1278 593 1335 in
619 1294 847 1336 auream
887 1276 1160 1354 pyxidem
1201 1276 1458 1353 condito,
1498 1278 1723 1336 transiit
1755 1279 1811 1335 in
1840 1277 2047 1336 hortos
2070 1277 2264 1335 Servi-

272 1361 478 1436 lianos,
503 1360 618 1437 nbi,
644 1361 980 1439 praemissis
1003 1359 1342 1420 libertorum
1367 1359 1658 1419 fidissimis
1683 1359 1900 1420 Ostiam
1925 1360 1996 1420 ad
2017 1360 2266 1420 classem

274 1444 749 1524 praeparandam,
776 1443 1037 1504 tribunos
1064 1444 1550 1523 centurionesque
1576 1446 1850 1522 praetorii
1876 1443 1948 1503 de
1973 1445 2147 1521 fugae
2171 1460 2265 1503 so·

273 1530 482 1589 cietate
503 1529 823 1607 temptavit.
886 1526 1001 1587 Sed
1029 1528 1234 1607 partim
1261 1527 1796 1605 tergiversantibus,
1835 1530 2038 1606 partim
2062 1536 2266 1606 aperte
2289 1545 2338 1584 ιε

273 1612 747 1688 detrectantibus,
775 1630 888 1673 uno
913 1629 1059 1672 vero
1099 1613 1270 1671 etiam
1307 1611 1740 1691 proclamante:
1788 1610 1993 1691 Usque
2030 1610 2270 1672 adeone

273 1696 432 1756 mori
461 1697 751 1756 miserum
781 1698 917 1756 est?
950 1697 1110 1756 varie
1137 1697 1396 1772 agitavit,
1421 1695 1741 1755 Parthosne
1767 1709 1841 1755 arr
1875 1694 2112 1756 Galbam
2131 1713 2264 1774 sup-

277 1781 416 1858 plex
442 1788 689 1858 peteret,
717 1799 788 1840 an
818 1788 1035 1840 atratus
1075 1779 1332 1859 prodiret
1364 1780 1419 1838 in
1455 1778 1749 1858 publicum
1788 1797 2013 1858 proque
2056 1780 2266 1840 rostris

276 1871 483 1941 quanta
506 1864 749 1923 maxima
776 1873 980 1942 posset
1000 1865 1374 1923 miseratione
1400 1865 1625 1922 veniam
1652 1866 2094 1941 praeteritorum
2132 1881 2263 1942 pre·

276 1956 526 2023 caretur,
553 1965 623 2007 ac
650 1950 707 2007 ni
734 1948 996 2008 flexisset
1019 1949 1260 2024 animoS,
1282 1946 1377 2006 vel
1401 1945 1657 2026 Aegypti
1681 1947 2105 2027 praefecturam
2128 1964 2264 2008 con·
2283 1963 2338 2004 20

276 2032 404 2092 cedi
439 2031 547 2091 sibi
587 2041 801 2091 oraret.
863 2032 1137 2091 Inventus
1172 2042 1262 2092 est
1300 2041 1506 2111 postea
1544 2033 1600 2090 in
1637 2033 1852 2092 scrinio
1886 2034 2009 2092 eius
2047 2033 2155 2092 hac
2193 2031 2264 2091 de

274 2134 338 2175 re
364 2132 557 2174 sermo
593 2115 903 2184 formatus;
944 2115 1049 2175 sed
1084 2115 1418 2175 deterritum
1461 2124 1674 2195 putant,
1704 2134 1777 2175 ne
1813 2118 1971 2196 prius
2007 2134 2172 2196 quam
2209 2116 2266 2174 in

274 2198 461 2258 forum
487 2200 821 2277 perveniret
845 2199 1298 2278 discerperetur.
1684 2245 1689 2250 .

400 2282 500 2342 Sic
524 2281 878 2359 cogitatione
915 2284 973 2342 in
1004 2292 1304 2363 posterum
1340 2282 1487 2343 diem
1530 2282 1718 2358 dilata,
1755 2282 1827 2343 ad
1858 2283 2102 2343 mediam
2138 2282 2267 2342 fere

273 2375 504 2425 noctem
544 2367 857 2445 excitatuS,
891 2375 951 2426 ut
995 2370 1280 2446 comperit
1315 2367 1615 2426 stationem
1649 2365 1883 2426 militum
1921 2368 2265 2442 recessisse,
2285 2386 2338 2426 αι

276 2449 545 2530 prosiluit
569 2467 601 2509 e
625 2449 784 2530 lecto
807 2454 1073 2530 misitque
1101 2454 1316 2511 circum
1349 2451 1588 2525 amicos,
1615 2458 1673 2509 et
1710 2452 1842 2528 quia
1880 2450 2015 2510 nihil
2053 2468 2084 2509 a
2126 2466 2265 2528 quo-

277 2551 445 2612 quam
467 2534 921 2613 renuntiabatur,
950 2537 1081 2615 ipse
1100 2554 1226 2595 cum
1244 2536 1444 2613 paucis
1461 2533 1712 2612 hospitia
1738 2534 2092 2612 singulorum
2112 2533 2264 2593 adiit.

273 2620 492 2678 Verum
519 2618 732 2678 clausis
758 2621 1003 2679 omnium
1032 2618 1276 2696 foribus,
1308 2618 1699 2696 respondente
1735 2619 1913 2696 nullo,
1940 2620 1997 2678 in
2034 2616 2264 2678 cubicu-

273 2702 388 2762 lum
412 2702 598 2779 rediit,
623 2702 774 2762 unde
797 2706 906 2762 iam
924 2713 981 2763 et
995 2702 1269 2763 custodes
1285 2702 1645 2779 diffugerant,
1670 2701 1910 2782 direptis
1929 2703 2096 2763 etiam
2123 2711 2265 2761 stra-

276 2786 450 2863 gulis,
476 2795 664 2845 amota
691 2796 747 2846 et
772 2786 986 2865 pyxide
1013 2788 1219 2846 veneni
1236 2810 1248 2855 ;
1288 2804 1357 2845 ac
1395 2787 1584 2846 statim
1620 2786 1912 2865 Spiculum
1952 2785 2265 2862 myrmillo·
2287 2804 2339 2845 so

274 2887 406 2928 nem
442 2870 537 2929 vel
578 2869 891 2949 quemlibet
915 2870 1086 2930 alium
1126 2886 1568 2950 percussorem,
1624 2870 1784 2930 cuius
1821 2889 1988 2930 manu
2026 2871 2266 2948 periret,

275 2954 555 3032 requisiit,
580 2964 639 3013 et
669 2955 895 3015 nemine
919 2962 1191 3033 reperte,
1233 2950 1405 3032 Erqo
1437 2972 1581 3033 eqo,
1619 2955 1828 3032 inquit,
1864 2972 1977 3014 nec
2005 2954 2269 3014 amicum

277 3034 476 3098 habeo
512 3055 626 3098 nec
650 3038 1002 3099 inimicum?
1034 3040 1473 3116 procurritque,
1508 3039 1669 3117 quasi
1696 3039 2178 3116 praecipitaturus
2201 3053 2267 3095 se

192 3118 335 3178 48in
358 3118 628 3181 Tiberim.
697 3122 815 3183 Sed
847 3130 1128 3182 revocato
1164 3139 1365 3181 rursus
1403 3123 1647 3201 impetu,
1678 3121 1890 3200 aliquid
1930 3122 2268 3182 secretioris

197 3213 203 3220 ·
279 3199 538 3259 latebrae
563 3204 632 3263 ad
658 3206 1048 3284 colligendum
1073 3206 1315 3280 animum
1342 3204 1711 3283 desideravit,
1739 3215 1798 3266 et
1821 3207 2103 3268 offerente
2121 3203 2264 3264 Pha·
2285 3226 2337 3268 ss

281 3292 414 3342 onte
435 3282 646 3346 liberto
672 3287 1059 3349 suburbanum
1083 3307 1243 3348 suum
1279 3289 1427 3348 inter
1453 3288 1732 3350 Salariam
1769 3298 1827 3349 et
1849 3289 2267 3350 Nomentanam

278 3367 427 3425 viam
456 3367 610 3426 circa
638 3380 900 3447 quartum
923 3373 1241 3450 miliarium,
1266 3381 1327 3433 ut
1351 3382 1475 3432 erat
1498 3372 1651 3433 nudo
1680 3373 1831 3454 pede
1856 3384 2027 3454 atque
2053 3373 2266 3432 tunica-

279 3454 386 3525 tus,
411 3449 715 3525 paenulam
740 3453 989 3516 obsoleti
1014 3456 1233 3517 coloris
1257 3456 1633 3535 superinduit,
1655 3457 2056 3536 adopertoque
2079 3455 2269 3536 capite
