2553 3960
1064 179 1412 229 manemus·
2033 181 2036 184 ’
2119 167 2239 229 115

234 345 390 418 p'one
429 337 768 415 occipitium
818 337 1209 397 summissiore
1252 344 1315 396 ut
1362 336 1651 395 cervicem
1690 334 1858 394 etiam
1913 333 2242 413 obtegeret,

234 422 392 502 quod
428 421 650 499 gentile
687 423 744 480 in
780 421 882 482 illo
925 420 1258 489 videbatur;
1306 419 1461 479 facie
1500 419 1767 496 honesta,
1814 420 1870 478 in
1907 435 2019 496 qua
2051 427 2245 479 tamen

237 505 430 566 crebri
475 514 534 564 et
578 504 748 564 subiti
798 514 1091 581 tumores,
1139 521 1265 564 cum
1311 502 1771 583 praegrandibus
1802 502 1988 562 oculis
2027 511 2090 561 et
2125 502 2242 582 qui,

234 589 391 669 quod
434 590 636 649 mirum
680 598 862 667 esset,
909 597 1085 649 noctu
1132 590 1303 648 etiam
1346 597 1404 648 et
1437 589 1495 647 in
1522 586 1783 647 tenebris
1813 586 2099 662 viderent,
2139 586 2246 646 sed

185 674 308 734 cad
350 673 534 733 breve
581 681 639 733 et
684 690 812 733 cum
852 674 1095 753 primum
1136 692 1168 733 a
1216 689 1421 732 somno
1469 673 1819 751 patuissent;
1868 670 2076 730 deinde
2120 689 2244 731 rur-

236 776 359 817 sum
400 755 822 817 hebescebant.
885 756 1206 817 Incedebat
1253 756 1489 816 cervice
1533 754 1720 833 rigida
1770 764 1829 814 et
1860 753 2111 833 obstipa,
2148 753 2244 815 ad-

235 841 410 900 ducto
467 840 596 900 fere
651 840 841 922 vultu,
898 840 1242 919 plerumque
1298 841 1542 917 tacitus,
1603 839 1763 899 nullo
1808 849 1905 899 aut
1949 839 2245 899 rarissimo

234 926 405 985 etiam
473 942 599 983 cum
653 925 935 1003 proximis
981 941 1252 984 sermone
1310 941 1503 1002 eoque
1548 923 1909 1001 tardissimo,
1953 940 2068 983 nec
2119 925 2245 983 sine

231 1007 394 1069 molli
436 1007 680 1087 quadam
723 1007 1035 1085 digitorum
1072 1008 1540 1086 gesticulatione.
1601 1009 1764 1084 Quae
1800 1008 1987 1067 omnia
2021 1008 2246 1085 ingrata

162 1108 214 1153 ιο
232 1101 406 1171 atque
448 1093 821 1169 arrogantiae
868 1092 1042 1172 plena
1087 1101 1144 1152 et
1189 1091 1587 1152 animadvertit
1626 1091 1926 1170 Augustus
1965 1093 2023 1150 in
2068 1108 2142 1151 eo
2189 1097 2248 1150 et

232 1193 519 1237 excusare
560 1176 860 1254 temptavit
907 1194 1089 1256 saepe
1135 1175 1286 1256 apud
1332 1184 1591 1235 senatum
1636 1194 1707 1236 ac
1748 1176 2054 1256 populum,
2110 1192 2244 1255 pro·

229 1261 426 1321 fessus
468 1268 708 1319 naturae
755 1261 891 1319 vitia
937 1278 1104 1337 esse,
1167 1277 1286 1320 non
1330 1262 1518 1320 animi.
1587 1260 1919 1321 valitudine
1965 1275 2243 1339 prosper·
2303 1315 2308 1320 .

229 1346 371 1404 rima
429 1357 569 1403 usus
629 1351 759 1422 est,
813 1353 1082 1423 tempore
1145 1345 1375 1423 quidem
1432 1345 1795 1424 principatus
1864 1362 2055 1423 paene
2120 1341 2282 1402 toto'

233 1444 427 1508 prope
478 1427 732 1505 inlaesa,
793 1430 1054 1506 quamvis
1099 1447 1132 1489 a
1177 1429 1475 1489 tricesimo
1526 1430 1732 1489 aetatis
1775 1446 1925 1489 anno
1970 1427 2247 1487 arbitratu

161 1532 212 1576 15
233 1529 360 1572 eam
408 1528 512 1571 suo
560 1512 783 1571 rexerit
827 1512 955 1571 sine
999 1511 1328 1573 adiumento
1371 1513 1697 1573 consiliove
1739 1511 2117 1573 medicorum.

356 1593 529 1656 Circa
573 1594 719 1655 deos
742 1614 836 1657 >ac
877 1596 1199 1675 religiones
1242 1596 1673 1674 neglegentior,
1722 1597 1940 1675 quippe
1985 1595 2246 1656 addictus
2263 1613 2331 1669 59

230 1678 669 1739 mathematicae
715 1680 1041 1760 plenusque
1086 1682 1515 1760 persuasionis,
1562 1690 1767 1741 cuncta
1809 1680 1932 1740 fato
1966 1680 2084 1758 agi.
2132 1679 2245 1739 To·

229 1765 420 1822 nitrua
480 1770 669 1822 tamen
736 1772 973 1843 praeter
1026 1764 1257 1825 modum
1319 1764 1758 1843 expavescebat
1814 1774 1873 1824 et
1928 1763 2247 1825 turbatiore

233 1846 403 1906 caelo
439 1864 744 1925 numquam
784 1864 900 1908 non
945 1865 1222 1910 coronam
1259 1848 1517 1909 lauream
1551 1849 1743 1928 capite
1779 1849 2053 1927 gestavit,
2091 1847 2249 1927 quod

159 1944 214 1987 20
229 1930 475 1991 fulmine
516 1930 701 1992 afflari
744 1942 993 2010 negetur
1033 1933 1092 1994 id
1133 1951 1323 2012 genus
1367 1931 1612 1994 frondis.

352 2014 530 2075 Artes
595 2015 873 2076 liberales
915 2018 1213 2098 utriusque
1265 2019 1505 2096 generis
1562 2017 1985 2079 studiosissime
2044 2016 2242 2077 coluit.
2260 2026 2333 2084 70

225 2099 293 2160 In
349 2099 615 2160 oratione
655 2099 852 2160 Latina
906 2111 1142 2162 secutus
1186 2111 1275 2162 est
1314 2100 2009 2180 Corvinum'Messalam,
2073 2120 2247 2182 quem

230 2200 432 2245 senem
478 2182 828 2245 adulescens
871 2184 1232 2247 observarat.
1296 2186 1415 2247 Sed
1457 2186 1852 2248 adfectatione
1897 2195 1957 2247 et
1999 2186 2245 2246 morosi·

229 2277 350 2329 tate
379 2267 555 2327 nimia
590 2267 942 2330 obscurabat
977 2269 1190 2348 stilum,
1230 2280 1293 2332 ut
1329 2270 1623 2350 aliquanto
1662 2290 1738 2332 ex
1772 2280 2040 2350 tempore
2075 2289 2248 2351 quam

154 2372 208 2414 25
230 2371 264 2413 a
326 2369 464 2412 cura
515 2353 904 2431 praestantior
943 2352 1274 2414 haberetur.
1336 2353 1678 2434 Composuit
1729 2364 1788 2415 et
1834 2373 2062 2416 carmen
2109 2354 2245 2430 lyri-

232 2454 394 2513 cum,
454 2437 616 2496 cuius
662 2445 752 2497 est
793 2438 991 2498 titulus
1040 2436 1411 2518 Conquestio
1452 2439 1530 2499 de
1568 2445 1764 2500 morte
1801 2437 1873 2498 L.
1919 2438 2242 2500 Caesaris.

228 2520 397 2581 Fecit
434 2528 492 2580 et
528 2518 752 2581 Graeca
796 2530 1063 2602 poemata
1109 2523 1358 2584 imitatus
1392 2522 1830 2602 Euphorionem
1874 2531 1933 2581 et
1962 2522 2245 2584 Rhianum

230 2614 288 2665 et
336 2602 734 2705 Parthenium,
782 2605 988 2685 quibus
1035 2608 1227 2685 poetis
1271 2606 1576 2668 admodum
1621 2605 1977 2683 delectatus,
2027 2607 2246 2686 scripta

231 2688 482 2749 omnium
542 2696 602 2748 et
658 2690 940 2768 imagines
998 2690 1250 2769 publicis
1296 2690 1670 2751 bibliothecis
1716 2691 1866 2750 inter
1906 2697 2141 2750 veteres
2186 2694 2247 2750 et

157 2789 207 2832 ω
230 2772 591 2871 praecipuos
636 2782 910 2834 auctores
954 2772 1261 2853 dedicavit,
1309 2784 1367 2836 et
1414 2774 1489 2836 ob
1536 2775 1649 2835 hoc
1695 2774 1964 2853 plerique
1994 2773 2244 2834 erudito·

225 2875 355 2916 rum
388 2858 649 2919 certatim
679 2857 751 2918 ad
797 2877 928 2918 eum
963 2859 1137 2918 multa
1175 2857 1246 2919 de
1279 2859 1370 2919 his
1403 2858 1722 2919 ediderunt.
1772 2859 2021 2920 Maxime
2053 2850 2245 2919 tamen

227 2940 458 3001 curavit
498 2941 758 3001 notitiam
803 2942 1082 3003 historiae
1125 2942 1404 3003 fabularis
1448 2961 1632 3022 usque
1678 2943 1750 3004 ad
1783 2942 2034 3022 ineptias
2072 2952 2244 3022 atque

225 3022 518 3092 derisum;
563 3042 695 3084 nam
739 3034 799 3085 et
844 3027 1288 3104 grammaticos,
1336 3026 1490 3106 quod
1534 3045 1722 3104 genus
1756 3027 2045 3087 hominum
2075 3046 2243 3108 prae-

227 3110 428 3186 cipue,
470 3117 535 3167 ut
578 3107 843 3188 diximus,
888 3110 1223 3188 appetebat,
1266 3111 1391 3170 eius
1433 3110 1589 3171 m'odi
1632 3112 1761 3172 fere
1810 3112 2245 3190 quaestionibus

150 3210 205 3253 ss
225 3190 679 3270 experiebatur,
739 3211 901 3272 quae
940 3199 1140 3255 mater
1182 3192 1510 3272 Hecubae,
1558 3195 1727 3276 quod
1766 3193 1996 3257 Achilli
2028 3215 2246 3259 nomen

223 3277 392 3338 inter
429 3274 705 3354 virqmes
746 3276 1005 3356 fuisset,
1051 3277 1204 3359 quid
1227 3278 1482 3341 Sirenes
1510 3285 1770 3341 cantare
1810 3281 1934 3342 smt
1975 3281 2244 3343 solitae?

221 3360 301 3420 Et
349 3376 468 3440 quo
514 3362 758 3462 primum
800 3362 893 3422 die
931 3371 1065 3442 post
1109 3381 1416 3425 excessum
1444 3364 1692 3464 Augusti
1738 3366 1953 3426 curiam
1994 3362 2241 3436 intravit,

225 3444 400 3525 quasi
442 3443 691 3529 ‚pietati-
749 3446 917 3507 simul
976 3464 1049 3507 ac
1117 3449 1392 3527 religioni
1457 3449 1597 3510 satis
1661 3449 1950 3592 factm-Sug,
2033 3442 2242 3505 Minois
