2553 3960
953 248 1364 298 PRAEFATIO.
1913 253 2056 301 XLV

228 410 537 469 communis
585 399 598 488 Ι
645 413 714 468 36
745 406 1024 479 Esquilino
1068 410 1177 465 cod
1196 408 1363 466 Basil.
1409 411 1480 466 al.
1524 410 1662 466 Edd.
1708 427 1812 482 pro
1845 411 2048 485 Esqui-

231 496 361 552 linio
389 487 416 572 ΙΙ
450 499 577 563 161,
617 498 651 552 6
684 491 892 548 Christo
925 491 1180 563 OrosiuS,
1211 495 1517 550 Beroaldus
1557 486 1569 573 Ι
1607 500 1674 552 12
1703 494 2046 566 Dryidarum

228 594 365 650 ego.
405 577 756 632 Druidarum
796 576 914 631 Exe
934 576 1104 632 Notre
1127 577 1318 648 Dame‚
1351 580 1458 634 eod
1481 579 1646 635 Basil.
1684 579 1752 634 al.
1786 577 2045 634 Erasmus

234 678 340 736 pro
372 661 725 718 Driadarum
754 660 845 715 vel
874 659 1238 733 Dryadarum
1287 656 1299 739 Ι
1353 667 1416 722 17
1462 665 1555 717 icit
1591 661 1905 718 Sabellicus
1941 678 2045 735 pro

234 748 359 801 iecit
384 735 415 825 ΙΙ
444 750 581 814 162,
611 752 676 803 15
705 743 980 815 Pompeiis
1016 744 1352 815 impuberem
1390 740 1731 802 Torrentius.
1774 745 2048 817 Pompeiis

225 830 497 903 puberem
549 828 764 900 Lipsius
816 844 922 900 pro
958 827 1271 900 Pompeium
1319 831 1588 901 puberem
1647 823 1656 907 Ι
1714 834 1782 889 16
1829 845 1952 884 cum
2001 831 2054 885 ei

236 912 454 985 Lipsius
486 927 592 984 pro
616 914 710 966 cui
734 917 787 966 et
809 903 837 990 ΙΙ
869 916 991 982 163,
1012 917 1083 970 28
1110 915 1193 967 vel
1213 916 1384 968 stanti
1410 913 1733 974 Paris6116.
1780 912 1904 969 Med
1917 921 1966 971 1.
1992 918 2044 970 2.

236 998 311 1053 al.
356 996 496 1052 Edd.
545 998 717 1050 stanti
751 994 867 1051 Exc
885 993 1055 1051 Notre
1072 997 1276 1067 Datne,
1313 996 1515 1068 Copes.
1561 997 1707 1053 Frib.
1755 997 2043 1054 Vindob2.

236 1080 393 1136 Gort.
443 1084 496 1134 et
536 1085 773 1134 veterum
813 1082 983 1134 stanti
1022 1080 1235 1135 Memm.
1279 1080 1404 1136 Med
1429 1086 1482 1140 3.
1551 1082 1630 1151 ei,
1664 1096 1856 1137 verum
1885 1082 2053 1135 stanti

234 1162 687 1235 Oudendorpius.
727 1164 1069 1220 etveterivel
1085 1166 1253 1219 stanti
1281 1164 1499 1220 vindob
1517 1172 1565 1223 1.
1597 1163 1764 1221 Basil.
1809 1170 2046 1220 ceterum

236 1249 407 1302 stanti
434 1246 550 1301 Exo
568 1246 753 1304 Cuiao.
785 1237 813 1325 ΙΙ
845 1252 965 1317 164,
996 1252 1029 1304 2
1057 1250 1329 1318 seaeaqeni
1357 1247 1573 1320 Lipsius
1616 1241 1626 1326 Ι
1661 1256 1694 1310 6
1721 1251 1818 1320 qui
1839 1263 2048 1304 —ves-

231 1336 499 1386 cerentur
528 1330 682 1386 Paris
705 1335 861 1390 6116.
897 1330 969 1385 al.
999 1330 1134 1386 Edd.
1180 1339 1529 1387 vescerentur
1562 1333 1773 1388 Memm.
1817 1333 2055 1389 vescenti

238 1415 365 1470 Med
389 1423 435 1474 1.
472 1421 523 1474 3.
563 1413 710 1470 Frib.
754 1413 973 1470 Vindob
997 1420 1047 1471 2.
1101 1414 1396 1472 Cortianus
1449 1411 1458 1493 Ι
1508 1422 1574 1476 19
1621 1416 1903 1489 ευτ’ρίῖαὺαί
1944 1415 2048 1471 Ca—

236 1499 522 1556 sanbonus
551 1514 655 1569 pro
679 1497 934 1569 viqilabat
977 1489 988 1575 Ι
1037 1503 1106 1556 20
1138 1500 1377 1554 interdiu
1409 1500 1711 1555 Beroaldus
1741 1515 1847 1572 pro
1878 1502 2048 1554 inter-

236 1583 369 1637 dum
400 1572 428 1660 ΙΙ
458 1586 591 1650 166,
622 1587 690 1641 13
717 1581 983 1636 scriberet
1010 1598 1119 1652 ego
1164 1575 1176 1658 Ι
1232 1588 1301 1640 14
1331 1583 1489 1639 modo
1520 1585 1732 1638 veniam
1774 1583 1881 1638 eod
1905 1582 2045 1637 Gan·

234 1665 465 1735 densis,
495 1664 819 1722 Torrentius
849 1679 954 1736 pro
983 1667 1195 1722 veniam
1224 1666 1381 1721 modo
1429 1657 1440 1743 Ι
1491 1670 1573 1726 26·
1604 1681 1705 1722 nec
1732 1673 1912 1719 tamen
1943 1663 2047 1719 Ur-

237 1748 397 1805 sinus
428 1764 533 1820 pro
564 1762 667 1802 nec
707 1754 833 1803 ante
870 1742 881 1825 Ι
919 1755 988 1808 32
1014 1751 1082 1805 iis
1110 1748 1378 1820 Egnatius
1409 1764 1514 1820 pro
1544 1749 1630 1805 his
1656 1742 1683 1829 ΙΙ
1716 1753 1812 1809 167
1829 1789 1847 1820 ,
1888 1753 1924 1807 8
1952 1749 2046 1802 de-

234 1834 566 1903 scripsitque
605 1831 948 1889 Torrentius,
1035 1849 1105 1889 ac
1145 1834 1435 1904 descripsit
1472 1832 1897 1905 Oudendorpius
1943 1847 2047 1904 pro

240 1917 537 1989 descripsit
579 1906 591 1994 Ι
640 1922 709 1975 10
745 1923 1072 1989 quaesturae
1112 1917 1418 1973 Beroaldus
1468 1933 1572 1990 pro
1607 1923 1895 1991 quaestore
1931 1908 1943 1992 Ι
1980 1922 2050 1974 20

242 1991 403 2056 Mau
442 1993 547 2055 καὶ
592 1986 674 2072 μὴ
713 1997 965 2076 θίγγανε
999 2002 1287 2057 Turnebus
1329 2016 1433 2074 pro
1476 2000 1607 2057 λαλι
1649 2019 1750 2057 και
1791 2017 1874 2075 μη
1907 2000 2047 2054 θιν-

236 2103 396 2160 γανα
434 2077 463 2165 ΙΙ
503 2089 636 2154 168,
682 2090 749 2144 18
787 2073 959 2157 ανδρ’
1025 2072 1461 2157 ἀπαμύνασθαι
1526 2102 1634 2157 ego
1695 2101 1802 2158 pro
1858 2074 2049 2158 ἄνδρα

237 2162 659 2242 ἐπαμύνασθαι
698 2163 707 2244 Ι
744 2174 810 2229 21
849 2170 1082 2224 alterum
1119 2169 1342 2241 supplet
1375 2168 1639 2240 Ursinus,
1682 2175 1736 2225 et
1761 2168 2046 2226 Casaubo-

241 2269 379 2323 nus,
414 2252 730 2309 OEaudieum
765 2268 874 2323 ego
925 2243 935 2330 Ι
985 2259 1055 2312 33
1092 2244 1193 2307 καὶ
1225 2240 1444 2307 ἰάσεται
1475 2252 1760 2309 Victorius
1791 2269 1895 2324 pro
1922 2268 2044 2307 πει-

238 2348 401 2391 σεται
429 2337 521 2392 vel
552 2347 822 2391 πεισαται
852 2327 879 2414 ΙΙ
910 2341 1039 2406 169,
1076 2343 1143 2397 13
1176 2337 1413 2408 clystera
1452 2336 1558 2392 cod
1584 2336 1786 2409 Copes.
1832 2336 2041 2392 Salma-

242 2420 383 2477 sius.
427 2421 722 2491 clysteram
753 2419 964 2475 Memm.
1014 2419 1138 2475 Med
1167 2427 1214 2478 1.
1253 2427 1288 2479 3
1334 2436 1436 2493 pro
1468 2422 1697 2492 clystere
1722 2422 1812 2476 vel
1846 2421 2034 2492 clyste-

239 2518 398 2573 rem,
429 2504 535 2558 cfr.
565 2521 620 2575 p.
652 2509 770 2567 177.
800 2509 886 2563 32.
933 2508 1063 2573 178,
1094 2508 1178 2563 27.
1228 2508 1359 2574 180,
1390 2511 1442 2565 3.
1486 2511 1607 2574 193,
1643 2510 1725 2564 19.
1754 2495 1780 2582 11
1815 2509 1946 2575 171,
1977 2510 2047 2563 23

238 2593 300 2645 et
327 2591 399 2647 26
432 2589 500 2642 iis
523 2587 790 2658 Egnatius
819 2602 923 2659 pro
957 2586 1044 2642 his
1069 2578 1096 2665 ΙΙ
1130 2591 1250 2657 172,
1281 2593 1317 2647 8
1341 2592 1618 2658 repentem
1647 2587 1865 2657 quidam
1900 2587 2046 2659 apud

241 2671 630 2728 Casaubonum
666 2663 677 2749 Ι
719 2678 785 2731 13
806 2674 922 2727 ioco
953 2671 1266 2727 Sabellicus
1298 2685 1401 2742 pro
1437 2672 1552 2725 loco
1587 2664 1599 2746 Ι
1639 2675 1707 2729 13
1742 2685 1886 2742 quae
1912 2684 2043 2741 que-

239 2755 487 2811 rentibus
516 2754 874 2812 casaubonus
904 2770 1009 2827 pro
1037 2754 1421 2827 quaerentibus
1457 2745 1468 2831 Ι
1505 2758 1572 2813 19
1601 2753 1731 2807 Anti
1763 2769 1887 2824 ego.
1929 2752 2046 2807 An·

241 2841 306 2895 tii
336 2839 624 2896 Turnebus
652 2854 757 2910 pro
786 2844 914 2894 ante
939 2828 967 2916 ΙΙ
1000 2842 1133 2908 173,
1165 2845 1199 2897 3
1229 2843 1292 2893 at
1324 2853 1451 2908 ego.
1494 2838 1572 2892 ad
1605 2837 1815 2893 Memm.
1866 2837 1991 2892 Med
2013 2843 2048 2897 3

242 2938 348 2996 pro
381 2929 436 2979 et
463 2923 556 2979 vel
585 2928 666 2977 est
691 2913 718 3000 ΙΙ
748 2927 882 2992 174,
922 2928 955 2979 2
992 2928 1044 2976 et
1070 2924 1411 2977 consecravit
1438 2921 1545 2978 eod
1561 2922 1781 2979 vindob
1801 2927 1852 2979 2.
1896 2920 2044 2978 Frib.

240 3007 410 3063 Fouo.
442 3007 887 3077 consecravitque
909 3006 979 3061 ed
1002 3005 1134 3060 Rom
1159 3013 1207 3065 1.
1242 3010 1278 3062 2
1307 3022 1411 3077 pro
1439 3007 1777 3061 consecravit
1810 2997 1821 3083 Ι
1859 3010 1928 3065 34
1955 3020 2046 3059 ca·

241 3090 551 3146 taaromum
594 3090 701 3145 eod
723 3088 890 3146 Basil.
926 3089 998 3144 al.
1037 3088 1343 3145 Beroaldus
1373 3106 1476 3161 pro
1514 3090 1897 3161 yatadromum
1935 3082 1943 3163 Ι
1983 3095 2051 3148 35

237 3175 558 3229 inscribitur
578 3172 836 3230 Erasmus
866 3189 969 3246 pro
995 3172 1250 3228 scribitur
1290 3167 1300 3252 Ι
1337 3179 1405 3232 38
1434 3175 1614 3228 avium
1646 3174 1753 3229 ood
1775 3173 1942 3229 Basil.
1977 3174 2029 3228 al

242 3257 379 3315 Edd.
422 3273 527 3331 pro
561 3258 746 3313 aulum
771 3251 799 3333 ΙΙ
832 3262 930 3317 175
948 3298 965 3327 ,
994 3260 1027 3316 7
1068 3257 1458 3329 quadraqenos
1492 3263 1776 3313 senatores
1815 3271 2050 3329 εις-ταρρ-

242 3353 450 3413 nosque
492 3341 711 3414 Lipsius
764 3335 773 3416 Ι
824 3348 887 3400 11
935 3340 981 3398 0
1025 3354 1255 3395 numero
1300 3340 1727 3413 Oudendorpius
1778 3334 1790 3419 Ι
1842 3346 1911 3400 22
1961 3341 2056 3396 toti

244 3425 352 3480 eod
373 3424 547 3482 Basil.
582 3426 654 3481 al.
688 3423 825 3480 Edd.
875 3415 887 3502 Ι
916 3430 1050 3494 176,
1091 3429 1126 3483 4
1165 3426 1314 3480 tiara
1346 3424 1577 3479 deducta
1611 3425 1916 3481 Beroaldus
1945 3439 2049 3495 pro

243 3508 484 3564 diariam
520 3509 807 3564 deductam
918 3515 952 3571 9
994 3519 1271 3582 tamquam
1305 3509 1455 3563 nullo
1495 3509 1714 3563 residuo
1759 3507 1976 3581 Lipsius
2018 3498 2048 3580 ΙΙ
