2553 3960
273 184 395 247 294
805 194 866 242 o.
909 191 1236 242 stm'roun
1281 192 1713 252 TRANQmLm

275 350 463 412 aliena
509 367 615 428 pro
641 350 758 408 suis
807 348 986 408 edere
1036 366 1141 407 sen
1192 346 1556 426 percipiendi
1618 346 1972 407 Graecorum
2028 348 2288 410 instituta

274 452 619 513 moresque,
665 450 814 512 quos
860 450 975 492 non
1006 431 1248 511 perinde
1295 432 1647 511 exprimeret
1687 433 1742 490 in
1772 432 2037 510 scriptis,
2082 450 2286 510 egres·

276 537 376 580 sus
421 529 511 578 est
555 535 746 597 neque
790 517 1033 596 amplius
1076 515 1280 576 rediit.
1333 514 1423 575 De
1468 524 1652 575 morte
1696 516 1819 575 eius
1851 515 2150 577 Vulcatius
2199 518 2289 578 sic

276 603 447 664 tradit

583 690 699 747 Sed
722 696 781 745 ul
802 689 945 761 Afer
966 690 1177 761 populo
1205 703 1313 744 sex
1340 688 1646 744 comoedias
1671 688 1832 757 dedit,
2308 728 2333 768 ⁸

578 772 697 830 Iter
721 774 850 829 hinc
880 776 936 829 in
966 774 1156 828 Asiam
1178 772 1318 845 fecit
1340 779 1415 841 et,
1450 787 1644 828 navem
1671 779 1733 827 ut
1755 775 1925 829 semel

580 856 921 923 Conscendit,
955 860 1103 913 visus
1130 873 1433 930 numquam
1461 862 1569 919 est;
1606 858 1686 911 sic
1712 858 1821 913 vita
1855 864 2030 914 vacat.

278 937 518 1011 Quintus
553 935 877 999 Cosconius
908 937 1245 997 redeuntem
1281 956 1313 996 e
1345 935 1589 996 Graecia
1633 936 1861 1013 perisse
1894 938 1950 996 in
1989 938 2131 997 mari
2157 956 2286 997 cum

279 1019 344 1081 C.
393 1031 449 1080 et
491 1020 643 1082 VIII.
696 1022 907 1082 fabulis
963 1022 1262 1081 conversis
1306 1038 1339 1081 a
1370 1018 1727 1096 Menandre,
1775 1022 1957 1081 ceteri
1999 1030 2285 1081 mortuum

279 1124 413 1165 esse
455 1107 511 1163 in
541 1104 791 1166 Arcadia
831 1104 1152 1183 Stymphali
1198 1106 1322 1163 sive
1362 1102 1688 1164 Leucadiae
1724 1104 1951 1166 tradunt
1983 1103 2101 1165 CN.
2136 1103 2355 1169 Gor-10

276 1188 432 1248 nelio
476 1187 787 1250 Dolabella
834 1188 908 1249 M.
953 1187 1157 1249 Fulvio
1201 1187 1506 1248 Nobiliore
1535 1187 1900 1265 consulibus,
1946 1188 2150 1249 morbo
2182 1191 2286 1248 im·

280 1273 538 1352 plicitum
573 1291 648 1332 ex
693 1273 899 1333 dolore
931 1291 1001 1332 ac
1031 1272 1223 1333 taedio
1258 1274 1591 1333 amissarum
1624 1274 1995 1347 sarcinarum,
2049 1291 2192 1351 quas
2227 1275 2288 1332 in

275 1375 482 1418 navem
512 1359 925 1435 praemiserat,
957 1374 1026 1416 ac
1052 1356 1216 1417 simul
1253 1356 1573 1418 fabularum
1608 1374 1750 1433 quas
1779 1374 1960 1417 novas
1992 1358 2237 1417 fecerat.

444 1439 650 1501 Fuisse
682 1442 890 1501 dicitur
923 1440 1205 1501 mediocri
1233 1451 1482 1517 statura,
1514 1440 1719 1519 gracili
1758 1458 2042 1519 corpore,
2077 1441 2285 1501 colore

275 1526 463 1586 fusco.
529 1525 785 1605 Reliquit
814 1521 1017 1602 liliam,
1056 1543 1204 1604 quae
1239 1535 1374 1603 post
1409 1526 1588 1604 equiti
1608 1522 1866 1585 Romano
1900 1526 2111 1604 nupsit,
2144 1526 2284 1584 item
2308 1544 2357 1584 ιι

276 1610 541 1670 hortulos
566 1609 696 1670 XX.
732 1612 992 1687 iugerum
1028 1611 1119 1669 via
1150 1610 1344 1688 Appia
1370 1609 1441 1670 ad
1465 1608 1662 1669 Martis
1692 1609 1906 1669 villam.
1944 1608 2072 1683 Quo
2097 1610 2288 1686 magis

276 1695 454 1771 miror
485 1693 753 1753 Porcium
785 1694 1077 1753 scribere:

410 1780 592 1854 Scipio
621 1783 758 1838 nihil
775 1783 1023 1855 profuit,
1057 1783 1196 1838 nihil
1218 1782 1464 1850 Laelius,
1494 1781 1632 1836 nihil
1656 1782 1888 1850 FuriuS,

406 1866 543 1921 Tres
566 1881 675 1937 per
701 1868 760 1922 id
786 1874 996 1938 tempus
1020 1870 1119 1939 qui
1148 1866 1430 1939 ayilabant
1454 1866 1656 1921 nobiles
1678 1864 1963 1936 facillime.

396 1949 608 2007 Eorum
634 1952 723 2008 ille
751 1965 925 2031 opera
956 1965 1027 2007 ne
1058 1951 1283 2008 domum
1304 1950 1517 2023 quidem
1543 1949 1732 2006 habuit
1756 1950 2166 2018 conducticiam,
2309 1965 2359 2006 20

398 2034 603 2091 Saltem
631 2043 691 2092 ut
717 2041 858 2090 esset
882 2052 989 2108 quo
1017 2035 1265 2108 referret
1290 2035 1487 2091 obitum
1517 2035 1721 2090 domini
1742 2035 2010 2091 servulus.
2296 2044 2312 2053 ·

445 2113 608 2173 Hunc
654 2114 926 2174 Afranius
972 2115 1198 2194 quidem
1242 2115 1505 2174 omnibus
1538 2114 1775 2174 comicis
1807 2112 2094 2192 praefert,
2141 2115 2289 2173 scri·

277 2198 423 2257 bens
454 2201 509 2256 in
544 2195 997 2276 Compitalibus:

408 2286 660 2343 Terentio
688 2303 800 2343 non
828 2289 1055 2343 similem
1087 2289 1274 2344 dicens
1303 2292 1632 2358 quempiam.

275 2364 574 2426 Vulcatius
607 2376 794 2428 autem
827 2384 943 2428 non
975 2367 1159 2427 solum
1191 2366 1415 2427 Naevio
1443 2374 1502 2425 et
1531 2365 1732 2425 Plauto
1765 2374 1822 2424 et
1859 2361 2142 2438 Caecilio,
2176 2365 2291 2424 sed
2314 2385 2365 2425 2⁵

275 2447 494 2510 Licinio
528 2468 763 2530 quoque
795 2461 854 2512 et
882 2451 1062 2512 Atilio
1099 2451 1419 2531 postponit.
1491 2448 1702 2509 Cicero
1738 2451 1792 2507 in
1819 2447 2054 2508 Limone
2083 2447 2295 2509 bacte-

278 2553 384 2593 nus
417 2535 641 2594 laudat:

409 2624 490 2679 Tu
518 2639 760 2697 quoque,
790 2625 886 2696 qui
912 2625 1060 2680 solus
1089 2626 1220 2680 lecto
1262 2636 1543 2689 sermone,
1583 2621 1816 2690 Terenti,

402 2709 734 2766 Conversum
760 2722 1195 2781 eoepressumque
1222 2708 1423 2764 Latina
1459 2721 1588 2763 voce
1616 2704 1989 2762 Menandrum

403 2792 475 2848 In
509 2794 745 2865 medium
772 2793 924 2848 nobis
951 2793 1154 2848 sedatis
1183 2792 1402 2849 vocibus
1429 2792 1618 2863 effers,
2322 2823 2371 2862 30

406 2877 677 2946 Quiddam
712 2892 862 2934 come
890 2878 1145 2949 loquens,
1175 2883 1339 2948 atque
1369 2877 1553 2932 omnia
1583 2873 1766 2929 dulcia
1795 2872 1993 2927 dicens.

277 2955 422 3017 Item
453 2955 517 3017 C.
552 2954 803 3018 Caesar:

413 3045 496 3101 Tu
522 3061 738 3119 quoque
767 3051 826 3102 tu
855 3047 913 3101 in
942 3047 1195 3110 summisi,
1232 3059 1264 3098 o
1293 3043 1565 3098 dimidiate
1594 3041 1921 3112 Menander,

408 3128 669 3199 PoneriS,
700 3137 752 3187 et
775 3131 994 3199 merito,
1013 3130 1155 3201 puri
1179 3129 1451 3183 sermonis
1481 3132 1715 3182 amator.

402 3212 639 3267 Lenibus
661 3222 821 3286 atque
845 3215 1054 3270 utinam
1073 3214 1294 3283 scriptis
1327 3212 1589 3267 adiuncta
1612 3210 1767 3282 foret
1795 3211 1892 3276 via,
2329 3224 2382 3263 35

409 3295 623 3350 Comica
655 3302 715 3351 ut
740 3304 971 3368 aequato
1000 3301 1172 3353 virtus
1209 3296 1443 3366 polleret
1467 3294 1674 3349 honore
2166 3286 2191 3307 ⁶

407 3375 541 3431 Cum
564 3375 791 3432 Graecis
818 3394 950 3436 neve
990 3380 1098 3435 hac
1125 3380 1411 3450 despectus
1431 3385 1602 3450 parte
1626 3381 1869 3434 iaceres!

420 3456 595 3512 Unum
629 3457 732 3513 hoc
761 3476 1014 3518 maceror
1052 3478 1123 3517 ac
1156 3463 1306 3518 doleo
1337 3463 1430 3518 tibi
1456 3463 1668 3529 deesse,
1702 3463 1938 3518 Terenti.
