2553 3960
278 228 391 290 <22
478 239 537 288 o.
567 238 870 287 sum-om
902 235 1160 295 TRANQ.
1198 235 1296 282 m:
1324 234 1492 283 vrrs
1525 234 1897 283 offlsAmm
1931 231 2072 281 mn.
2104 231 2153 279 1.

307 394 525 470 istaec,
594 411 707 454 oro
765 398 868 462 τω
931 390 1180 471 quando
1227 396 1439 451 notum
1467 396 1590 467 est,
1650 396 1712 451 ct
1760 388 1912 469 quid
1947 388 2055 450 illc
2108 386 2222 449 tibi
2272 393 2335 450 ct

311 478 463 561 quid
513 477 610 538 illi
659 482 784 538 tute
832 475 1099 537 dederis.
1178 473 1404 536 Gallico
1466 474 1714 553 denique
1766 472 2056 553 triumpho
2113 472 2331 532 milites

313 565 438 624 eius
467 564 617 621 inter
653 569 851 621 cetera
883 562 1167 634 carmina,
1214 558 1407 637 qualia
1440 576 1671 618 currum
1701 565 2135 637 prosequentes
2163 557 2327 616 iocu-

312 648 514 708 lariter
546 654 786 723 canunt,
832 645 1002 705 etiam
1026 643 1170 720 illud
1199 642 1659 719 vulgatissimum
1689 643 2244 721 pronuntiaverunt:

569 734 777 806 Gallias
801 732 1012 789 Caesar
1033 732 1267 803 subcqit,
1312 731 1639 787 Nicomedes
1663 730 1958 787 Gaesarem
1972 754 1988 784 .·
2348 741 2377 783 ι

564 818 714 874 Ecce
740 818 952 875 Caesar
978 832 1129 872 nunc
1156 815 1467 886 triumphat
1492 817 1593 887 qui
1624 814 1832 886 subeyit
1854 813 2078 878 Gallias,

566 902 890 958 Nicomedes
916 916 1027 956 non
1057 900 1360 971 triumphat
1389 903 1485 971 qui
1499 899 1706 971 subeyit
1727 898 2042 956 Gaesarem.

231 984 565 1049 soPronum
611 991 670 1041 et
713 989 1107 1059 sumptuosum
1148 982 1206 1038 in
1254 978 1522 1039 libidines
1566 978 1752 1038 fuisse
1804 986 2080 1038 constans
2129 976 2332 1056 opinio

315 1076 433 1145 est,
480 1065 869 1145 plurimasque
904 1072 963 1124 et
1011 1063 1269 1124 illustres
1312 1063 1555 1124 feminas
1596 1063 1968 1154 corrupisse,
2012 1062 2072 1120 in
2118 1060 2332 1140 quibus

313 1150 662 1212 Postumiam
705 1150 874 1226 Servi
920 1148 1198 1226 Sulpicii,
1243 1148 1487 1208 Lolliam
1531 1146 1665 1206 Auli
1707 1145 1948 1222 Gabini,
2004 1143 2331 1205 Tertullam
2350 1162 2403 1203 ιο

313 1234 497 1295 Marci
529 1231 760 1309 Crassi,
809 1234 981 1292 etiam
1026 1230 1147 1291 CN.
1179 1231 1418 1312 Pompei
1462 1231 1727 1293 Muciam.
1787 1228 1934 1290 Nam
1966 1236 2131 1288 certe
2159 1229 2330 1289 Pom-

316 1319 452 1398 peio
485 1326 545 1377 et
588 1336 621 1378 a
668 1315 1015 1377 Curionibus
1050 1324 1218 1395 patre
1260 1325 1322 1375 et
1358 1316 1479 1376 filio
1521 1324 1581 1376 et
1611 1333 1644 1377 a
1675 1314 1868 1374 multis
1911 1312 2333 1391 exprobratum

315 1411 443 1480 est,
498 1400 653 1480 quod
698 1400 860 1460 ouius
910 1417 1083 1460 causa
1125 1408 1259 1478 post
1303 1409 1424 1459 tres
1466 1399 1689 1460 liberos
1732 1399 2038 1476 exegisset
2082 1412 2333 1457 uxorem

317 1496 378 1547 et
438 1503 608 1565 quem
668 1501 910 1561 gemens
976 1482 1323 1560 Aegisthum
1381 1483 1685 1563 appellare
1739 1490 2126 1559 consuesset,
2201 1482 2332 1541 eius

316 1580 525 1651 postea
570 1569 741 1629 filiam
784 1569 1082 1647 potentiae
1137 1567 1448 1647 cupiditate
1488 1569 1545 1628 in
1589 1567 2008 1627 matrimonium
2056 1567 2324 1646 recepis-
2349 1581 2398 1622 ιε

317 1664 427 1713 set.
480 1653 599 1713 Sed
660 1661 792 1712 ante
840 1651 984 1712 alias
1029 1651 1234 1711 dilexit
1282 1652 1465 1712 Marci
1502 1651 1662 1712 Bruti
1710 1646 1950 1711 matre'm
1995 1650 2330 1728 Serviliam,

318 1739 408 1798 cui
453 1745 514 1796 et
555 1737 741 1816 primo
789 1754 896 1797 suo
948 1735 1252 1796 consulatu
1292 1738 1605 1813 sexagiens
1641 1736 1916 1796 sestertio
1958 1736 2330 1812 margaritam

314 1828 605 1881 mercatus
645 1828 736 1879 est
781 1829 839 1879 et
882 1819 1040 1879 bello
1090 1820 1246 1879 civili
1289 1837 1469 1898 super
1512 1818 1654 1880 alias
1696 1818 2040 1879 donationes
2094 1818 2328 1898 amplis-

317 1909 457 1965 sima
505 1903 741 1984 praedia
802 1921 877 1963 ex
939 1904 1303 1964 auctionibus
1349 1904 1549 1964 hastae
1592 1905 1823 1964 minimo
1887 1901 2136 1971 addixit;
2201 1919 2331 1962 oum

358 1988 576 2066 uidem,
622 1988 920 2067 plerisque
962 1988 1241 2048 vilitatem
1283 1987 1650 2066 mirantibus,
1695 1988 2050 2048 facetissime
2109 1985 2325 2047 Cicero
2348 2006 2400 2047 ω

318 2008 456 2146 δυο
523 2072 773 2149 melius,
831 2073 1040 2150 inquit,
1111 2079 1374 2151 emptum
1427 2074 1683 2149 sciatis,
1748 2070 1959 2132 Tertia
2014 2070 2330 2141 deducta,-

319 2156 751 2217 existimabatur
796 2157 945 2214 enim
988 2156 1237 2216 Servilia
1271 2157 1443 2216 etiam
1493 2157 1666 2217 filiam
1699 2173 1859 2216 suam
1890 2155 2143 2217 Tertiam
2180 2153 2328 2216 Cae-

234 2255 300 2307 51
323 2242 437 2301 sari
484 2240 816 2300 conciliare.
884 2239 976 2300 Ne
1019 2240 1474 2318 provincialibus
1532 2241 1763 2320 quidem
1808 2239 2200 2300 matrimoniis
2228 2239 2328 2300 ab·

320 2325 613 2400 stinuisse,
664 2324 761 2383 vel
794 2323 910 2383 hoc
943 2324 1191 2384 disticho
1221 2333 1468 2404 apparet
1512 2327 1727 2386 iactato
1763 2342 1949 2404 aeque
1982 2343 2015 2384 a
2048 2323 2328 2385 militibus

317 2426 426 2487 per
460 2406 738 2468 Gallicum
768 2407 1143 2485 triumphum:
2321 2423 2400 2477 ’ῃ

454 2495 689 2564 Urbani,
725 2500 941 2551 servate
979 2512 1212 2561 uxores,
1260 2496 1545 2552 moechum
1578 2498 1787 2553 caluom
1827 2497 2171 2554 adducimus.

441 2578 661 2635 Aurum
691 2580 749 2634 in
785 2578 964 2636 Gallia
997 2581 1263 2652 effutuisti
1273 2624 1289 2649 ‚
1332 2580 1424 2636 hic
1448 2583 1732 2653 sumpsisti
1762 2587 2027 2637 mutuum.

233 2658 538 2720 52Dilexit
597 2668 656 2719 et
714 2661 982 2738 reginas,
1052 2662 1204 2720 inter
1264 2679 1407 2739 quas
1453 2659 1700 2721 Eunoen
1749 2661 2004 2724 Mauram
2066 2661 2329 2740 Bogudis

318 2760 591 2820 uxorem,
634 2745 726 2803 cui
767 2745 1086 2823 maritoque
1129 2746 1252 2804 eius
1287 2745 1533 2823 plurima
1577 2753 1637 2805 et
1682 2746 1957 2806 immensa
1990 2745 2221 2823 tribuit,
2267 2754 2330 2806 ut

315 2826 474 2887 Naso
522 2827 786 2906 scripsit,
832 2828 936 2890 sed
980 2829 1224 2897 maxime
1271 2827 1674 2908 Cleopatram,
1751 2846 1878 2890 cum
1925 2847 2037 2907 qua
2082 2838 2142 2890 et
2185 2847 2403 2896 con-so

318 2912 466 2971 vivia
495 2912 554 2971 in
583 2912 823 2991 primam
850 2913 1041 2973 lucem
1077 2913 1581 3001 saepe-protraxit
1632 2922 1692 2973 et
1721 2913 1925 2975 eadem
1956 2931 2106 2974 nave
2145 2914 2328 2975 thala-

315 3011 489 3072 mego
550 3014 739 3075 paene
800 2996 1111 3075 Aethiopia
1175 3005 1343 3057 tenus
1402 2996 1738 3076 Aegyptum
1798 2999 2157 3077 penetravit,
2216 2999 2331 3058 nisi

318 3079 613 3139 exercitus
650 3081 818 3159 sequi
848 3089 1218 3159 recusasset,
1262 3098 1432 3160 quam
1465 3081 1716 3161 denique
1752 3083 1996 3143 accitam
2031 3084 2088 3142 in
2126 3082 2330 3143 urbem

286 3194 299 3207 -
317 3161 544 3218 nonnisi
573 3165 832 3224 maximis
861 3158 1576 3245 honoribus'praemisque
1606 3175 1831 3228 auctam
1850 3166 2093 3244 remisit,
2124 3166 2327 3227 lilium-

317 3260 430 3320 que
460 3252 650 3304 natum
683 3248 988 3325 appellare
1027 3249 1256 3309 nomine
1300 3267 1406 3310 suo
1450 3268 1658 3330 passus
1694 3260 1803 3311 est.
1879 3252 2066 3327 Quem
2095 3251 2400 3330 quidemst.

314 3326 571 3386 nonnulli
609 3327 964 3393 Graecorum
992 3332 1236 3394 similem
1265 3352 1498 3415 quoque
1533 3331 1773 3396 Caesari
1816 3345 1875 3395 et
1917 3335 2104 3396 forma
2151 3344 2211 3396 et
2241 3336 2327 3395 in-

318 3425 491 3468 cessu
532 3411 903 3475 tradiderunt.
987 3417 1065 3480 M.
1113 3416 1402 3480 Antonius
1442 3418 1733 3497 adgnitum
1778 3421 1952 3489 etiam
2000 3419 2072 3479 ab
2110 3437 2187 3480 eo
2232 3438 2327 3482 se·

315 3493 470 3590 uatui
510 3492 1059 3579 adfirmavit,‘quae
1100 3504 1256 3563 scire
1297 3502 1365 3564 C.
1410 3502 1643 3564 Matium
1684 3514 1746 3564 et
1788 3503 1856 3565 C.
1894 3505 2145 3583 Oppium
2186 3504 2327 3565 reli-
