2553 3960
479 232 650 283 XLVI
1159 233 1572 281 PRAEFATIO.

484 399 607 464 177,
639 399 707 454 26
734 393 1006 465 dispicere
1040 395 1147 451 cod
1168 393 1346 450 Periz.
1389 393 1457 448 ed
1488 393 1622 450 Rom
1647 401 1693 450 1.
1722 398 1755 449 2
1797 408 1899 464 pro
1943 394 2224 465 despicere
2258 388 2289 474 ΙΙ

485 484 619 548 178,
660 484 727 538 16
771 478 994 549 sufferti
1030 477 1344 534 Sabellicus
1388 492 1492 548 pro
1536 477 1774 548 sufferri
1801 476 1891 531 vel
1936 478 2139 549 sufferi
2172 471 2183 555 Ι
2220 484 2294 537 24

471 559 673 634 pueris
698 592 780 601 —
811 563 996 619 laeviis
1026 562 1235 617 Memm.
1294 562 1486 632 pueris
1516 589 1600 600 -—
1630 561 1757 616 velis
1799 560 1923 616 Med
1951 568 1994 619 1.
2027 568 2079 621 3.
2122 563 2294 632 pueri

481 676 568 688 --
593 646 721 703 levis
744 645 895 702 Paris
909 652 1065 706 6116.
1104 646 1415 716 purpureis
1442 673 1528 684 —
1560 645 1734 698 laenis
1761 659 1868 714 ego
1898 636 1925 724 ΙΙ
1961 651 2079 715 179,
2108 652 2142 703 2
2163 645 2291 701 Non

485 728 740 786 dubitavit
779 758 847 768 —
887 729 1027 785 dare
1068 728 1184 784 Exc
1204 727 1375 784 Notre
1398 728 1599 798 Deme,
1642 726 1749 783 cod
1770 728 1940 783 Basil.
1985 729 2055 785 al.
2089 729 2227 785 Edd.
2277 722 2287 804 Ι

485 820 520 872 2
569 830 645 869 an
686 814 747 869 Io
770 814 839 869 Fr
864 812 1177 870 Gronovius
1220 828 1323 884 pro
1367 813 1424 866 in
1474 802 1485 889 Ι
1540 819 1604 870 15
1638 812 1937 882 prasinum
1980 812 2290 870 Beroaldus

484 913 589 971 pro
614 899 838 968 prasini
870 889 880 973 Ι
919 902 984 957 37
1018 897 1164 954 Casii
1189 895 1505 951 Sabellicus
1537 912 1640 967 pro
1675 896 1853 952 Cassii
1879 886 1905 973 ΙΙ
1936 901 2058 966 182,
2093 901 2154 956 17
2183 913 2288 967 ya-

482 996 591 1037 nea
620 980 925 1037 Salmasius
954 996 1059 1059 pro
1087 993 1300 1051 yaneae
1337 971 1347 1056 Ι
1384 980 1645 1034 institorio
1681 978 1969 1034 Turnebus
2000 995 2103 1052 pro
2134 981 2287 1034 insei-

483 1066 620 1121 iorlo
658 1059 669 1141 Ι
708 1069 773 1123 19
800 1064 1043 1120 sestertio
1066 1062 1372 1119 Salmasius
1403 1078 1506 1133 pro
1527 1064 1828 1118 sestertium
1865 1061 1876 1134 Ι
1912 1068 1981 1123 26
2010 1064 2292 1119 sollemnia

487 1147 826 1204 codVindob
841 1154 894 1205 2.
933 1147 1082 1202 Cort.
1110 1145 1557 1216 Oudendorpius.
1596 1148 1854 1202 sollemne
1869 1146 2157 1205 Turnebus
2184 1162 2290 1219 pro

483 1232 730 1288 sollemni
764 1222 775 1309 Ι
812 1237 881 1291 38
910 1229 1271 1302 affirmabant
1298 1230 1508 1283 Memm·
1538 1220 1567 1308 ΙΙ
1599 1237 1732 1299 183,
1767 1236 1837 1288 22
1873 1229 2158 1301 Spiculum
2183 1232 2290 1287 Be-

485 1314 713 1372 roaldus
766 1330 869 1387 pro
918 1313 1217 1384 Speculum
1263 1307 1273 1389 Ι
1324 1318 1391 1372 29
1438 1312 1794 1385 falerataque
1852 1314 2175 1371 Salmasius.
2240 1320 2296 1368 et

471 1399 775 1473 phalerata
819 1398 973 1454 Paris
996 1403 1152 1457 6116.
1187 1397 1256 1453 al.
1288 1397 1427 1452 Edd.
1478 1396 1727 1469 falerata
1753 1399 1967 1453 Memm.
2026 1398 2282 1457 Metu-3·

483 1485 559 1541 αἱ.
596 1473 609 1561 Ι
646 1481 1201 1537 cimazacumMemm.
1239 1480 1356 1535 Exc
1370 1479 1557 1536 Cuiac.
1590 1498 1947 1553 cymazacum
1966 1481 2090 1538 Med
2108 1487 2291 1540 1.2.3.

484 1581 965 1640 cgcmzymazacum
986 1565 1139 1620 Paris
1154 1570 1309 1623 6116.
1340 1563 1636 1619 Mazacum
1649 1564 1784 1620 Edd.
1812 1564 2112 1637 Mazycum
2135 1557 2288 1640 egoi}

484 1653 607 1720 184,
641 1656 704 1710 31
733 1648 988 1721 fui-ssent,
1017 1665 1121 1720 quo
1152 1653 1331 1703 esseni
1360 1646 1719 1704 Casaubonus
1747 1640 1776 1728 ΙΙ
1808 1655 1929 1719 185,
1954 1656 2021 1709 19
2046 1649 2293 1704 maceria

486 1733 781 1789 Gutherius
813 1748 916 1805 pro
942 1733 1175 1786 materia
1213 1725 1223 1809 Ι
1261 1737 1330 1790 23
1377 1745 1565 1787 venen.
1614 1734 1819 1805 inclyta
1862 1733 1967 1788 cod
1991 1732 2210 1789 Vindob
2233 1737 2289 1787 2.

487 1815 637 1872 Cort.
682 1815 902 1872 Ernesti
934 1808 959 1894 ΙΙ
990 1821 1111 1884 186,
1141 1820 1210 1873 22
1237 1815 1301 1870 L.
1318 1814 1617 1886 Agerinum
1644 1815 1780 1873 Edd.
1822 1816 2120 1887 Ayerinum
2151 1815 2292 1869 Tur-

484 1900 660 1955 nebus
701 1915 802 1971 pro
838 1901 1140 1969 layerinum
1180 1891 1207 1978 ΙΙ
1250 1902 1372 1968 187,
1401 1904 1434 1958 6
1475 1899 1795 1969 Poppaeam
1839 1900 2152 1955 Sabellicus
2185 1911 2292 1971 pro

484 1984 820 2055 Pompeiam.
867 1984 936 2038 Et
964 1982 1049 2039 sic
1078 1983 1136 2038 in
1165 1999 1324 2054 seqq.
1366 1982 1375 2051 Ι
1417 1988 1481 2043 17
1505 1984 1741 2056 finyeret
1768 1985 2021 2039 omittunt
2055 1985 2163 2041 cod
2184 1985 2291 2038 Ba-

485 2069 575 2124 sil.
609 2069 678 2124 al.
713 2067 848 2123 Edd.
897 2068 1131 2139 finyerel
1174 2073 1225 2122 el
1263 2066 1388 2122 Med
1411 2074 1458 2124 1.
1500 2074 1550 2126 3.
1600 2068 1672 2124 al.
1723 2059 1734 2145 Ι
1788 2072 1854 2127 27
1899 2069 2041 2122 inter
2088 2065 2294 2142 omittit

486 2151 830 2209 Torrentius.
860 2152 983 2205 ilem
1009 2150 1301 2206 codPeriz.
1332 2150 1481 2206 Harl.
1515 2150 1651 2207 Edd.
1684 2154 1950 2208 interemit
1973 2151 2239 2208 codFrib.
2258 2142 2289 2228 ΙΙ

487 2241 620 2304 188,
663 2241 697 2296 9
724 2234 972 2290 Barbillo
1001 2234 1174 2290 Vater
1206 2251 1237 2289 e
1282 2233 1459 2288 Dione
1498 2226 1507 2311 Ι
1546 2240 1614 2294 29
1654 2254 1819 2309 quam
1854 2236 2092 2291 duarum
2120 2235 2293 2291 hora-

485 2336 610 2375 rum
644 2320 921 2374 codBcrn.
963 2334 1126 2390 quam
1160 2316 1271 2372 III
1291 2316 1564 2372 horarum
1597 2321 1703 2376 cod
1718 2320 1896 2376 Guelf.
1927 2310 1953 2397 ΙΙ
1985 2323 2153 2389 19⁰,4
2181 2334 2294 2389 μη-

486 2389 788 2478 τροκτόνοι
804 2401 1141 2470 Sabellicus,
1163 2401 1291 2472 Dio,
1309 2401 1630 2458 Philostrat.
1652 2403 1824 2475 Soph.
1845 2403 1961 2458 init.
2005 2398 2019 2482 Ι
2054 2411 2086 2462 5
2111 2405 2292 2457 Neo-

488 2489 750 2541 ῪΗΦΟΝ
773 2485 981 2540 Memm.
1017 2483 1170 2540 Paris
1185 2490 1341 2543 6116.
1379 2485 1665 2542 Turnebus
1703 2483 1714 2558 Ι
1754 2490 1817 2545 17
1848 2474 2031 2560 πάτερ
2064 2514 2138 2525 —-
2178 2481 2290 2558 μῆ-

484 2587 582 2646 τερ
612 2569 749 2624 Edd.
778 2584 881 2640 pro
905 2584 1097 2639 πατηρ
1127 2597 1212 2607 -
1238 2584 1429 2640 μητηρ
1466 2561 1478 2644 Ι
1516 2575 1585 2626 20
1611 2575 1835 2624 notarat
1861 2570 2291 2641 Oudendorpius

485 2670 590 2727 pro
623 2656 840 2708 notaret
887 2643 896 2730 Ι
950 2659 1019 2711 30
1065 2644 1385 2723 διαθρέψει
1417 2652 1733 2723 Turnebus,
1771 2654 1895 2710 Dio.
1955 2648 2291 2728 διατρεσφει

481 2739 692 2793 Memm.
728 2730 1024 2808 διατρεφει
1055 2735 1208 2792 Paris
1224 2742 1362 2796 6116
1403 2727 1431 2815 ΙΙ
1470 2742 1609 2807 191,
1641 2745 1708 2795 10
1743 2737 2031 2808 qaudentis
2059 2737 2291 2793 Beroal-

483 2823 586 2877 dus
616 2836 719 2892 pro
745 2819 1102 2892 qaudentibus
1126 2820 1216 2874 vel
1241 2820 1522 2891 qaudendi
1554 2811 1564 2898 Ι
1603 2825 1669 2880 27
1693 2820 2005 2877 elaboratae
2026 2822 2290 2877 Burman-

484 2922 586 2961 nus
626 2919 729 2975 pro
766 2903 1047 2958 laboratae
1087 2894 1115 2982 ΙΙ
1157 2909 1288 2972 192,
1333 2909 1402 2962 30
1438 2919 1474 2957 a
1518 2918 1579 2959 se
1624 2905 1848 2960 consule
1878 2904 2219 2962 codVindob
2236 2908 2289 2960 2.

485 2988 637 3044 Cort.
668 2986 888 3042 Ernesti
921 3003 1024 3059 pro
1058 3004 1094 3041 a
1123 2986 1343 3042 consule
1370 2977 1399 3063 ΙΙ
1430 2993 1562 3057 193,
1593 2993 1661 3047 14
1695 2988 1937 3043 lucranti
1963 2987 2294 3044 oudendor-

481 3072 605 3144 pius
636 3086 739 3144 pro
769 3072 1045 3125 lucrantia
1094 3061 1107 3149 Ι
1156 3078 1222 3131 19
1265 3071 1494 3125 raderet
1523 3073 1809 3127 Turnebus
1920 3078 1990 3130 20
2018 3084 2293 3141 ascopera

481 3155 804 3210 Politianus.
876 3169 1096 3210 ascoma
1128 3154 1415 3210 Turnebus
1462 3170 1565 3227 pro
1607 3169 1812 3224 ascopa
1918 3163 1983 3214 21
2027 3157 2113 3227 eyi
2142 3154 2295 3225 quod

483 3239 748 3294 Gruterus
786 3231 798 3314 Ι
834 3245 901 3298 35
929 3239 1194 3294 exaudita
1228 3240 1429 3293 uxoris
1457 3255 1568 3294 vox
1597 3239 1703 3294 cod
1717 3238 1863 3295 Frib.
1898 3233 1925 3315 ΙΙ
1952 3244 2088 3308 194,
2123 3243 2156 3297 6
2196 3238 2292 3293 de-

479 3323 618 3376 sisse
658 3321 764 3376 cod
790 3321 1181 3393 Lovaniensis‚
1225 3321 1550 3378 Torrentius
1600 3338 1703 3394 pro
1747 3322 1961 3378 dedisse
2007 3322 2097 3379 vel
2143 3321 2292 3377 deci-

482 3406 626 3461 disse
650 3394 681 3484 ΙΙ
712 3411 845 3475 195,
889 3413 952 3465 11
995 3421 1249 3462 aversum
1283 3406 1425 3462 IoFr
1442 3405 1753 3462 Gronovius
1786 3422 1890 3478 pro
1918 3419 2136 3462 versum
2173 3395 2189 3482 Ι
2225 3412 2294 3466 19

472 3489 646 3561 pallio
679 3491 966 3560 uzsiraium
998 3489 1296 3546 Echotre
1313 3491 1501 3559 Dame,
1540 3490 1867 3545 Torrentius
1902 3487 1915 3560 Ι
1953 3496 2023 3549 28
2053 3488 2300 3548 Phaonti
