2553 3960
1127 221 1468 269 TIBERIUS.
2171 212 2285 274 109

280 393 413 436 nem
449 375 508 434 in
548 374 732 434 insula
774 373 1006 452 Pontia,
1042 374 1290 436 Drusum
1339 376 1397 434 in
1437 378 1547 438 ima
1589 388 1753 457 parte
1803 378 2023 439 Palatii.
2087 377 2292 439 Putant

278 460 576 520 Neronem
619 457 690 517 ad
740 457 1114 519 voluntariam
1156 469 1398 519 mortem
1439 470 1737 539 coactum,
1783 480 1910 522 cum
1943 462 1996 521 ei
2029 463 2291 522 carnifex

281 544 446 624 quasi
486 560 563 602 ex
604 550 838 601 senatus
878 546 1220 603 auctoritate
1268 545 1481 604 missus
1513 545 1759 623 laqueos
1792 554 1851 605 et
1879 562 2066 605 uncos
2097 555 2288 606 osten·

280 637 467 704 taret,
506 625 698 686 Druso
743 635 931 686 autem
975 625 1124 688 adeo
1169 627 1440 688 alimenta
1483 627 1765 689 subducta
1812 638 1870 688 ut
1911 638 2225 690 tomentum
2255 648 2289 689 e

241 731 267 770 s
286 711 497 772 culcita
527 710 895 789 temptaverit
923 710 1218 787 mandere,
1242 709 1541 771 amborum
1569 713 1657 772 sic
1687 713 1961 792 reliquias
1994 712 2289 792 dispersas

282 805 344 855 ut
376 797 475 855 vix
508 793 852 873 quandoque
885 794 1086 871 colligi
1115 804 1376 873 possent.

413 880 600 957 Super
652 887 888 939 veteres
935 881 1155 939 amicos
1197 896 1267 939 ac
1323 879 1637 941 familiares
1696 881 1901 957 viginti
1959 880 2068 940 sibi
2120 898 2154 939 e
2191 893 2374 945 [ιιι-55

281 979 445 1024 mero
478 962 799 1041 principum
846 962 1092 1021 civitatis
1136 962 1601 1041 depoposcerat,
1638 964 1798 1024 velut
1830 964 2196 1024 consiliarios
2234 966 2289 1023 in

281 1048 537 1125 negotiis
593 1044 861 1124 publicis.
960 1044 1176 1106 Horum
1234 1047 1333 1105 vix
1394 1047 1539 1107 duos
1601 1066 1750 1107 anne
1802 1056 1925 1107 tres
1990 1047 2291 1108 incolumis

215 1147 265 1190 ιο
282 1132 603 1213 praestitit,
656 1136 890 1189 ceteros
937 1129 1108 1189 alium
1149 1130 1261 1190 alia
1312 1130 1384 1190 de
1425 1149 1596 1192 causa
1640 1131 1922 1210 perculit,
1965 1132 2114 1191 inter
2145 1149 2291 1209 quos

283 1232 413 1277 cum
456 1214 830 1293 plurimorum
876 1212 1039 1273 clade
1081 1214 1313 1273 Aelium
1359 1216 1627 1275 Seianum
1641 1238 1657 1284 ;
1698 1233 1867 1294 quem
1905 1215 1976 1276 ad
2019 1234 2288 1276 summam

281 1299 601 1380 potentiam
642 1315 755 1358 non
799 1306 913 1357 tam
955 1296 1347 1358 benivolentia
1392 1308 1779 1378 provexerat,
1824 1317 1993 1379 quam
2038 1309 2098 1358 ut
2134 1308 2291 1360 esset

283 1387 444 1445 cuius
471 1381 790 1441 ministerio
814 1399 885 1442 ac
907 1381 1203 1441 fraudibus
1228 1382 1450 1442 liberos
1474 1382 1798 1444 Germanici
1828 1384 2288 1460 circumveniret,

280 1473 673 1547 nepotemque
716 1484 878 1525 suum
913 1483 988 1525 ex
1020 1465 1213 1524 Druso
1247 1466 1366 1525 filio
1398 1465 1716 1526 naturalem
1749 1466 1820 1527 ad
1852 1470 2289 1527 successionem

211 1569 262 1609 ιε
280 1551 506 1631 imperii
537 1550 922 1609 confirmaret.

402 1634 595 1695 Nihilo
640 1633 830 1692 lenior
868 1634 925 1693 in
969 1635 1340 1694 convictores
1389 1633 1741 1710 Graeculos,
1786 1633 1993 1714 quibus
2038 1634 2131 1694 vel
2173 1653 2286 1695 ma·
2306 1640 2374 1695 56

280 1721 436 1780 xime
466 1716 900 1797 adquiescebat.
968 1717 1273 1778 Xenonem
1305 1717 1588 1797 quendam
1639 1719 1987 1797 exquisitius
2016 1719 2288 1779 sermoci-

280 1812 509 1864 nantem
536 1818 661 1860 cum
689 1803 1135 1878 interrogasset,
1169 1819 1448 1880 quaenam
1480 1801 1576 1862 illa
1602 1811 1713 1862 tam
1735 1802 1983 1864 molesta
2006 1800 2290 1862 dialectos

283 1894 475 1962 esset,
513 1894 572 1944 et
601 1885 699 1944 ille
730 1884 1134 1963 respondisset
1159 1884 1466 1962 Doridem,
1498 1885 1785 1963 relegavit
1822 1884 2136 1961 Cinariam,
2169 1888 2287 1945 exi·

209 1972 517 2031 zostimans
567 1968 980 2048 exprobratum
1031 1969 1142 2029 sibi
1191 1978 1450 2031 veterem
1503 1988 1823 2047 secessum,
1878 1969 2033 2051 quod
2072 1969 2288 2031 Dorice

278 2052 493 2115 Rhodii
544 2053 867 2133 loquantur.
932 2053 1076 2114 Item
1130 2072 1256 2114 cum
1312 2054 1536 2114 soleret
1590 2073 1666 2115 ex
1708 2055 1961 2115 lectione
2005 2053 2290 2114 cotidiana

283 2137 655 2218 quaestiones
702 2155 883 2216 super
928 2156 1162 2199 caenam
1196 2156 1535 2217 proponere
1581 2147 1639 2198 et
1672 2141 2056 2218 comperisset
2087 2138 2287 2197 Seleu·

282 2240 408 2283 cum
447 2223 880 2299 grammaticum
923 2242 956 2284 a
990 2223 1263 2282 ministris
1293 2224 1413 2282 suis
1447 2224 1825 2302 perquirere,
1872 2240 2021 2302 quos
2057 2240 2288 2302 quoque

278 2317 547 2385 tempore
599 2315 874 2367 tractaret
925 2316 1222 2382 auctores,
1280 2314 1453 2384 atque
1494 2308 1571 2366 ita
1614 2316 2018 2385 praeparatum
2066 2307 2287 2380 venire,

207 2405 262 2446 25
283 2393 526 2471 primum
553 2407 585 2449 a
617 2390 994 2451 contubernio
1022 2391 1291 2466 removit,
1325 2389 1532 2449 deinde
1559 2393 1728 2451 etiam
1760 2389 1831 2449 ad
1861 2400 2100 2450 mortem
2133 2407 2286 2449 com-

321 2475 445 2534 ulit.

279 2494 316 2555 p
406 2558 596 2618 Saeva
643 2574 714 2617 ac
760 2557 915 2617 lenta
956 2567 1154 2619 natura
1200 2576 1272 2617 ne
1309 2559 1366 2616 in
1400 2574 1583 2635 puero
1618 2556 1844 2633 quidem
1879 2557 2070 2617 latuit:
2121 2573 2286 2632 quam
2303 2567 2367 2622 57

278 2640 630 2701 Theodorus
671 2639 964 2701 Gadareus
1016 2641 1349 2701 rhetoricae
1400 2649 1756 2718 praeceptor
1802 2648 1860 2698 et
1907 2639 2287 2719 perspexisse

280 2725 498 2804 primus
538 2725 833 2802 sagaciter
874 2734 933 2785 et
974 2724 1324 2785 assimilasse
1354 2726 1652 2803 aptissime
1689 2725 1846 2782 visus
1879 2732 1997 2800 est,
2047 2720 2287 2781 subinde

207 2808 339 2867 soin
382 2807 746 2886 obiurgando
792 2807 1096 2886 appellans
1130 2826 1256 2868 eum
1288 2797 1503 2888 πηλὸν
1546 2805 1772 2886 αἵματι
1809 2801 2289 2887 πεφυραμένον

281 2888 363 2977 [id
394 2902 485 2952 est
515 2892 691 2952 lutum
723 2909 754 2951 a
787 2893 1064 2969 sanguine
1100 2887 1492 2975 maceratum]
1546 2892 1662 2952 Sed
1695 2891 1985 2971 aliquanto
2017 2891 2201 2966 magis
2231 2891 2287 2948 in

279 2976 544 3056 principe
574 2976 774 3052 eluxit,
799 2976 968 3034 etiam
992 2977 1140 3036 inter
1168 2976 1327 3036 initia
1352 2995 1477 3036 cum
1508 2974 1692 3036 adhuc
1717 2976 1978 3035 favorem
2000 2974 2286 3035 hominum

277 3058 692 3120 moderationis
741 3059 1104 3120 simulatione
1159 3069 1437 3138 captaret.
1524 3061 1823 3136 Scurram,
1878 3059 1974 3139 qui
2030 3067 2286 3137 praeter-

278 3153 450 3204 eunte
492 3145 695 3204 funere
742 3142 901 3203 clare
943 3153 1167 3203 mortuo
1204 3144 1533 3221 mandarat,
1577 3154 1636 3203 ut
1675 3144 1961 3203 nuntiaret
1995 3142 2285 3219 Augusto,

205 3226 547 3289 ”nondum
584 3227 772 3288 reddi
798 3227 1008 3307 legata
1048 3245 1208 3307 quae
1231 3225 1436 3305 plebei
1460 3226 1833 3306 reliquisset,
1869 3227 2182 3288 adtractum
2218 3224 2288 3285 ad

276 3329 342 3371 se
391 3312 665 3390 recipere
719 3311 970 3371 debitum
1025 3310 1270 3390 ducique
1324 3311 1396 3371 ad
1452 3312 1800 3391 supplicium
1842 3311 2177 3390 imperavit,
2231 3315 2287 3366 et

275 3395 431 3474 patri
461 3413 567 3456 suo
600 3413 801 3455 verum
830 3395 1077 3456 referre.
1143 3394 1273 3454 Nec
1302 3395 1477 3455 multo
1513 3404 1648 3473 post
1681 3397 1738 3453 in
1774 3404 1976 3455 senatu
2008 3390 2285 3467 Pompeio

276 3476 505 3541 cuidam>
541 3480 718 3559 equiti
759 3480 831 3540 R.
875 3478 1139 3559 quiddam
1185 3480 1558 3557 perneganti,
1603 3478 1732 3538 dum
1767 3477 1993 3538 vincula
2028 3474 2285 3539 minatur,
