<?xml version="1.0" encoding="UTF-8"?>
<!DOCTYPE html PUBLIC "-//W3C//DTD XHTML 1.0 Transitional//EN"
    "http://www.w3.org/TR/xhtml1/DTD/xhtml1-transitional.dtd">
<html xmlns="http://www.w3.org/1999/xhtml" xml:lang="en" lang="en">
 <head>
  <title>
</title>
<meta http-equiv="Content-Type" content="text/html;charset=utf-8" />
  <meta name='ocr-system' content='tesseract 3.04.00' />
  <meta name='ocr-capabilities' content='ocr_page ocr_carea ocr_par ocr_line ocrx_word'/>
</head>
<body>
  <div class='ocr_page' id='page_1' title='image "./csuetonitranqui06rothgoog_0165.png"; bbox 0 0 2553 3960; ppageno 0'>
   <div class='ocr_carea' id='block_1_1' title="bbox 905 255 2250 317">
    <p class='ocr_par' dir='ltr' id='par_1_1' title="bbox 905 255 2250 317">
     <span class='ocr_line' id='line_1_1' title="bbox 905 255 2250 317; baseline 0.004 -6"><span class='ocrx_word' id='word_1_1' title='bbox 905 264 1116 314; x_wconf 81' lang='lat' dir='ltr'><strong>mvus</strong></span> <span class='ocrx_word' id='word_1_2' title='bbox 1156 266 1536 315; x_wconf 72' lang='lat' dir='ltr'><strong>Aneusrus.</strong></span> <span class='ocrx_word' id='word_1_3' title='bbox 2168 255 2250 317; x_wconf 85' lang='lat'><strong>53</strong></span> 
     </span>
    </p>
   </div>
   <div class='ocr_carea' id='block_1_2' title="bbox 149 418 2334 3621">
    <p class='ocr_par' dir='ltr' id='par_1_2' title="bbox 149 418 2334 3621">
     <span class='ocr_line' id='line_1_2' title="bbox 225 418 2252 501; baseline 0 -19"><span class='ocrx_word' id='word_1_4' title='bbox 225 421 630 501; x_wconf 75' lang='lat' dir='ltr'><strong>superposuit,</strong></span> <span class='ocrx_word' id='word_1_5' title='bbox 688 419 1022 480; x_wconf 75' lang='lat' dir='ltr'><strong>translatam</strong></span> <span class='ocrx_word' id='word_1_6' title='bbox 1073 437 1133 479; x_wconf 73' lang='lat' dir='ltr'><strong>e‘</strong></span> <span class='ocrx_word' id='word_1_7' title='bbox 1160 419 1350 498; x_wconf 88' lang='lat' dir='ltr'><strong>curia,</strong></span> <span class='ocrx_word' id='word_1_8' title='bbox 1408 422 1466 480; x_wconf 91' lang='lat' dir='ltr'><strong>in</strong></span> <span class='ocrx_word' id='word_1_9' title='bbox 1523 437 1632 501; x_wconf 89' lang='lat' dir='ltr'><strong>qua</strong></span> <span class='ocrx_word' id='word_1_10' title='bbox 1684 418 1750 480; x_wconf 88' lang='lat' dir='ltr'><strong>C.</strong></span> <span class='ocrx_word' id='word_1_11' title='bbox 1802 418 2020 481; x_wconf 83' lang='lat' dir='ltr'><strong>Caesar</strong></span> <span class='ocrx_word' id='word_1_12' title='bbox 2060 422 2252 482; x_wconf 82' lang='lat' dir='ltr'><strong>suerat</strong></span> 
     </span>
     <span class='ocr_line' id='line_1_3' title="bbox 227 523 484 566; baseline -0.008 -1"><span class='ocrx_word' id='word_1_13' title='bbox 227 523 484 566; x_wconf 78' lang='lat' dir='ltr'><strong>occisus.</strong></span> 
     </span>
     <span class='ocr_line' id='line_1_4' title="bbox 344 586 2334 668; baseline 0.002 -19"><span class='ocrx_word' id='word_1_14' title='bbox 344 589 633 668; x_wconf 83' lang='lat' dir='ltr'><strong>Pleraque</strong></span> <span class='ocrx_word' id='word_1_15' title='bbox 691 586 928 667; x_wconf 81' lang='lat' dir='ltr'><strong>pessimi</strong></span> <span class='ocrx_word' id='word_1_16' title='bbox 983 587 1239 666; x_wconf 87' lang='lat' dir='ltr'><strong>exempli</strong></span> <span class='ocrx_word' id='word_1_17' title='bbox 1312 589 1370 647; x_wconf 92' lang='lat' dir='ltr'><strong>in</strong></span> <span class='ocrx_word' id='word_1_18' title='bbox 1422 586 1738 667; x_wconf 88' lang='lat' dir='ltr'><strong>perniciem</strong></span> <span class='ocrx_word' id='word_1_19' title='bbox 1805 587 2096 666; x_wconf 84' lang='lat' dir='ltr'><strong>publicam</strong></span> <span class='ocrx_word' id='word_1_20' title='bbox 2157 598 2334 654; x_wconf 78' lang='lat' dir='ltr'><strong>aut32</strong></span> 
     </span>
     <span class='ocr_line' id='line_1_5' title="bbox 224 670 2250 750; baseline 0 -17"><span class='ocrx_word' id='word_1_21' title='bbox 224 692 305 733; x_wconf 82' lang='lat' dir='ltr'><strong>ex</strong></span> <span class='ocrx_word' id='word_1_22' title='bbox 367 671 783 734; x_wconf 87' lang='lat' dir='ltr'><strong>consuetudine</strong></span> <span class='ocrx_word' id='word_1_23' title='bbox 843 672 1192 750; x_wconf 81' lang='lat' dir='ltr'><strong>licentiaque</strong></span> <span class='ocrx_word' id='word_1_24' title='bbox 1258 670 1547 732; x_wconf 87' lang='lat' dir='ltr'><strong>bellorum</strong></span> <span class='ocrx_word' id='word_1_25' title='bbox 1604 672 1852 732; x_wconf 90' lang='lat' dir='ltr'><strong>civilium</strong></span> <span class='ocrx_word' id='word_1_26' title='bbox 1901 670 2250 734; x_wconf 83' lang='lat' dir='ltr'><strong>duraverant</strong></span> 
     </span>
     <span class='ocr_line' id='line_1_6' title="bbox 170 756 2246 837; baseline -0.001 -17"><span class='ocrx_word' id='word_1_27' title='bbox 170 770 198 811; x_wconf 67' lang='grc' dir='ltr'>ὀ</span> <span class='ocrx_word' id='word_1_28' title='bbox 226 765 327 820; x_wconf 86' lang='lat' dir='ltr'><strong>aut</strong></span> <span class='ocrx_word' id='word_1_29' title='bbox 354 775 463 837; x_wconf 92' lang='lat' dir='ltr'><strong>per</strong></span> <span class='ocrx_word' id='word_1_30' title='bbox 502 774 710 836; x_wconf 92' lang='lat' dir='ltr'><strong>pacem</strong></span> <span class='ocrx_word' id='word_1_31' title='bbox 759 756 929 816; x_wconf 89' lang='lat' dir='ltr'><strong>etiam</strong></span> <span class='ocrx_word' id='word_1_32' title='bbox 969 757 1311 826; x_wconf 78' lang='lat' dir='ltr'><strong>extiterant3</strong></span> <span class='ocrx_word' id='word_1_33' title='bbox 1378 774 1508 816; x_wconf 92' lang='lat' dir='ltr'><strong>nam</strong></span> <span class='ocrx_word' id='word_1_34' title='bbox 1552 765 1611 817; x_wconf 90' lang='lat' dir='ltr'><strong>et</strong></span> <span class='ocrx_word' id='word_1_35' title='bbox 1648 774 1853 835; x_wconf 87' lang='lat' dir='ltr'><strong>grassa</strong></span> <span class='ocrx_word' id='word_1_36' title='bbox 1897 765 2083 817; x_wconf 89' lang='lat' dir='ltr'><strong>torum</strong></span> <span class='ocrx_word' id='word_1_37' title='bbox 2123 757 2246 837; x_wconf 92' lang='lat' dir='ltr'><strong>plu-</strong></span> 
     </span>
     <span class='ocr_line' id='line_1_7' title="bbox 222 839 2249 920; baseline -0 -18"><span class='ocrx_word' id='word_1_38' title='bbox 222 842 353 902; x_wconf 88' lang='lat' dir='ltr'><strong>rimi</strong></span> <span class='ocrx_word' id='word_1_39' title='bbox 406 840 597 920; x_wconf 89' lang='lat' dir='ltr'><strong>palam</strong></span> <span class='ocrx_word' id='word_1_40' title='bbox 651 859 718 900; x_wconf 90' lang='lat' dir='ltr'><strong>se</strong></span> <span class='ocrx_word' id='word_1_41' title='bbox 765 839 1036 901; x_wconf 85' lang='lat' dir='ltr'><strong>ferebant</strong></span> <span class='ocrx_word' id='word_1_42' title='bbox 1093 841 1377 900; x_wconf 80' lang='lat' dir='ltr'><strong>succincti</strong></span> <span class='ocrx_word' id='word_1_43' title='bbox 1430 841 1626 918; x_wconf 81' lang='lat' dir='ltr'><strong>ferr0,</strong></span> <span class='ocrx_word' id='word_1_44' title='bbox 1695 841 1857 920; x_wconf 85' lang='lat' dir='ltr'><strong>quasi</strong></span> <span class='ocrx_word' id='word_1_45' title='bbox 1912 842 2109 901; x_wconf 91' lang='lat' dir='ltr'><strong>tuendi</strong></span> <span class='ocrx_word' id='word_1_46' title='bbox 2162 844 2249 901; x_wconf 92' lang='lat' dir='ltr'><strong>sui</strong></span> 
     </span>
     <span class='ocr_line' id='line_1_8' title="bbox 225 924 2249 1005; baseline -0 -19"><span class='ocrx_word' id='word_1_47' title='bbox 225 943 435 1001; x_wconf 87' lang='lat' dir='ltr'><strong>causa,</strong></span> <span class='ocrx_word' id='word_1_48' title='bbox 498 933 555 986; x_wconf 91' lang='lat' dir='ltr'><strong>et</strong></span> <span class='ocrx_word' id='word_1_49' title='bbox 614 926 766 1005; x_wconf 90' lang='lat' dir='ltr'><strong>rapti</strong></span> <span class='ocrx_word' id='word_1_50' title='bbox 809 942 917 1005; x_wconf 90' lang='lat' dir='ltr'><strong>per</strong></span> <span class='ocrx_word' id='word_1_51' title='bbox 963 941 1142 1002; x_wconf 88' lang='lat' dir='ltr'><strong>agros</strong></span> <span class='ocrx_word' id='word_1_52' title='bbox 1184 925 1445 985; x_wconf 82' lang='lat' dir='ltr'><strong>viatores</strong></span> <span class='ocrx_word' id='word_1_53' title='bbox 1498 926 1625 985; x_wconf 86' lang='lat' dir='ltr'><strong>siue</strong></span> <span class='ocrx_word' id='word_1_54' title='bbox 1690 925 2017 985; x_wconf 87' lang='lat' dir='ltr'><strong>discrimine</strong></span> <span class='ocrx_word' id='word_1_55' title='bbox 2075 924 2249 985; x_wconf 90' lang='lat' dir='ltr'><strong>liberi</strong></span> 
     </span>
     <span class='ocr_line' id='line_1_9' title="bbox 225 1005 2303 1089; baseline 0 -19"><span class='ocrx_word' id='word_1_56' title='bbox 225 1010 501 1089; x_wconf 84' lang='lat' dir='ltr'><strong>servique</strong></span> <span class='ocrx_word' id='word_1_57' title='bbox 529 1009 840 1088; x_wconf 87' lang='lat' dir='ltr'><strong>ergastulis</strong></span> <span class='ocrx_word' id='word_1_58' title='bbox 875 1026 1285 1089; x_wconf 88' lang='lat' dir='ltr'><strong>possessorum</strong></span> <span class='ocrx_word' id='word_1_59' title='bbox 1320 1008 1852 1089; x_wconf 84' lang='lat' dir='ltr'><strong>supprimebantur,</strong></span> <span class='ocrx_word' id='word_1_60' title='bbox 1882 1019 1941 1070; x_wconf 89' lang='lat' dir='ltr'><strong>et</strong></span> <span class='ocrx_word' id='word_1_61' title='bbox 1967 1008 2248 1089; x_wconf 89' lang='lat' dir='ltr'><strong>plurimae</strong></span> <span class='ocrx_word' id='word_1_62' title='bbox 2288 1005 2303 1015; x_wconf 78' lang='grc'><strong><em>’</em></strong></span> 
     </span>
     <span class='ocr_line' id='line_1_10' title="bbox 223 1092 2244 1172; baseline -0 -17"><span class='ocrx_word' id='word_1_63' title='bbox 223 1095 517 1155; x_wconf 82' lang='lat' dir='ltr'><strong>factiones</strong></span> <span class='ocrx_word' id='word_1_64' title='bbox 547 1093 712 1155; x_wconf 93' lang='lat' dir='ltr'><strong>titulo</strong></span> <span class='ocrx_word' id='word_1_65' title='bbox 744 1094 963 1172; x_wconf 81' lang='lat' dir='ltr'><strong>collegi</strong></span> <span class='ocrx_word' id='word_1_66' title='bbox 1004 1094 1141 1153; x_wconf 86' lang='lat' dir='ltr'><strong>novi</strong></span> <span class='ocrx_word' id='word_1_67' title='bbox 1188 1093 1259 1153; x_wconf 91' lang='lat' dir='ltr'><strong>ad</strong></span> <span class='ocrx_word' id='word_1_68' title='bbox 1293 1092 1503 1153; x_wconf 88' lang='lat' dir='ltr'><strong>nullius</strong></span> <span class='ocrx_word' id='word_1_69' title='bbox 1533 1111 1648 1153; x_wconf 90' lang='lat' dir='ltr'><strong>non</strong></span> <span class='ocrx_word' id='word_1_70' title='bbox 1677 1093 1958 1154; x_wconf 85' lang='lat' dir='ltr'><strong>facinoris</strong></span> <span class='ocrx_word' id='word_1_71' title='bbox 1998 1095 2244 1154; x_wconf 88' lang='lat' dir='ltr'><strong>societa-</strong></span> 
     </span>
     <span class='ocr_line' id='line_1_11' title="bbox 154 1176 2247 1259; baseline 0 -22"><span class='ocrx_word' id='word_1_72' title='bbox 154 1195 207 1237; x_wconf 82' lang='grc' dir='ltr'><strong>ιο</strong></span> <span class='ocrx_word' id='word_1_73' title='bbox 227 1188 347 1240; x_wconf 93' lang='lat' dir='ltr'><strong>tem</strong></span> <span class='ocrx_word' id='word_1_74' title='bbox 381 1176 633 1239; x_wconf 89' lang='lat' dir='ltr'><strong>coibant.</strong></span> <span class='ocrx_word' id='word_1_75' title='bbox 678 1177 861 1256; x_wconf 80' lang='lat' dir='ltr'><strong>Igitur</strong></span> <span class='ocrx_word' id='word_1_76' title='bbox 891 1185 1258 1255; x_wconf 89' lang='lat' dir='ltr'><strong>grassaturas</strong></span> <span class='ocrx_word' id='word_1_77' title='bbox 1290 1178 1591 1257; x_wconf 87' lang='lat' dir='ltr'><strong>dispositis</strong></span> <span class='ocrx_word' id='word_1_78' title='bbox 1617 1196 1726 1258; x_wconf 90' lang='lat' dir='ltr'><strong>per</strong></span> <span class='ocrx_word' id='word_1_79' title='bbox 1749 1187 2075 1259; x_wconf 88' lang='lat' dir='ltr'><strong>opportuna</strong></span> <span class='ocrx_word' id='word_1_80' title='bbox 2110 1178 2247 1239; x_wconf 90' lang='lat' dir='ltr'><strong>loca</strong></span> 
     </span>
     <span class='ocr_line' id='line_1_12' title="bbox 224 1261 2248 1343; baseline -0.001 -19"><span class='ocrx_word' id='word_1_81' title='bbox 224 1262 568 1325; x_wconf 89' lang='lat' dir='ltr'><strong>stationibus</strong></span> <span class='ocrx_word' id='word_1_82' title='bbox 608 1261 878 1339; x_wconf 81' lang='lat' dir='ltr'><strong>inhibuit,</strong></span> <span class='ocrx_word' id='word_1_83' title='bbox 933 1261 1231 1339; x_wconf 86' lang='lat' dir='ltr'><strong>ergastula</strong></span> <span class='ocrx_word' id='word_1_84' title='bbox 1269 1264 1651 1341; x_wconf 80' lang='lat' dir='ltr'><strong>recognovit,</strong></span> <span class='ocrx_word' id='word_1_85' title='bbox 1697 1263 1953 1342; x_wconf 90' lang='lat' dir='ltr'><strong>collegia</strong></span> <span class='ocrx_word' id='word_1_86' title='bbox 2011 1271 2248 1343; x_wconf 89' lang='lat' dir='ltr'><strong>praeter</strong></span> 
     </span>
     <span class='ocr_line' id='line_1_13' title="bbox 224 1345 2244 1427; baseline -0.001 -18"><span class='ocrx_word' id='word_1_87' title='bbox 224 1348 458 1427; x_wconf 89' lang='lat' dir='ltr'><strong>antiqua</strong></span> <span class='ocrx_word' id='word_1_88' title='bbox 491 1356 550 1406; x_wconf 91' lang='lat' dir='ltr'><strong>et</strong></span> <span class='ocrx_word' id='word_1_89' title='bbox 579 1345 836 1424; x_wconf 90' lang='lat' dir='ltr'><strong>legitima</strong></span> <span class='ocrx_word' id='word_1_90' title='bbox 868 1345 1156 1406; x_wconf 85' lang='lat' dir='ltr'><strong>dissolvit.</strong></span> <span class='ocrx_word' id='word_1_91' title='bbox 1222 1345 1474 1407; x_wconf 87' lang='lat' dir='ltr'><strong>Tabulas</strong></span> <span class='ocrx_word' id='word_1_92' title='bbox 1506 1357 1766 1408; x_wconf 84' lang='lat' dir='ltr'><strong>veterum</strong></span> <span class='ocrx_word' id='word_1_93' title='bbox 1800 1348 1989 1408; x_wconf 89' lang='lat' dir='ltr'><strong>aerari</strong></span> <span class='ocrx_word' id='word_1_94' title='bbox 2020 1346 2244 1407; x_wconf 89' lang='lat' dir='ltr'><strong>debito-</strong></span> 
     </span>
     <span class='ocr_line' id='line_1_14' title="bbox 221 1430 2244 1511; baseline -0.001 -19"><span class='ocrx_word' id='word_1_95' title='bbox 221 1450 381 1509; x_wconf 87' lang='lat' dir='ltr'><strong>rum,</strong></span> <span class='ocrx_word' id='word_1_96' title='bbox 410 1430 506 1490; x_wconf 85' lang='lat' dir='ltr'><strong>vel</strong></span> <span class='ocrx_word' id='word_1_97' title='bbox 538 1433 908 1511; x_wconf 88' lang='lat' dir='ltr'><strong>praecipuam</strong></span> <span class='ocrx_word' id='word_1_98' title='bbox 939 1430 1319 1491; x_wconf 88' lang='lat' dir='ltr'><strong>calumniandi</strong></span> <span class='ocrx_word' id='word_1_99' title='bbox 1347 1434 1677 1510; x_wconf 87' lang='lat' dir='ltr'><strong>materiam,</strong></span> <span class='ocrx_word' id='word_1_100' title='bbox 1721 1433 1969 1503; x_wconf 88' lang='lat' dir='ltr'><strong>exussit;</strong></span> <span class='ocrx_word' id='word_1_101' title='bbox 2019 1431 2155 1492; x_wconf 93' lang='lat' dir='ltr'><strong>loca</strong></span> <span class='ocrx_word' id='word_1_102' title='bbox 2187 1433 2244 1490; x_wconf 93' lang='lat' dir='ltr'><strong>in</strong></span> 
     </span>
     <span class='ocr_line' id='line_1_15' title="bbox 220 1514 2243 1595; baseline -0.001 -19"><span class='ocrx_word' id='word_1_103' title='bbox 220 1514 371 1576; x_wconf 89' lang='lat' dir='ltr'><strong>urbe</strong></span> <span class='ocrx_word' id='word_1_104' title='bbox 414 1514 650 1594; x_wconf 90' lang='lat' dir='ltr'><strong>publica</strong></span> <span class='ocrx_word' id='word_1_105' title='bbox 693 1516 832 1575; x_wconf 90' lang='lat' dir='ltr'><strong>iuris</strong></span> <span class='ocrx_word' id='word_1_106' title='bbox 873 1514 1158 1592; x_wconf 88' lang='lat' dir='ltr'><strong>ambigui,</strong></span> <span class='ocrx_word' id='word_1_107' title='bbox 1211 1515 1657 1595; x_wconf 84' lang='lat' dir='ltr'><strong>possessoribus</strong></span> <span class='ocrx_word' id='word_1_108' title='bbox 1698 1515 2072 1582; x_wconf 85' lang='lat' dir='ltr'><strong>adiudicavit;</strong></span> <span class='ocrx_word' id='word_1_109' title='bbox 2124 1515 2243 1574; x_wconf 88' lang='lat' dir='ltr'><strong>diu-</strong></span> 
     </span>
     <span class='ocr_line' id='line_1_16' title="bbox 154 1598 2242 1678; baseline 0.001 -22"><span class='ocrx_word' id='word_1_110' title='bbox 154 1599 523 1660; x_wconf 74' lang='lat' dir='ltr'><strong>1sturnorum</strong></span> <span class='ocrx_word' id='word_1_111' title='bbox 551 1616 782 1659; x_wconf 91' lang='lat' dir='ltr'><strong>reorum</strong></span> <span class='ocrx_word' id='word_1_112' title='bbox 812 1608 871 1659; x_wconf 92' lang='lat' dir='ltr'><strong>et</strong></span> <span class='ocrx_word' id='word_1_113' title='bbox 898 1617 975 1659; x_wconf 85' lang='lat' dir='ltr'><strong>ex</strong></span> <span class='ocrx_word' id='word_1_114' title='bbox 1005 1617 1244 1678; x_wconf 89' lang='lat' dir='ltr'><strong>quorum</strong></span> <span class='ocrx_word' id='word_1_115' title='bbox 1274 1598 1542 1660; x_wconf 88' lang='lat' dir='ltr'><strong>sordibus</strong></span> <span class='ocrx_word' id='word_1_116' title='bbox 1575 1599 1715 1660; x_wconf 88' lang='lat' dir='ltr'><strong>nihil</strong></span> <span class='ocrx_word' id='word_1_117' title='bbox 1759 1599 1912 1660; x_wconf 88' lang='lat' dir='ltr'><strong>aliud</strong></span> <span class='ocrx_word' id='word_1_118' title='bbox 1944 1616 2112 1678; x_wconf 90' lang='lat' dir='ltr'><strong>quam</strong></span> <span class='ocrx_word' id='word_1_119' title='bbox 2142 1615 2242 1658; x_wconf 84' lang='lat' dir='ltr'><strong>vo-</strong></span> 
     </span>
     <span class='ocr_line' id='line_1_17' title="bbox 221 1683 2242 1763; baseline -0.002 -18"><span class='ocrx_word' id='word_1_120' title='bbox 221 1684 417 1763; x_wconf 88' lang='lat' dir='ltr'><strong>luptas</strong></span> <span class='ocrx_word' id='word_1_121' title='bbox 448 1683 695 1743; x_wconf 86' lang='lat' dir='ltr'><strong>inimicis</strong></span> <span class='ocrx_word' id='word_1_122' title='bbox 722 1692 1102 1762; x_wconf 87' lang='lat' dir='ltr'><strong>quaereretur</strong></span> <span class='ocrx_word' id='word_1_123' title='bbox 1135 1685 1366 1744; x_wconf 90' lang='lat' dir='ltr'><strong>nomina</strong></span> <span class='ocrx_word' id='word_1_124' title='bbox 1402 1683 1689 1761; x_wconf 87' lang='lat' dir='ltr'><strong>abolevit,</strong></span> <span class='ocrx_word' id='word_1_125' title='bbox 1726 1683 2072 1743; x_wconf 88' lang='lat' dir='ltr'><strong>condicione</strong></span> <span class='ocrx_word' id='word_1_126' title='bbox 2105 1698 2242 1763; x_wconf 89' lang='lat' dir='ltr'><strong>pro·</strong></span> 
     </span>
     <span class='ocr_line' id='line_1_18' title="bbox 222 1767 2243 1849; baseline -0.001 -22"><span class='ocrx_word' id='word_1_127' title='bbox 222 1769 438 1849; x_wconf 89' lang='lat' dir='ltr'><strong>posita,</strong></span> <span class='ocrx_word' id='word_1_128' title='bbox 476 1776 539 1827; x_wconf 91' lang='lat' dir='ltr'><strong>ut</strong></span> <span class='ocrx_word' id='word_1_129' title='bbox 568 1769 618 1826; x_wconf 90' lang='lat' dir='ltr'><strong>si</strong></span> <span class='ocrx_word' id='word_1_130' title='bbox 649 1785 817 1848; x_wconf 89' lang='lat' dir='ltr'><strong>quem</strong></span> <span class='ocrx_word' id='word_1_131' title='bbox 844 1769 971 1847; x_wconf 88' lang='lat' dir='ltr'><strong>quis</strong></span> <span class='ocrx_word' id='word_1_132' title='bbox 1003 1776 1280 1847; x_wconf 89' lang='lat' dir='ltr'><strong>repetere</strong></span> <span class='ocrx_word' id='word_1_133' title='bbox 1306 1768 1504 1846; x_wconf 85' lang='lat' dir='ltr'><strong>vellet,</strong></span> <span class='ocrx_word' id='word_1_134' title='bbox 1538 1786 1645 1847; x_wconf 89' lang='lat' dir='ltr'><strong>par</strong></span> <span class='ocrx_word' id='word_1_135' title='bbox 1672 1767 1988 1848; x_wconf 83' lang='lat' dir='ltr'><strong>periculum</strong></span> <span class='ocrx_word' id='word_1_136' title='bbox 2013 1783 2243 1846; x_wconf 89' lang='lat' dir='ltr'><strong>poenae</strong></span> 
     </span>
     <span class='ocr_line' id='line_1_19' title="bbox 223 1850 2242 1931; baseline -0.001 -20"><span class='ocrx_word' id='word_1_137' title='bbox 223 1850 466 1912; x_wconf 88' lang='lat' dir='ltr'><strong>subiret.</strong></span> <span class='ocrx_word' id='word_1_138' title='bbox 540 1850 633 1911; x_wconf 89' lang='lat' dir='ltr'><strong>Ne</strong></span> <span class='ocrx_word' id='word_1_139' title='bbox 675 1852 830 1931; x_wconf 90' lang='lat' dir='ltr'><strong>quod</strong></span> <span class='ocrx_word' id='word_1_140' title='bbox 870 1860 1059 1912; x_wconf 89' lang='lat' dir='ltr'><strong>autem</strong></span> <span class='ocrx_word' id='word_1_141' title='bbox 1104 1852 1449 1913; x_wconf 88' lang='lat' dir='ltr'><strong>maleficium</strong></span> <span class='ocrx_word' id='word_1_142' title='bbox 1500 1856 1871 1931; x_wconf 86' lang='lat' dir='ltr'><strong>negotiumve</strong></span> <span class='ocrx_word' id='word_1_143' title='bbox 1925 1851 2242 1931; x_wconf 88' lang='lat' dir='ltr'><strong>inpunitate</strong></span> 
     </span>
     <span class='ocr_line' id='line_1_20' title="bbox 222 1933 2241 2019; baseline -0.002 -21"><span class='ocrx_word' id='word_1_144' title='bbox 222 1936 321 1998; x_wconf 83' lang='lat' dir='ltr'><strong>vel</strong></span> <span class='ocrx_word' id='word_1_145' title='bbox 351 1953 514 1997; x_wconf 90' lang='lat' dir='ltr'><strong>mora</strong></span> <span class='ocrx_word' id='word_1_146' title='bbox 544 1934 903 2014; x_wconf 87' lang='lat' dir='ltr'><strong>elaberetur,</strong></span> <span class='ocrx_word' id='word_1_147' title='bbox 955 1937 1190 2014; x_wconf 87' lang='lat' dir='ltr'><strong>triginta</strong></span> <span class='ocrx_word' id='word_1_148' title='bbox 1220 1936 1464 2019; x_wconf 89' lang='lat' dir='ltr'><strong>amplius</strong></span> <span class='ocrx_word' id='word_1_149' title='bbox 1496 1935 1651 2014; x_wconf 85' lang='lat' dir='ltr'><strong>dies,</strong></span> <span class='ocrx_word' id='word_1_150' title='bbox 1695 1938 1791 2017; x_wconf 88' lang='lat' dir='ltr'><strong>qui</strong></span> <span class='ocrx_word' id='word_1_151' title='bbox 1821 1936 2127 1998; x_wconf 87' lang='lat' dir='ltr'><strong>honoraris</strong></span> <span class='ocrx_word' id='word_1_152' title='bbox 2157 1933 2241 1994; x_wconf 90' lang='lat' dir='ltr'><strong>lu·</strong></span> 
     </span>
     <span class='ocr_line' id='line_1_21' title="bbox 149 2019 2241 2101; baseline 0 -22"><span class='ocrx_word' id='word_1_153' title='bbox 149 2040 205 2079; x_wconf 76' lang='lat'><strong>2⁰</strong></span> <span class='ocrx_word' id='word_1_154' title='bbox 224 2021 316 2082; x_wconf 89' lang='lat' dir='ltr'><strong>dis</strong></span> <span class='ocrx_word' id='word_1_155' title='bbox 356 2020 824 2101; x_wconf 87' lang='lat' dir='ltr'><strong>occupabantur,</strong></span> <span class='ocrx_word' id='word_1_156' title='bbox 856 2023 1007 2081; x_wconf 88' lang='lat' dir='ltr'><strong>actui</strong></span> <span class='ocrx_word' id='word_1_157' title='bbox 1036 2040 1228 2081; x_wconf 90' lang='lat' dir='ltr'><strong>rerum</strong></span> <span class='ocrx_word' id='word_1_158' title='bbox 1266 2022 1742 2083; x_wconf 85' lang='lat' dir='ltr'><strong>accommodavit.</strong></span> <span class='ocrx_word' id='word_1_159' title='bbox 1808 2020 1902 2081; x_wconf 89' lang='lat' dir='ltr'><strong>Ad</strong></span> <span class='ocrx_word' id='word_1_160' title='bbox 1953 2022 2058 2080; x_wconf 89' lang='lat' dir='ltr'><strong>tris</strong></span> <span class='ocrx_word' id='word_1_161' title='bbox 2101 2019 2241 2080; x_wconf 91' lang='lat' dir='ltr'><strong>iudi-</strong></span> 
     </span>
     <span class='ocr_line' id='line_1_22' title="bbox 223 2103 2240 2185; baseline -0.002 -17"><span class='ocrx_word' id='word_1_162' title='bbox 223 2125 352 2168; x_wconf 92' lang='lat' dir='ltr'><strong>cum</strong></span> <span class='ocrx_word' id='word_1_163' title='bbox 395 2105 660 2166; x_wconf 86' lang='lat' dir='ltr'><strong>decurias</strong></span> <span class='ocrx_word' id='word_1_164' title='bbox 704 2114 963 2185; x_wconf 88' lang='lat' dir='ltr'><strong>quartam</strong></span> <span class='ocrx_word' id='word_1_165' title='bbox 1004 2105 1219 2166; x_wconf 87' lang='lat' dir='ltr'><strong>addidit</strong></span> <span class='ocrx_word' id='word_1_166' title='bbox 1258 2125 1335 2166; x_wconf 88' lang='lat' dir='ltr'><strong>ex</strong></span> <span class='ocrx_word' id='word_1_167' title='bbox 1374 2107 1650 2168; x_wconf 82' lang='lat' dir='ltr'><strong>inferiore</strong></span> <span class='ocrx_word' id='word_1_168' title='bbox 1695 2125 1907 2184; x_wconf 89' lang='lat' dir='ltr'><strong>censu,</strong></span> <span class='ocrx_word' id='word_1_169' title='bbox 1951 2123 2099 2185; x_wconf 88' lang='lat' dir='ltr'><strong>quae</strong></span> <span class='ocrx_word' id='word_1_170' title='bbox 2144 2103 2240 2164; x_wconf 87' lang='lat' dir='ltr'><strong>du-</strong></span> 
     </span>
     <span class='ocr_line' id='line_1_23' title="bbox 223 2189 2237 2271; baseline -0.002 -19"><span class='ocrx_word' id='word_1_171' title='bbox 223 2191 590 2252; x_wconf 85' lang='lat' dir='ltr'><strong>cenariorum</strong></span> <span class='ocrx_word' id='word_1_172' title='bbox 647 2198 961 2250; x_wconf 84' lang='lat' dir='ltr'><strong>vocaretur</strong></span> <span class='ocrx_word' id='word_1_173' title='bbox 1013 2189 1412 2271; x_wconf 88' lang='lat' dir='ltr'><strong>iudicaretque</strong></span> <span class='ocrx_word' id='word_1_174' title='bbox 1466 2190 1540 2251; x_wconf 93' lang='lat' dir='ltr'><strong>de</strong></span> <span class='ocrx_word' id='word_1_175' title='bbox 1602 2190 1926 2251; x_wconf 86' lang='lat' dir='ltr'><strong>levioribus</strong></span> <span class='ocrx_word' id='word_1_176' title='bbox 1987 2190 2237 2250; x_wconf 91' lang='lat' dir='ltr'><strong>summis.</strong></span> 
     </span>
     <span class='ocr_line' id='line_1_24' title="bbox 219 2274 2239 2355; baseline -0.002 -19"><span class='ocrx_word' id='word_1_177' title='bbox 219 2274 455 2337; x_wconf 91' lang='lat' dir='ltr'><strong>Iudices</strong></span> <span class='ocrx_word' id='word_1_178' title='bbox 487 2292 520 2335; x_wconf 89' lang='lat' dir='ltr'><strong>a</strong></span> <span class='ocrx_word' id='word_1_179' title='bbox 545 2275 862 2335; x_wconf 83' lang='lat' dir='ltr'><strong>vicensimo</strong></span> <span class='ocrx_word' id='word_1_180' title='bbox 893 2275 1100 2334; x_wconf 88' lang='lat' dir='ltr'><strong>aetatis</strong></span> <span class='ocrx_word' id='word_1_181' title='bbox 1146 2292 1295 2335; x_wconf 92' lang='lat' dir='ltr'><strong>anno</strong></span> <span class='ocrx_word' id='word_1_182' title='bbox 1325 2274 1573 2354; x_wconf 90' lang='lat' dir='ltr'><strong>adlegit,</strong></span> <span class='ocrx_word' id='word_1_183' title='bbox 1626 2275 1684 2336; x_wconf 91' lang='lat' dir='ltr'><strong>id</strong></span> <span class='ocrx_word' id='word_1_184' title='bbox 1730 2284 1821 2334; x_wconf 86' lang='lat' dir='ltr'><strong>est</strong></span> <span class='ocrx_word' id='word_1_185' title='bbox 1853 2274 2239 2355; x_wconf 89' lang='lat' dir='ltr'><strong>quinquennio</strong></span> 
     </span>
     <span class='ocr_line' id='line_1_25' title="bbox 219 2356 2240 2439; baseline -0.002 -18"><span class='ocrx_word' id='word_1_186' title='bbox 219 2361 498 2421; x_wconf 85' lang='lat' dir='ltr'><strong>maturius</strong></span> <span class='ocrx_word' id='word_1_187' title='bbox 541 2376 707 2438; x_wconf 88' lang='lat' dir='ltr'><strong>quam</strong></span> <span class='ocrx_word' id='word_1_188' title='bbox 746 2357 1037 2419; x_wconf 90' lang='lat' dir='ltr'><strong>solebant.</strong></span> <span class='ocrx_word' id='word_1_189' title='bbox 1108 2356 1201 2419; x_wconf 84' lang='lat' dir='ltr'><strong>Ac</strong></span> <span class='ocrx_word' id='word_1_190' title='bbox 1245 2359 1545 2439; x_wconf 88' lang='lat' dir='ltr'><strong>plerisque</strong></span> <span class='ocrx_word' id='word_1_191' title='bbox 1587 2359 1872 2420; x_wconf 88' lang='lat' dir='ltr'><strong>iudicandi</strong></span> <span class='ocrx_word' id='word_1_192' title='bbox 1912 2377 2112 2418; x_wconf 92' lang='lat' dir='ltr'><strong>munus</strong></span> <span class='ocrx_word' id='word_1_193' title='bbox 2143 2356 2240 2417; x_wconf 86' lang='lat' dir='ltr'><strong>de·</strong></span> 
     </span>
     <span class='ocr_line' id='line_1_26' title="bbox 150 2441 2235 2524; baseline -0.001 -22"><span class='ocrx_word' id='word_1_194' title='bbox 150 2441 639 2521; x_wconf 70' lang='lat' dir='ltr'><strong>zstmctantibus,</strong></span> <span class='ocrx_word' id='word_1_195' title='bbox 679 2444 776 2503; x_wconf 85' lang='lat' dir='ltr'><strong>vix</strong></span> <span class='ocrx_word' id='word_1_196' title='bbox 806 2443 1105 2503; x_wconf 90' lang='lat' dir='ltr'><strong>concessit</strong></span> <span class='ocrx_word' id='word_1_197' title='bbox 1142 2451 1204 2502; x_wconf 91' lang='lat' dir='ltr'><strong>ut</strong></span> <span class='ocrx_word' id='word_1_198' title='bbox 1235 2443 1481 2522; x_wconf 90' lang='lat' dir='ltr'><strong>singulis</strong></span> <span class='ocrx_word' id='word_1_199' title='bbox 1512 2444 1763 2504; x_wconf 88' lang='lat' dir='ltr'><strong>decuriis</strong></span> <span class='ocrx_word' id='word_1_200' title='bbox 1805 2462 1914 2524; x_wconf 91' lang='lat' dir='ltr'><strong>per</strong></span> <span class='ocrx_word' id='word_1_201' title='bbox 1943 2444 2108 2503; x_wconf 85' lang='lat' dir='ltr'><strong>vices</strong></span> <span class='ocrx_word' id='word_1_202' title='bbox 2140 2459 2235 2503; x_wconf 90' lang='lat' dir='ltr'><strong>an-</strong></span> 
     </span>
     <span class='ocr_line' id='line_1_27' title="bbox 218 2524 2241 2606; baseline -0.004 -16"><span class='ocrx_word' id='word_1_203' title='bbox 218 2547 335 2590; x_wconf 88' lang='lat' dir='ltr'><strong>nua</strong></span> <span class='ocrx_word' id='word_1_204' title='bbox 375 2527 613 2605; x_wconf 24' lang='lat' dir='ltr'><strong>vacatio,</strong></span> <span class='ocrx_word' id='word_1_205' title='bbox 647 2535 832 2604; x_wconf 89' lang='lat' dir='ltr'><strong>esset,</strong></span> <span class='ocrx_word' id='word_1_206' title='bbox 878 2534 939 2586; x_wconf 93' lang='lat' dir='ltr'><strong>et</strong></span> <span class='ocrx_word' id='word_1_207' title='bbox 977 2535 1038 2588; x_wconf 92' lang='lat' dir='ltr'><strong>ut</strong></span> <span class='ocrx_word' id='word_1_208' title='bbox 1082 2526 1291 2587; x_wconf 88' lang='lat' dir='ltr'><strong>solitae</strong></span> <span class='ocrx_word' id='word_1_209' title='bbox 1334 2528 1430 2606; x_wconf 88' lang='lat' dir='ltr'><strong>agi</strong></span> <span class='ocrx_word' id='word_1_210' title='bbox 1459 2526 1781 2589; x_wconf 85' lang='lat' dir='ltr'><strong>Novembri</strong></span> <span class='ocrx_word' id='word_1_211' title='bbox 1829 2547 1897 2588; x_wconf 90' lang='lat' dir='ltr'><strong>ac</strong></span> <span class='ocrx_word' id='word_1_212' title='bbox 1926 2524 2241 2588; x_wconf 88' lang='lat' dir='ltr'><strong>Decembri</strong></span> 
     </span>
     <span class='ocr_line' id='line_1_28' title="bbox 218 2608 2326 2691; baseline -0 -20"><span class='ocrx_word' id='word_1_213' title='bbox 218 2629 425 2674; x_wconf 88' lang='lat' dir='ltr'><strong>mense</strong></span> <span class='ocrx_word' id='word_1_214' title='bbox 454 2629 553 2672; x_wconf 93' lang='lat' dir='ltr'><strong>res</strong></span> <span class='ocrx_word' id='word_1_215' title='bbox 584 2613 1001 2671; x_wconf 88' lang='lat' dir='ltr'><strong>omitterentur.</strong></span> <span class='ocrx_word' id='word_1_216' title='bbox 1073 2608 1210 2691; x_wconf 92' lang='lat' dir='ltr'><strong>Ipse</strong></span> <span class='ocrx_word' id='word_1_217' title='bbox 1251 2612 1342 2671; x_wconf 91' lang='lat' dir='ltr'><strong>ius</strong></span> <span class='ocrx_word' id='word_1_218' title='bbox 1384 2611 1526 2671; x_wconf 85' lang='lat' dir='ltr'><strong>dixit</strong></span> <span class='ocrx_word' id='word_1_219' title='bbox 1554 2611 1784 2671; x_wconf 89' lang='lat' dir='ltr'><strong>assidue</strong></span> <span class='ocrx_word' id='word_1_220' title='bbox 1830 2613 1973 2671; x_wconf 89' lang='lat' dir='ltr'><strong>etin</strong></span> <span class='ocrx_word' id='word_1_221' title='bbox 2005 2616 2326 2670; x_wconf 81' lang='lat' dir='ltr'><strong>noctem33</strong></span> 
     </span>
     <span class='ocr_line' id='line_1_29' title="bbox 220 2691 2242 2776; baseline -0.003 -19"><span class='ocrx_word' id='word_1_222' title='bbox 220 2713 673 2774; x_wconf 88' lang='lat' dir='ltr'><strong>nonnumquam,</strong></span> <span class='ocrx_word' id='word_1_223' title='bbox 704 2697 754 2757; x_wconf 89' lang='lat' dir='ltr'><strong>si</strong></span> <span class='ocrx_word' id='word_1_224' title='bbox 782 2713 984 2775; x_wconf 90' lang='lat' dir='ltr'><strong>parum</strong></span> <span class='ocrx_word' id='word_1_225' title='bbox 1017 2713 1272 2776; x_wconf 89' lang='lat' dir='ltr'><strong>corpore</strong></span> <span class='ocrx_word' id='word_1_226' title='bbox 1306 2696 1563 2773; x_wconf 84' lang='lat' dir='ltr'><strong>valeret,</strong></span> <span class='ocrx_word' id='word_1_227' title='bbox 1593 2695 1804 2755; x_wconf 85' lang='lat' dir='ltr'><strong>lectica</strong></span> <span class='ocrx_word' id='word_1_228' title='bbox 1831 2711 1939 2774; x_wconf 91' lang='lat' dir='ltr'><strong>pro</strong></span> <span class='ocrx_word' id='word_1_229' title='bbox 1973 2691 2242 2754; x_wconf 88' lang='lat' dir='ltr'><strong>tribunali</strong></span> 
     </span>
     <span class='ocr_line' id='line_1_30' title="bbox 223 2775 2239 2841; baseline -0.003 -1"><span class='ocrx_word' id='word_1_230' title='bbox 223 2779 516 2841; x_wconf 86' lang='lat' dir='ltr'><strong>collocata</strong></span> <span class='ocrx_word' id='word_1_231' title='bbox 567 2779 662 2839; x_wconf 80' lang='lat' dir='ltr'><strong>vel</strong></span> <span class='ocrx_word' id='word_1_232' title='bbox 708 2780 881 2841; x_wconf 90' lang='lat' dir='ltr'><strong>etiam</strong></span> <span class='ocrx_word' id='word_1_233' title='bbox 923 2779 1074 2840; x_wconf 88' lang='lat' dir='ltr'><strong>domi</strong></span> <span class='ocrx_word' id='word_1_234' title='bbox 1117 2778 1355 2841; x_wconf 87' lang='lat' dir='ltr'><strong>cubans.</strong></span> <span class='ocrx_word' id='word_1_235' title='bbox 1429 2779 1591 2839; x_wconf 85' lang='lat' dir='ltr'><strong>Dixit</strong></span> <span class='ocrx_word' id='word_1_236' title='bbox 1631 2788 1817 2840; x_wconf 88' lang='lat' dir='ltr'><strong>autem</strong></span> <span class='ocrx_word' id='word_1_237' title='bbox 1856 2780 1942 2838; x_wconf 91' lang='lat' dir='ltr'><strong>ius</strong></span> <span class='ocrx_word' id='word_1_238' title='bbox 1970 2793 2085 2838; x_wconf 90' lang='lat' dir='ltr'><strong>non</strong></span> <span class='ocrx_word' id='word_1_239' title='bbox 2115 2775 2239 2836; x_wconf 89' lang='lat' dir='ltr'><strong>dili-</strong></span> 
     </span>
     <span class='ocr_line' id='line_1_31' title="bbox 152 2863 2239 2944; baseline -0 -24"><span class='ocrx_word' id='word_1_240' title='bbox 152 2878 205 2919; x_wconf 74' lang='grc' dir='ltr'>ω</span> <span class='ocrx_word' id='word_1_241' title='bbox 227 2864 430 2942; x_wconf 88' lang='lat' dir='ltr'><strong>gentia</strong></span> <span class='ocrx_word' id='word_1_242' title='bbox 459 2863 631 2925; x_wconf 92' lang='lat' dir='ltr'><strong>modo</strong></span> <span class='ocrx_word' id='word_1_243' title='bbox 661 2882 877 2925; x_wconf 87' lang='lat' dir='ltr'><strong>summa</strong></span> <span class='ocrx_word' id='word_1_244' title='bbox 919 2864 1023 2925; x_wconf 88' lang='lat' dir='ltr'><strong>sed</strong></span> <span class='ocrx_word' id='word_1_245' title='bbox 1068 2873 1127 2924; x_wconf 90' lang='lat' dir='ltr'><strong>et</strong></span> <span class='ocrx_word' id='word_1_246' title='bbox 1156 2865 1431 2941; x_wconf 89' lang='lat' dir='ltr'><strong>lenitate,</strong></span> <span class='ocrx_word' id='word_1_247' title='bbox 1478 2864 1757 2944; x_wconf 89' lang='lat' dir='ltr'><strong>siquidem</strong></span> <span class='ocrx_word' id='word_1_248' title='bbox 1786 2863 2074 2924; x_wconf 83' lang='lat' dir='ltr'><strong>manifesti</strong></span> <span class='ocrx_word' id='word_1_249' title='bbox 2107 2878 2239 2940; x_wconf 86' lang='lat' dir='ltr'><strong>par-</strong></span> 
     </span>
     <span class='ocr_line' id='line_1_32' title="bbox 220 2943 2238 3028; baseline -0.001 -21"><span class='ocrx_word' id='word_1_250' title='bbox 220 2946 410 3007; x_wconf 89' lang='lat' dir='ltr'><strong>ricidii</strong></span> <span class='ocrx_word' id='word_1_251' title='bbox 436 2966 631 3028; x_wconf 92' lang='lat' dir='ltr'><strong>reum,</strong></span> <span class='ocrx_word' id='word_1_252' title='bbox 672 2967 747 3008; x_wconf 89' lang='lat' dir='ltr'><strong>ne</strong></span> <span class='ocrx_word' id='word_1_253' title='bbox 778 2947 969 3009; x_wconf 91' lang='lat' dir='ltr'><strong>culleo</strong></span> <span class='ocrx_word' id='word_1_254' title='bbox 1005 2951 1361 3027; x_wconf 89' lang='lat' dir='ltr'><strong>insueretur,</strong></span> <span class='ocrx_word' id='word_1_255' title='bbox 1412 2948 1564 3028; x_wconf 91' lang='lat' dir='ltr'><strong>quod</strong></span> <span class='ocrx_word' id='word_1_256' title='bbox 1594 2950 1822 3009; x_wconf 89' lang='lat' dir='ltr'><strong>nonnisi</strong></span> <span class='ocrx_word' id='word_1_257' title='bbox 1854 2946 2111 3008; x_wconf 84' lang='lat' dir='ltr'><strong>confessi</strong></span> <span class='ocrx_word' id='word_1_258' title='bbox 2142 2943 2238 3005; x_wconf 92' lang='lat' dir='ltr'><strong>ad-</strong></span> 
     </span>
     <span class='ocr_line' id='line_1_33' title="bbox 222 3031 2239 3112; baseline -0.001 -20"><span class='ocrx_word' id='word_1_259' title='bbox 222 3031 491 3092; x_wconf 86' lang='lat' dir='ltr'><strong>ficiuntur</strong></span> <span class='ocrx_word' id='word_1_260' title='bbox 533 3032 645 3094; x_wconf 85' lang='lat' dir='ltr'><strong>hac</strong></span> <span class='ocrx_word' id='word_1_261' title='bbox 696 3050 917 3112; x_wconf 89' lang='lat' dir='ltr'><strong>poena,</strong></span> <span class='ocrx_word' id='word_1_262' title='bbox 961 3033 1039 3093; x_wconf 89' lang='lat' dir='ltr'><strong>ita</strong></span> <span class='ocrx_word' id='word_1_263' title='bbox 1078 3032 1266 3092; x_wconf 83' lang='lat' dir='ltr'><strong>fertur</strong></span> <span class='ocrx_word' id='word_1_264' title='bbox 1301 3035 1737 3112; x_wconf 86' lang='lat' dir='ltr'><strong>interrogasse:</strong></span> <span class='ocrx_word' id='word_1_265' title='bbox 1793 3038 1957 3094; x_wconf 80' lang='lat' dir='ltr'><strong>certe</strong></span> <span class='ocrx_word' id='word_1_266' title='bbox 1994 3035 2239 3110; x_wconf 81' lang='lat' dir='ltr'><strong>patrem</strong></span> 
     </span>
     <span class='ocr_line' id='line_1_34' title="bbox 222 3116 2240 3195; baseline -0.001 -18"><span class='ocrx_word' id='word_1_267' title='bbox 222 3122 389 3177; x_wconf 74' lang='lat' dir='ltr'><strong>mum</strong></span> <span class='ocrx_word' id='word_1_268' title='bbox 428 3135 555 3179; x_wconf 76' lang='lat' dir='ltr'><strong>non</strong></span> <span class='ocrx_word' id='word_1_269' title='bbox 596 3116 925 3178; x_wconf 74' lang='lat' dir='ltr'><strong>occidisti?</strong></span> <span class='ocrx_word' id='word_1_270' title='bbox 987 3116 1065 3177; x_wconf 90' lang='lat' dir='ltr'><strong>Et</strong></span> <span class='ocrx_word' id='word_1_271' title='bbox 1118 3135 1246 3176; x_wconf 88' lang='lat' dir='ltr'><strong>cum</strong></span> <span class='ocrx_word' id='word_1_272' title='bbox 1287 3116 1361 3177; x_wconf 88' lang='lat' dir='ltr'><strong>de</strong></span> <span class='ocrx_word' id='word_1_273' title='bbox 1391 3117 1543 3178; x_wconf 83' lang='lat' dir='ltr'><strong>falso</strong></span> <span class='ocrx_word' id='word_1_274' title='bbox 1585 3126 1930 3179; x_wconf 89' lang='lat' dir='ltr'><strong>testamento</strong></span> <span class='ocrx_word' id='word_1_275' title='bbox 1965 3123 2240 3195; x_wconf 85' lang='lat' dir='ltr'><strong>ageretur</strong></span> 
     </span>
     <span class='ocr_line' id='line_1_35' title="bbox 224 3199 2241 3280; baseline -0.001 -19"><span class='ocrx_word' id='word_1_276' title='bbox 224 3217 543 3280; x_wconf 90' lang='lat' dir='ltr'><strong>omnesque</strong></span> <span class='ocrx_word' id='word_1_277' title='bbox 583 3203 915 3280; x_wconf 88' lang='lat' dir='ltr'><strong>signatores</strong></span> <span class='ocrx_word' id='word_1_278' title='bbox 960 3201 1101 3279; x_wconf 85' lang='lat' dir='ltr'><strong>lege</strong></span> <span class='ocrx_word' id='word_1_279' title='bbox 1146 3199 1421 3262; x_wconf 82' lang='lat' dir='ltr'><strong>Cornelia</strong></span> <span class='ocrx_word' id='word_1_280' title='bbox 1463 3210 1828 3279; x_wconf 88' lang='lat' dir='ltr'><strong>tenerentur,</strong></span> <span class='ocrx_word' id='word_1_281' title='bbox 1879 3218 1993 3261; x_wconf 90' lang='lat' dir='ltr'><strong>non</strong></span> <span class='ocrx_word' id='word_1_282' title='bbox 2025 3209 2241 3262; x_wconf 83' lang='lat' dir='ltr'><strong>tantum</strong></span> 
     </span>
     <span class='ocr_line' id='line_1_36' title="bbox 156 3284 2238 3363; baseline -0.001 -18"><span class='ocrx_word' id='word_1_283' title='bbox 156 3284 368 3345; x_wconf 74' lang='lat' dir='ltr'><strong>⁸5duas</strong></span> <span class='ocrx_word' id='word_1_284' title='bbox 410 3284 696 3362; x_wconf 89' lang='lat' dir='ltr'><strong>tabellas,</strong></span> <span class='ocrx_word' id='word_1_285' title='bbox 749 3285 1163 3347; x_wconf 88' lang='lat' dir='ltr'><strong>damnatoriam</strong></span> <span class='ocrx_word' id='word_1_286' title='bbox 1205 3293 1266 3346; x_wconf 90' lang='lat' dir='ltr'><strong>et</strong></span> <span class='ocrx_word' id='word_1_287' title='bbox 1312 3286 1754 3363; x_wconf 89' lang='lat' dir='ltr'><strong>absolutoriam,</strong></span> <span class='ocrx_word' id='word_1_288' title='bbox 1804 3285 1968 3346; x_wconf 90' lang='lat' dir='ltr'><strong>simul</strong></span> <span class='ocrx_word' id='word_1_289' title='bbox 2017 3300 2238 3363; x_wconf 89' lang='lat' dir='ltr'><strong>cogno-</strong></span> 
     </span>
     <span class='ocr_line' id='line_1_37' title="bbox 225 3368 2237 3451; baseline -0.003 -21"><span class='ocrx_word' id='word_1_290' title='bbox 225 3369 520 3430; x_wconf 88' lang='lat' dir='ltr'><strong>scentibus</strong></span> <span class='ocrx_word' id='word_1_291' title='bbox 565 3368 756 3449; x_wconf 87' lang='lat' dir='ltr'><strong>dedit,</strong></span> <span class='ocrx_word' id='word_1_292' title='bbox 798 3370 904 3431; x_wconf 90' lang='lat' dir='ltr'><strong>sed</strong></span> <span class='ocrx_word' id='word_1_293' title='bbox 950 3372 1176 3432; x_wconf 90' lang='lat' dir='ltr'><strong>tertiam</strong></span> <span class='ocrx_word' id='word_1_294' title='bbox 1218 3387 1486 3451; x_wconf 88' lang='lat' dir='ltr'><strong>quoque,</strong></span> <span class='ocrx_word' id='word_1_295' title='bbox 1539 3389 1648 3450; x_wconf 91' lang='lat' dir='ltr'><strong>qua</strong></span> <span class='ocrx_word' id='word_1_296' title='bbox 1695 3372 2104 3448; x_wconf 87' lang='lat' dir='ltr'><strong>ignosceretur</strong></span> <span class='ocrx_word' id='word_1_297' title='bbox 2143 3368 2237 3442; x_wconf 88' lang='lat' dir='ltr'><strong>iis,</strong></span> 
     </span>
     <span class='ocr_line' id='line_1_38' title="bbox 226 3453 2236 3534; baseline -0.004 -21"><span class='ocrx_word' id='word_1_298' title='bbox 226 3471 370 3534; x_wconf 88' lang='lat' dir='ltr'><strong>quos</strong></span> <span class='ocrx_word' id='word_1_299' title='bbox 408 3453 611 3515; x_wconf 82' lang='lat' dir='ltr'><strong>fraude</strong></span> <span class='ocrx_word' id='word_1_300' title='bbox 652 3454 721 3516; x_wconf 91' lang='lat' dir='ltr'><strong>ad</strong></span> <span class='ocrx_word' id='word_1_301' title='bbox 762 3454 1103 3533; x_wconf 88' lang='lat' dir='ltr'><strong>signandum</strong></span> <span class='ocrx_word' id='word_1_302' title='bbox 1141 3456 1238 3516; x_wconf 81' lang='lat' dir='ltr'><strong>vel</strong></span> <span class='ocrx_word' id='word_1_303' title='bbox 1297 3471 1498 3516; x_wconf 87' lang='lat' dir='ltr'><strong>errore</strong></span> <span class='ocrx_word' id='word_1_304' title='bbox 1552 3454 1816 3515; x_wconf 89' lang='lat' dir='ltr'><strong>inductos</strong></span> <span class='ocrx_word' id='word_1_305' title='bbox 1863 3453 2236 3516; x_wconf 87' lang='lat' dir='ltr'><strong>constitisset.</strong></span> 
     </span>
     <span class='ocr_line' id='line_1_39' title="bbox 221 3535 2236 3621; baseline -0.003 -23"><span class='ocrx_word' id='word_1_306' title='bbox 221 3535 674 3619; x_wconf 80' lang='lat' dir='ltr'><strong>Appellationes</strong></span> <span class='ocrx_word' id='word_1_307' title='bbox 699 3548 839 3619; x_wconf 89' lang='lat' dir='ltr'><strong>quot</strong></span> <span class='ocrx_word' id='word_1_308' title='bbox 868 3542 1033 3602; x_wconf 88' lang='lat' dir='ltr'><strong>annis</strong></span> <span class='ocrx_word' id='word_1_309' title='bbox 1059 3538 1407 3601; x_wconf 87' lang='lat' dir='ltr'><strong>urbanorum</strong></span> <span class='ocrx_word' id='word_1_310' title='bbox 1431 3539 1658 3621; x_wconf 88' lang='lat' dir='ltr'><strong>quidem</strong></span> <span class='ocrx_word' id='word_1_311' title='bbox 1687 3540 2041 3617; x_wconf 84' lang='lat' dir='ltr'><strong>litigatorum</strong></span> <span class='ocrx_word' id='word_1_312' title='bbox 2069 3547 2236 3613; x_wconf 88' lang='lat' dir='ltr'><strong>prae·</strong></span> 
     </span>
    </p>
   </div>
  </div>
 </body>
</html>
