2553 3960
900 217 1318 275 PRAEFATIO.
1922 227 1991 277 01

314 382 583 441 Floseulis
628 390 796 456 atque
838 383 1027 441 herbis
1071 402 1102 440 e
1148 386 1311 442 Prato
1353 385 1635 458 decerptis
1679 387 1988 443 addendam

205 484 404 540 quoque
441 467 752 524 iudicarem
805 473 968 539 caput
1016 469 1097 524 de
1143 469 1442 527 vocibus
1499 469 1987 543 animantium,

203 552 247 609 si
297 553 364 607 de
407 552 743 608 auctoritate
809 551 976 624 paulo
1035 552 1293 608 securior
1345 570 1541 609 essem.
1630 554 1798 610 Solus
1845 556 1989 610 enim

204 634 534 695 Boxhornius
594 635 668 691 ad
707 634 884 691 Plauti
924 634 1311 691 Menaechmos
1354 642 1422 707 4,
1481 642 1548 707 2,
1609 642 1675 697 91
1731 632 1989 695 ‘Vetus

205 718 695 789 grammaticus
741 718 1128 788 Sidonius,
1167 718 1382 790 inqult,
1422 721 1580 776 cuius
1626 722 1991 791 fragmentum

205 803 265 857 de
292 801 520 858 vocibus
552 800 908 857 animantium
950 801 1005 857 in
1038 801 1253 873 aliquot
1283 802 1587 859 Glossariis
1621 801 1831 860 nostris
1863 822 1989 861 mss.

204 884 417 955 legitur:
459 892 669 941 noctua
709 884 995 941 cucubat'.
1083 884 1369 942 Eiusmodi
1413 888 1694 957 glossaria
1730 887 1801 943 de
1835 888 1990 944 sonis

204 968 497 1024 animalium
526 969 643 1025 duo
667 968 960 1024 Leidensia
991 968 1167 1025 edidit
1187 971 1524 1026 Burmannus
1555 970 1610 1025 in
1632 971 1995 1042 Anthologia,

204 1052 619 1108 vetustissimum
662 1052 973 1123 exemplum
999 1053 1359 1123 Aldhelmus,
1401 1053 1493 1124 qui
1534 1070 1583 1110 a.
1615 1059 1718 1114 709
1747 1060 1994 1110 mortuus

204 1142 295 1198 est,
328 1136 576 1192 servavit
612 1136 761 1207 apud
793 1136 862 1190 A.
887 1135 1087 1191 Maium
1119 1135 1174 1190 in
1207 1135 1477 1192 classicis
1506 1146 1538 1196 5
1570 1155 1626 1211 p.
1661 1138 1751 1194 LII
1785 1144 1843 1193 et
1871 1144 1990 1198 569.

206 1219 311 1274 Sed
328 1218 618 1276 Sidonium
635 1213 706 1291 ⁹⁸)
732 1219 1145 1289 grammaticum
1178 1225 1404 1291 praeter
1424 1222 1820 1292 Boxhornium,
1850 1222 1995 1278 levis

205 1302 534 1358 auctoritatis
571 1302 883 1372 hominem,
924 1301 981 1357 in
1021 1303 1129 1358 hac
1177 1319 1240 1358 re
1283 1320 1442 1360 nemo
1474 1305 1809 1377 appellavit3
1854 1304 1997 1361 alio-

207 1385 323 1454 quin
348 1386 487 1442 haec
516 1386 820 1441 verborum
850 1385 920 1441 de
965 1386 1123 1441 sonis
1170 1386 1484 1443 animalium
1514 1389 1857 1444 enumeratio
1888 1404 1994 1444 non

206 1467 539 1526 iniucundum
568 1470 857 1525 Pratorum
889 1474 1055 1541 caput
1086 1467 1267 1525 videri
1301 1477 1496 1542 posset
1524 1470 1866 1542 implevisse.

316 1553 564 1625 Denique
594 1552 790 1625 paucis
821 1553 1115 1609 dicendum
1149 1558 1237 1608 est
1273 1553 1345 1609 de
1379 1553 1449 1608 iis
1486 1554 1681 1624 libris,
1726 1569 1866 1625 quos
1908 1554 1996 1607 in-
2048 1558 2285 1612 recuderi-

208 1635 333 1693 iuria
362 1638 584 1708 quidam
615 1655 645 1692 a
679 1635 951 1692 Suetonio
975 1636 1222 1708 scriptos
1255 1652 1387 1692 esse
1418 1636 1629 1709 opinati
1654 1642 1797 1694 sunt.
2081 1610 2259 1663 ⁸¹⁸Ph⁸⁰

315 1719 398 1774 Ac
442 1722 684 1792 primum
733 1719 955 1789 quidem
1003 1720 1514 1776 commemorandus
1554 1725 1642 1775 est
1691 1735 1852 1775 error
1901 1718 1997 1774 vix
2013 1715 2316 1812 cssfflfflfflss

213 1804 478 1859 credibilis
510 1821 583 1861 ac
615 1809 797 1858 tamen
833 1803 1003 1873 longe
1032 1803 1238 1874 diuque
1272 1808 1542 1874 vagatum,
1588 1819 1697 1874 quo
1735 1803 1993 1858 Caesa·
2237 1840 2242 1845 -

211 1886 393 1942 riani
420 1888 456 1943 b
479 1887 618 1944 elli
655 1886 922 1942 Gallici
962 1892 1387 1958 ceterorumque
1429 1887 1550 1943 eius
1588 1885 1844 1959 corporis
1874 1887 1997 1942 bel-

213 1969 370 2026 lorum
396 1972 647 2044 scriptor
683 1969 984 2026 Suetonius
1016 1970 1371 2041 Tranquillus
1412 1970 1635 2028 habitus
1670 1978 1774 2027 est.
1863 1969 1999 2026 Eum

212 2069 440 2110 errorem
480 2055 555 2111 de
596 2053 949 2110 Caesarianis
991 2054 1317 2125 codicibus,
1361 2061 1422 2110 ut
1465 2055 1679 2127 aliquot
1728 2055 2000 2126 exemplis

215 2142 338 2205 utar,
367 2137 783 2209 Bongarsianus
817 2136 1232 2208 antiquissimus
1258 2143 1315 2194 et
1338 2138 1577 2210 optimus
1608 2139 1793 2195 statim
1820 2138 2001 2210 primo

213 2218 342 2275 libro
369 2221 595 2278 ineunte
627 2237 764 2292 prae
793 2236 858 2275 se
882 2220 1010 2289 fert,
1038 2225 1148 2276 tum
1173 2221 1608 2293 Hamhurgensis
1635 2222 1784 2278 libro
1816 2222 1916 2277 VII
1948 2226 2004 2276 et

216 2301 321 2357 VIII
353 2310 639 2373 extremo,
672 2302 1029 2359 Golbertinus
1060 2308 1198 2364 2957
1229 2306 1376 2376 apud
1403 2305 1789 2374 montfaucon,
1826 2305 2004 2360 Medi-

217 2401 332 2441 ceus
357 2387 611 2456 LXVIII,
644 2391 676 2446 7
720 2386 790 2441 de
821 2401 930 2457 quo
960 2403 1127 2458 supra
1170 2407 1224 2460 p.
1257 2389 1435 2444 XXIV
1462 2389 1667 2445 dictum
1700 2395 1804 2443 est.
1890 2386 2005 2443 Ac-

218 2470 361 2525 cedat
386 2470 844 2530 Vindobonensis
887 2470 1071 2526 codex
1115 2476 1216 2542 60,
1267 2472 1558 2529 historiam
1590 2471 2004 2528 miscellaneam

218 2554 432 2610 nondum
471 2553 666 2610 formis
703 2552 1024 2625 impressam
1066 2555 1392 2625 continens,
1436 2556 1491 2611 in
1525 2571 1633 2626 qua
1666 2554 1815 2611 bella
1847 2553 2007 2609 dein-

219 2650 336 2707 ceps
359 2639 628 2695 Gallicum
651 2635 830 2693 Civile
844 2635 1167 2693 Africanum
1185 2638 1621 2695 Alexandrinum
1635 2635 2007 2708 Hispaniense

217 2717 279 2773 ‘a
306 2720 566 2779 Suetonio
596 2719 773 2781 milite
805 2719 1065 2776 Caesaris
1095 2727 1153 2775 et
1184 2722 1376 2779 forsan
1409 2727 1622 2794 proavo
1655 2720 1778 2776 eius
1807 2718 1901 2790 qui
1937 2719 2008 2774 de

222 2802 319 2859 vita
348 2805 642 2862 Caesarum
672 2802 934 2874 scripsit'
972 2804 1282 2876 composita
1326 2822 1455 2861 esse
1497 2805 1802 2861 traduntur.
1895 2802 2008 2857 Sed

222 2884 348 2942 idem
377 2905 540 2945 error
567 2886 984 2958 antiquissimus
1014 2895 1113 2951 est,
1151 2905 1272 2945 cum
1298 2889 1490 2961 quinto
1521 2889 1749 2945 saeculo
1783 2887 2010 2943 ineunte

224 2966 431 3029 Orosius
459 2972 517 3027 in
544 2969 833 3042 Hispania,
868 2970 1051 3026 medio
1083 2971 1347 3030 Sidonius
1375 2973 1720 3045 Apollinaris
1743 2972 1799 3027 in
1831 2969 2009 3027 Gallia

226 3052 269 3106 ei
298 3055 565 3113 obnoxius
606 3053 795 3109 fuerit.
881 3053 983 3109 Ille
1016 3054 1161 3110 enim
1202 3072 1307 3112 suo
1338 3055 1797 3113 Caesarianorum
1827 3054 2011 3110 bello-

224 3150 324 3191 rum
348 3138 672 3207 summari0,
705 3136 855 3208 quod
891 3154 963 3192 ex
993 3139 1388 3210 superstitibus
1417 3139 1545 3196 Divi
1575 3140 1701 3195 Iulii
1735 3154 2018 3194 commen-

339 3282 431 3346 98)
507 3282 671 3350 Supra
726 3285 946 3335 vidimus
994 3300 1046 3351 p.
1083 3285 1245 3337 XCIV
1291 3286 1519 3338 Suetonii
1559 3301 1741 3337 nomen
1778 3286 2014 3351 frequen·-

224 3356 290 3396 ter
314 3365 362 3401 in
398 3352 649 3403 Sitonium
690 3360 739 3403 et
780 3352 1045 3404 Sidonium
1085 3355 1268 3406 abisse.
1344 3355 1417 3405 De
1454 3355 1661 3406 Sidonio
1696 3355 1881 3405 Citerio
1920 3353 2013 3417 Sy-

226 3428 474 3486 racusano,
524 3423 610 3486 qui
639 3422 858 3472 Ausonii
897 3423 1125 3486 aequalis
1156 3424 1320 3474 fuisse
1357 3424 1572 3486 dicitnr,
1628 3438 1711 3474 res
1740 3422 2016 3473 admodum

226 3497 436 3553 suspecta
471 3497 576 3552 est,
619 3505 686 3540 an
721 3504 963 3554 umquam
999 3493 1200 3543 vixerit.
