2553 3960
566 558 650 636 G.
690 506 1199 638 SUETONH
1224 549 1866 640 TRANQULLI

297 743 1039 839 DEPERDITORUM
1109 686 1592 832 LIBRORUM
1663 731 2100 845 RELIQIAE

718 949 1116 1018 cOLLEcTAE
1151 949 1242 1015 Ac
1281 947 1698 1016 DISPOSITAE.

345 1274 527 1322 Decem
561 1274 715 1338 primi
751 1274 845 1323 libr
823 1288 990 1324 rorum
1029 1274 1162 1323 tituli
1189 1274 1261 1323 sic
1289 1274 1360 1322 uti
1386 1273 1619 1322 retulimu
1589 1287 1646 1320 us
1680 1271 1814 1336 apud
1842 1269 2046 1319 Suidam
2080 1282 2105 1316 s
2155 1281 2193 1313 v.

212 1335 404 1404 Τράγκ
407 1340 570 1398 υλλος
608 1356 830 1407 composn
817 1342 932 1392 itir
908 1343 1246 1408 reperiuntur.

334 1481 804 1589 Τράγκυλλος,
851 1479 885 1551 ὁ
935 1481 1364 1570 Σουητωνιος
1411 1489 1842 1570 χρηματίσας,
1903 1504 2210 1564 γραμμα-

210 1563 392 1644 τικὸς
420 1563 767 1652 Ῥωμαῖος,
800 1573 1077 1652 ἔγραψε·

236 1735 383 1880 ἐ.
410 1730 645 1879 ἇῖερὶ
693 1733 852 1796 τῶν
893 1725 1075 1838 παρ’
1106 1726 1440 1818 ’Ἕλλησι
1484 1734 1842 1798 παιδιων
1867 1737 2211 1818 βιβλίον

210 1809 271 1879 ά.
355 1839 419 1880 m
467 1837 542 1879 as

143 1950 193 1991 ιο
332 1891 759 2010 Τράγκυλλος
782 1924 1154 2013 Σουητῑνός
1182 1952 1280 2005 τις
1303 1927 1377 1993 ἐν
1410 1950 1457 1993 π
1473 1951 1514 1992 α
1532 1952 1555 1993 ι
1572 1929 1648 1993 δι
1665 1939 1750 1992 αἴ
1758 1951 1789 2003 ς
1811 1919 1922 1992 Ἑλ
1938 1933 1975 1992 λ
1990 1925 2034 2014 η’
2045 1952 2087 1993 ν
2103 1952 2212 1994 ων

211 2019 460 2126 πολλὰς
489 2022 613 2108 μὲν
643 2019 845 2101 άλλας
870 2020 1164 2102 παιδιὰς
1164 2025 1274 2092 καὶ
1307 2029 1701 2110 συμποσίων
1731 2022 1937 2107 λέγει·

210 2132 307 2172 ων
335 2113 729 2213 συμποσίων
755 2113 875 2194 μία
901 2102 1092 2213 μὲν’
1052 2134 1094 2194 η
1125 2109 1571 2219 ἑωλοκρασία,

207 2190 418 2299 ἑτέρα
423 2188 562 2257 δὲ’
530 2218 564 2258 ο
570 2186 973 2294 κότταβος
938 2196 1113 2279 ομοῦ
1136 2192 1247 2259 καὶ
1278 2186 1321 2278 ἡ
1351 2161 1618 2297 λατάγη.

214 2278 301 2341 Ol
335 2275 478 2341 νέοι
508 2270 635 2361 γὰρ
675 2274 1086 2379 κωμάζοντες
1119 2273 1348 2353 τόποις
1379 2271 1900 2361 ἀφωρισμένοις,

139 2384 190 2423 ¹5
210 2358 361 2464 περὶ
390 2359 675 2463 ἑσπέραν
703 2354 860 2437 τοὺς
886 2386 1043 2444 χοας
1083 2361 1193 2427 καὶ
1226 2355 1385 2437 τούς
1414 2365 1650 2445 βίκους
1678 2361 1997 2445 τιθέντες,

210 2443 485 2517 ἕκαστος
514 2437 984 2545 άνδριζόμενος
1011 2448 1195 2511 ἔπινε
1222 2439 1343 2510 τὸν
1375 2448 1674 2515 οἰκεῖον·

210 2519 283 2602 ὃς
312 2523 385 2592 δὲ
415 2538 592 2591 πιεῖν
627 2550 755 2592 ουκ
783 2535 1018 2610 ἴσχυσε
1041 2523 1161 2594 τὸν
1190 2528 1437 2594 ἑαυτοῦ
1469 2527 1647 2630 χοέα,

209 2621 572 2714 περιεχεῖτο
602 2609 843 2693 ἕωθεν,
876 2635 1010 2675 των
1038 2613 1400 2714 συμποτων
1423 2608 1796 2717 γελώντων.

218 2688 375 2760 Τόδ’
410 2694 823 2778 εωλοκρασία
851 2691 1011 2779 μὲν,
1042 2689 1162 2760 τὸν
1193 2692 1521 2781 κότταβον
1550 2692 1623 2761 δὲ
1649 2693 1858 2781 μάθε·

139 2792 193 2833 ²0
209 2802 301 2866 τω
329 2781 678 2881 συμποσίω
705 2779 932 2843 ἵστατο
964 2745 1184 2882 ζυγὸς
1181 2778 1292 2845 καὶ
1322 2784 1707 2845 λεκανίσκαι

210 2843 368 2944 παρ’
403 2842 688 2949 ἑκατέρω
718 2886 840 2927 του
869 2865 1075 2961 ζυγου
1099 2859 1410 2929 κάτωθεν
1436 2888 1570 2929 των
1601 2867 2040 2947 πλαστίγγων.

209 2946 284 3011 αί
305 2926 691 3011 λεκανίσκαι
718 2944 927 3048 μέσον
952 2943 1026 3012 δε
1055 2944 1233 3030 εἶχον
1241 2942 1847 3051 ἀνδριαντίσκους,

208 3024 786 3113 ἀνδριαντίσκους,
819 3054 936 3106 ους
970 3034 1198 3137 μανᾶς
1208 3024 1559 3134 ωνόμαζον
1587 3032 1658 3097 οἱ
1679 3027 1845 3096 τότε.

210 3116 280 3180 οί
300 3112 640 3218 κωμασταὶ
672 3117 1114 3221 πληροῦντες
1111 3104 1238 3183 οὖν
1269 3124 1464 3183 οἴνου
1490 3109 1566 3181 τὸ
1594 3111 1855 3179 τούτων
1883 3112 2126 3200 στόμα,

141 3216 192 3258 25
211 3191 250 3264 ὃ
276 3194 483 3302 λάταξ
506 3197 617 3263 καὶ
644 3196 895 3302 λατάγη
930 3198 1016 3285 δή
1030 3250 1048 3283 ,
1081 3195 1301 3285 ἤγουν
1330 3192 1544 3285 ὑγρὸν
1571 3200 1682 3265 καὶ
1709 3199 1931 3283 ρὗις,

213 3283 408 3347 τοῦτο
444 3276 961 3367 άπεκοττάβιζον
995 3287 1087 3361 εἰς
1095 3288 1278 3389 μίαν
1310 3308 1445 3349 των
1472 3287 1918 3388 πλαστίγγων,

212 3365 553 3432 τουτέστιν
588 3365 1044 3470 ἐξετίνασσον,
1074 3361 1440 3471 ἀπέπτυον,
1487 3360 1792 3434 ἐκὲνουν.

222 3443 562 3533 Κότταβον
590 3449 700 3514 καὶ
725 3446 800 3516 τὸ
837 3445 1129 3535 όργανον
1160 3447 1339 3518 ἅπαν
1368 3448 1656 3518 ἐκάλουν
1687 3453 1903 3599 wigo.

1763 3544 1786 3600 1
