2553 3960
537 231 628 280 ΚΟ
1208 232 1626 281 PRAEFATIO.

665 389 851 447 Nihilo
880 389 1058 445 minus
1087 396 1266 447 tamen
1293 391 1472 463 qualis
1505 392 1575 448 ad
1605 407 1709 447 nos
1739 389 2064 448 transmissa
2102 398 2206 462 est,
2239 408 2352 448 non

538 492 572 533 a
604 469 926 545 Tranquillo
955 473 1217 547 scriptam
1243 476 1345 532 sed
1375 475 1443 531 ab
1478 476 1666 547 aliquo
1695 473 1999 532 scholiaste
2026 475 2349 532 breviorem

540 558 741 615 factam
781 557 1060 614 existimo.
1149 559 1428 615 Desidere
1465 559 1611 614 enim
1648 565 1707 614 ut
1745 559 1981 616 maxime
2025 559 2350 616 necessaria

541 658 806 699 annorum
864 642 1014 698 vitae
1077 658 1358 699 numerum
1400 643 1514 699 LVI
1570 649 1628 698 et
1663 641 2059 699 historicorum
2117 656 2351 716 operum

539 726 850 799 pleniorem
901 725 1235 782 memoriam.
1324 724 1575 798 Amplius
1619 743 1729 782 nou
1760 727 1940 796 addo,
1988 742 2109 801 cum
2157 743 2209 781 e.
2258 743 2347 797 gr.

541 809 880 866 notationem
931 810 1131 866 natalis
1180 810 1477 882 fatalisque
1520 810 1646 865 anni
1699 811 1986 868 consulum
2029 810 2350 866 nominibus

541 894 739 949 factam
770 893 1091 963 Hieronymi
1118 894 1309 967 lapsus
1342 893 1620 949 excludat.
1690 893 1759 948 Et
1793 911 1860 950 ne
1890 899 2097 950 tantum
2126 893 2349 964 quidem

541 977 742 1032 deesse
774 978 1092 1048 crederem,
1138 978 1246 1033 uisi
1279 982 1527 1033 veterum
1563 977 1831 1034 librorum
1865 977 2098 1033 lacunae
2129 983 2187 1031 et
2213 992 2343 1032 cor·

541 1062 792 1131 ruptelae
825 1061 895 1116 ad
926 1062 984 1117 id
1013 1062 1352 1117 credendum
1380 1061 1726 1116 inducerent.
1812 1060 1979 1117 Initio
2019 1061 2164 1116 enim
2190 1060 2345 1116 vitae

540 1144 608 1199 ab
641 1144 853 1215 aliquot
877 1144 1205 1215 codicibus,
1239 1145 1336 1216 qui
1368 1146 1438 1201 de
1468 1144 1867 1216 antiquissimis
1900 1150 2052 1209 sunt,
2096 1144 2205 1200 duo
2236 1160 2344 1200 vo—

541 1227 769 1297 cabula,
812 1228 978 1299 plane
1013 1235 1074 1284 ut
1109 1229 1165 1284 in
1192 1228 1396 1284 Lucani
1428 1228 1543 1284 vita
1575 1229 1776 1284 factum
1799 1227 2069 1296 vidimus,
2114 1228 2346 1291 absunt;

538 1317 650 1365 tum
694 1310 750 1365 in
780 1311 959 1367 media
980 1353 998 1381 ,
1041 1313 1137 1369 ubi
1184 1312 1456 1368 edidimus
1488 1312 1647 1367 ‘cum
1676 1312 1961 1368 Germanis
1995 1317 2158 1383 gesta
2196 1316 2348 1380 sunt,

533 1393 644 1449 XX.
664 1394 1070 1450 voluminibus’
1113 1396 1371 1467 plerique
1414 1395 1546 1451 libri
1587 1412 1710 1452 cum
1750 1395 2049 1464 Romanis,
2098 1395 2341 1451 fortasse

534 1493 727 1533 omues
767 1477 1081 1535 XXXVII
1100 1480 1190 1535 vel
1216 1472 1563 1535 XXXVIII
1599 1480 1955 1535 voluminibus
1999 1478 2241 1546 habent,
2284 1483 2339 1533 ut

535 1561 765 1616 duorum
807 1577 1039 1633 operum
1067 1562 1214 1619 tituli
1263 1561 1577 1619 ‘bellorum
1607 1563 1934 1620 Germaniae
1974 1561 2076 1618 lib.
2110 1561 2245 1617 XX’
2292 1565 2340 1617 et

533 1642 606 1699 ‘A
638 1646 742 1701 tine
780 1646 986 1702 Aufidii
1016 1647 1173 1703 Bassi
1214 1646 1315 1702 lib.
1340 1644 1539 1703 XXXI'
1578 1647 1635 1702 in
1666 1664 1828 1702 unum
1870 1645 2153 1702 coaluisse
2184 1643 2340 1701 vide·

533 1724 797 1803 antam-⁸⁷).

658 1813 970 1886 Descripsit
1015 1814 1186 1870 vitam
1229 1812 1457 1869 circiter
1501 1830 1550 1870 a.
1603 1818 1740 1872 1244
1778 1813 2108 1869 Vincentius
2152 1813 2342 1869 Bello-

533 1895 791 1952 vacensis
824 1897 988 1968 Spec.
1015 1896 1144 1953 hist.
1176 1904 1236 1957 11
1259 1937 1278 1965 ,
1310 1901 1375 1956 67
1403 1892 1672 1969 (eumque
1700 1903 1926 1953 secutus
1948 1897 2174 1953 Walter
2201 1898 2341 1953 Bur-

533 1974 660 2052 ley)
710 1979 842 2037 item
881 1980 1208 2039 Franciscus
1240 1980 1538 2038 Petrarcha
1577 1980 1802 2038 circiter
1843 1999 1896 2037 a.
1932 1987 2069 2042 1348
2098 1982 2168 2036 de
2201 1978 2342 2037 viris

531 2062 843 2121 illustribus
887 2066 974 2121 ed.
1018 2066 1188 2122 Basil.
1239 2071 1377 2125 1563
1414 2083 1468 2137 p.
1511 2070 1633 2125 427.
1722 2064 1935 2122 Formis
1995 2065 2342 2122 excuderunt

530 2145 809 2205 Naturalis
877 2148 1148 2206 historiae
1221 2149 1470 2206 editores
1534 2150 1664 2205 inde
1726 2166 1758 2204 a
1815 2148 2073 2222 principe
2121 2148 2342 2203 Veneto

532 2248 581 2286 a.
621 2236 755 2291 1469
794 2233 1045 2304 plurimi;
1089 2233 1236 2304 quod
1270 2229 1625 2308 ignoransoe)
1656 2233 1810 2289 Elias
1844 2232 2080 2288 Vinctus
2123 2248 2174 2287 a.
2206 2237 2343 2290 1556

533 2313 789 2370 Suetonii
821 2316 892 2372 de
924 2314 1299 2387 grammaticis
1330 2316 1525 2373 libello
1556 2316 1773 2373 addidit
1798 2323 1859 2372 ut
1888 2315 2178 2386 ineditam,
2210 2315 2340 2370 mis-

528 2414 647 2453 sam
675 2398 784 2454 sibi
817 2401 884 2455 ab
904 2398 1158 2456 Arnoldo
1192 2399 1434 2470 Ferrea,
1470 2401 1562 2471 qui
1596 2400 1836 2457 Tolosae
1870 2417 1942 2456 ex
1971 2405 2198 2456 vetusto
2240 2414 2336 2454 co*

532 2481 657 2536 dice
686 2482 822 2539 bibl.
855 2482 1001 2538 Petri
1032 2482 1303 2539 anensis
1335 2479 1437 2557 (de
1467 2478 1647 2558 Foix)
1673 2482 1985 2539 Cardinalis
2015 2482 2341 2554 descripse-

530 2570 635 2620 rat.
725 2567 975 2638 Denique
1012 2567 1259 2624 eiusdem
1294 2566 1509 2637 gratia,
1541 2573 1601 2622 ut
1633 2584 1739 2639 qua
1770 2566 2119 2639 potissimum
2149 2565 2344 2622 Novo·

531 2650 871 2706 comensium
905 2651 1134 2707 ambitio
1182 2651 1483 2720 niteretur,
1546 2651 1889 2707 Rezzonicns
1944 2651 2053 2706 duo
2102 2650 2339 2707 maxima

532 2733 808 2789 volumina
840 2735 1214 2806 conscripsit,
1258 2735 1360 2791 sed
1407 2735 1604 2790 critico
1639 2751 1829 2807 parum
1871 2734 2174 2790 adiumenti
2205 2734 2307 2790 snb

531 2816 882 2874 ministravit.

655 2907 788 2970 300,
829 2908 916 2962 29.
955 2909 1025 2961 30
1064 2901 1299 2957 Titulum
1343 2907 1399 2956 et
1438 2903 1612 2959 verba
1642 2901 1859 2957 Plinius
1893 2900 2186 2957 Secundus
2228 2916 2338 2956 non

530 2984 737 3039 habent
767 2985 1085 3055 ToletanuS,
1119 2985 1437 3042 Vindobon.
1471 2991 1537 3056 9,
1566 2984 1723 3042 Paris
1739 2991 1879 3047 6796
1904 2984 1975 3056 A,
2003 2983 2340 3041 Barberinus

526 3214 583 3264 ἀ·
662 3148 756 3211 87)
794 3147 1007 3199 vinetus
1033 3163 1233 3212 quoque
1254 3147 1370 3201 huic
1394 3148 1664 3200 Plinianae
1684 3151 1820 3200 vitae
1850 3151 1961 3200 loco
1988 3148 2181 3213 aliquid
2204 3150 2336 3198 αοεὶ-

563 3223 920 3348 ωςεὸἓῖῑέἷιω
965 3300 1185 3336 errorem
1233 3286 1390 3336 libere
1432 3285 1702 3337 confessus
1742 3294 1819 3336 est
1863 3287 1915 3335 in
1953 3284 2178 3336 secunda
2227 3284 2339 3334 edi-

524 3353 662 3402 tione
699 3367 747 3402 a.
781 3353 918 3405 1570
950 3355 1031 3405 vel
1072 3355 1201 3405 1571
1242 3354 1393 3415 facta,
1434 3369 1585 3417 quam
1624 3353 1990 3422 bibliographis
2021 3352 2337 3419 incognitam

525 3435 642 3470 esse
669 3421 843 3475 miror.
916 3423 1062 3474 Certe
1097 3424 1151 3473 in
1186 3423 1573 3475 casauboniana
1607 3424 1907 3489 repetitione
1942 3440 1993 3489 p.
2013 3422 2081 3475 32
2112 3435 2335 3471 errorem

527 3498 737 3540 excusat
766 3494 784 3522 θ
806 3490 989 3542 abhinc
1023 3507 1183 3543 annos
1221 3492 1545 3557 quindecim’
1583 3493 1925 3544 commissum.
1975 3520 1984 3548 .·
