2553 3960
220 2649 288 2704 11

317 224 436 288 152
525 236 586 285 o.
611 234 1208 304 SUETONIITRANQ.
1241 234 1338 281 DE
1369 233 1536 282 vm
1564 232 1935 281 CAESARUM
1964 233 2105 283 mn.
2136 234 2205 283 v,

228 400 298 452 lo
316 392 660 472 pependerit
717 391 823 451 sub
883 390 1074 452 edicto
1143 391 1593 471 praefectorum.
1690 387 1804 448 Per
1856 388 2005 449 haec
2062 407 2132 449 ac
2185 389 2319 449 talia

311 477 558 537 maxima
609 478 812 536 aetatis
866 484 1032 555 parte
1082 483 1405 551 transacta,
1478 474 1957 552 quinquagesimo
2012 489 2163 533 anno
2216 474 2316 531 im-

311 561 535 639 perium
569 560 725 638 cepit
755 558 1114 637 quantumvis
1141 557 1387 618 mirabili
1420 576 1575 617 casu.
1652 556 1943 617 Exclusus
1983 557 2134 616 inter
2164 563 2316 615 cete·

311 657 421 703 ros·
443 643 513 704 ab
556 642 984 704 insidiatoribus
1032 641 1162 720 Gai,
1212 660 1370 719 cum,
1417 642 1582 720 quasi
1634 649 1921 701 secretum
1965 658 2038 701 eo
2094 638 2316 700 deside·

309 736 505 805 rante,
574 725 799 787 turbam
863 725 1306 803 submoverent,
1361 726 1419 783 in
1478 724 1759 801 diaetam,
1815 725 1905 783 cui
1963 741 2171 784 nomen
2229 730 2360 782 ests

307 810 686 888 Hermaeum,
735 819 1098 880 recesserat;
1167 827 1357 889 neque
1408 808 1586 868 multo
1640 816 1775 885 post
1828 824 2062 868 rumore
2123 806 2319 867 caedis

311 895 658 970 exterritus,
705 895 1003 973 prorepsit
1043 893 1114 954 ad
1156 894 1437 954 solarium
1468 892 1790 971 proximum
1841 892 2108 971 interque
2152 907 2315 969 prae·

310 987 466 1038 tenta
531 977 755 1038 foribus
807 978 939 1039 vela
995 996 1062 1038 se
1115 973 1349 1038 abdidit.
1435 976 1730 1036 Latentem
1784 975 2116 1036 discurrens
2164 974 2317 1034 forte

228 1128 233 1133 ⁴
309 1062 617 1138 gregarius
651 1060 849 1139 miles,
886 1060 1300 1121 animadversis
1334 1058 1610 1139 pedibus,
1671 1077 1705 1118 e
1753 1059 1942 1120 studio
1988 1056 2318 1119 sciscitandi

218 1166 223 1170 ·
312 1145 569 1224 quisnam
601 1153 791 1220 esset,
835 1144 1142 1222 adgnovit,
1187 1152 1624 1222 extractumque
1656 1152 1715 1203 et
1755 1161 1898 1223 prae
1930 1151 2082 1203 metu
2114 1142 2187 1202 ad
2216 1158 2315 1219 ge·
2337 1155 2391 1197 ιο

308 1245 420 1287 nua
463 1226 572 1286 sibi
624 1227 985 1288 adcidentem
1030 1229 1439 1306 imperatorem
1476 1226 1765 1298 salutavit.
1851 1226 2001 1287 Hinc
2053 1226 2124 1287 ad
2173 1225 2319 1285 alios

311 1310 735 1371 commilitones
769 1311 1096 1372 fluctuantis
1143 1329 1253 1371 nec
1300 1313 1607 1391 quicquam
1637 1309 1820 1371 adhuc
1858 1329 2026 1390 quam
2071 1311 2317 1370 fremen-

308 1397 380 1455 tis
412 1394 699 1473 perduxit.
785 1395 880 1456 Ab
911 1394 1000 1455 his
1032 1394 1284 1460 lecticae
1311 1397 1614 1474 impositus
1658 1402 1748 1471 et,
1799 1396 1931 1473 quia
1961 1395 2048 1454 sui
2079 1393 2316 1469 diffuge-

308 1487 468 1555 rant,
510 1480 768 1539 vicissim
813 1478 1266 1540 succollantibus
1309 1481 1367 1539 in
1412 1487 1602 1539 castra
1646 1477 1871 1538 delatus
1914 1487 2005 1539 est
2035 1478 2213 1537 tristis
2248 1493 2318 1536 ac

310 1562 597 1641 trepidus,
654 1565 962 1624 miserante
1004 1562 1176 1624 obvia
1222 1563 1387 1623 turba
1413 1564 1576 1641 quasi
1607 1561 1679 1622 ad
1725 1562 1976 1640 poenam'
2010 1569 2313 1639 raperetur
2338 1581 2394 1622 ιε.

307 1646 528 1705 insons.
613 1647 915 1726 Receptus
944 1648 1091 1707 intra
1125 1647 1369 1724 vallum,
1416 1648 1566 1706 inter
1602 1645 1879 1705 excubias
1910 1645 2145 1705 militum
2187 1662 2316 1724 per·

309 1730 599 1806 noctavit,
643 1731 935 1809 aliquanto
964 1732 1187 1792 minore
1220 1749 1327 1809 spe
1359 1748 1527 1808 quam
1555 1728 1781 1791 fiducia.
1866 1728 2014 1790 Nam
2047 1727 2320 1791 consules

202 1866 205 1870 ⁴
311 1831 439 1873 cum
473 1822 677 1873 senatu
708 1823 767 1874 et
797 1814 1133 1875 cohortibus
1163 1813 1396 1875 urbanis
1425 1814 1612 1874 forum
1644 1811 2108 1893 Capitoliumque
2146 1830 2317 1873 occu-

309 1905 622 1975 paverant,
681 1899 959 1957 asserturi
1013 1915 1369 1958 communem
1423 1897 1749 1957 libertatem
1762 1920 1776 1967 ;
1857 1899 2195 1976 accitusque
2255 1902 2318 1954 et

309 1983 440 2059 ipse
472 1998 578 2058 per
610 1979 729 2042 ΤΒ.
761 1979 868 2041 PL.
901 1984 959 2040 in
989 1985 1202 2043 curiam
1232 1982 1305 2042 ad
1340 1982 1630 2043 suadenda
1668 2000 1815 2061 quae
1846 1982 2209 2059 viderentur,
2255 1978 2319 2039 vi
2333 1990 2388 2031 20

308 2081 376 2123 se
405 2068 466 2123 et
496 2066 861 2125 necessitate
907 2067 1104 2126 teneri
1133 2065 1456 2144 respondit.
1545 2069 1764 2127 Verum
1806 2075 2046 2145 postero
2088 2064 2219 2141 die,
2263 2071 2320 2122 et

309 2154 512 2206 senatu
540 2149 816 2223 segniore
853 2151 911 2207 in
942 2149 1301 2228 exequendis
1345 2149 1645 2211 conatibus
1679 2168 1787 2229 per
1824 2149 2072 2210 taedium
2107 2167 2178 2209 ac
2209 2147 2317 2208 dis-

310 2231 644 2290 sensionem
686 2230 918 2292 diversa
959 2235 1343 2312 censentium,
1381 2243 1439 2295 et
1477 2233 1831 2294 multitudine
1877 2251 2025 2313 quae
2077 2233 2316 2293 circum·

310 2310 498 2373 stabat
544 2331 712 2375 unum
753 2324 1045 2376 rectorem
1074 2318 1185 2377 iam
1217 2327 1275 2378 et
1317 2318 1650 2379 nominatim
1692 2326 2085 2397 exposcente,
2137 2334 2315 2376 arma·

309 2406 401 2457 tos
433 2412 542 2474 pro
580 2399 854 2460 contione
883 2400 1076 2460 iurare
1100 2402 1156 2460 in
1188 2419 1397 2463 nomen
1442 2420 1604 2463 suum
1637 2419 1845 2480 passus
1889 2409 1982 2461 est
2030 2401 2390 2481 promisit-25

310 2498 424 2559 que
471 2481 713 2556 singulis
768 2485 938 2562 quina
992 2483 1138 2546 dena
1181 2486 1480 2563 sestertia,
1541 2487 1759 2565 primus
1792 2483 2105 2547 Caesarum
2146 2483 2318 2546 fidem

308 2563 504 2624 militis
537 2567 704 2626 etiam
735 2568 995 2646 praemio
1023 2569 1381 2648 pigneratus.

433 2647 686 2727 Imperio
730 2650 1014 2729 stabilito,
1071 2652 1209 2713 nihil
1244 2654 1532 2732 antiquius
1574 2654 1733 2715 duxit
1766 2671 1936 2733 quam
1967 2650 2025 2712 id
2062 2650 2315 2729 biduum,

297 2750 424 2811 ·quo
458 2731 529 2792 de
566 2732 833 2795 mutando
863 2737 950 2794 rei
983 2753 1041 2814 p.
1073 2745 1222 2797 statu
1251 2736 1594 2799 haesitatum
1636 2748 1790 2815 erat,
1851 2737 2164 2797 memoriae
2196 2737 2317 2795 exi·

304 2834 485 2877 mere.
576 2816 836 2877 Omnium
880 2820 1072 2899 itaque
1112 2820 1397 2881 factorum
1436 2821 1836 2900 dictorumque
1874 2823 1932 2881 in
1977 2837 2049 2880 eo
2093 2820 2319 2879 veniam
2334 2830 2391 2872 3ο

307 2910 366 2961 et
419 2900 775 2963 oblivionem
826 2902 884 2961 in
946 2911 1285 2981 perpetuum
1339 2906 1526 2965 sanxit
1582 2924 1652 2967 ac
1704 2905 2021 2986 praestitit,
2044 2930 2048 2934 ·
2075 2902 2320 2963 tribunis

304 2984 478 3044 modo
533 3002 603 3046 ac
648 2986 1080 3050 centurionibus
1123 2989 1323 3065 paucis
1356 3006 1389 3047 e
1432 2989 1858 3049 coniuratorum
1890 2990 1947 3049 in
1981 2985 2180 3048 Gaium
2219 3005 2319 3046 nn-

305 3084 467 3126 mero
498 3070 897 3149 interemptis,
967 3069 1220 3150 exempli
1269 3071 1432 3132 simul
1468 3090 1641 3134 causa
1677 3082 1736 3132 et
1778 3072 1932 3151 quod
1979 3089 2140 3132 suam
2176 3087 2319 3148 quo-

311 3166 424 3227 que
471 3152 709 3212 caedem
754 3154 1181 3232 depoposcisse
1223 3165 1603 3233 cognoverat.
1695 3154 2032 3217 Conversus
2072 3153 2211 3214 hinc
2247 3153 2319 3214 ad

311 3231 503 3292 officia
534 3234 802 3313 pietatis,
847 3239 935 3297 ius
970 3236 1265 3298 iurandum
1293 3257 1483 3318 neque
1514 3242 1769 3300 sanctius
1802 3240 1910 3300 sibi
1951 3255 2145 3318 neque
2190 3255 2315 3296 cre·
2336 3255 2391 3298 3⁸

306 3314 468 3375 brius
507 3316 743 3377 instituit
797 3336 965 3398 quam
1020 3340 1131 3402 per
1172 3321 1515 3400 Augustum.
1602 3323 1793 3385 Aviae
1847 3324 2043 3385 Liviae
2088 3320 2318 3382 dirinos

307 3396 566 3458 honores
625 3407 684 3456 et
733 3403 982 3464 circensi
1040 3422 1253 3484 pompa
1313 3425 1538 3467 currum
1588 3406 2062 3488 elephantorum,
2114 3404 2317 3482 Augu·

236 3559 242 3565 q
307 3480 460 3539 stino
492 3479 768 3559 similem,
803 3484 1168 3550 decernenda
1200 3492 1449 3561 curavit;
1496 3488 1830 3570 parentibus
1858 3492 2095 3553 inferias
2128 3487 2317 3568 publi-
