2553 3960
514 230 587 277 Vl
1200 225 1619 274 PRAEFATIO.

523 393 815 460 postquam
848 385 945 441 tali
985 385 1383 456 aequabilitate
1428 385 1743 455 complures
1784 383 2091 456 scriptores
2122 381 2335 454 antiqui

525 470 680 526 felici
713 475 914 525 eventu
947 469 1017 524 ad
1046 468 1286 540 optimos
1315 468 1493 524 libros
1530 467 1714 524 exacti
1746 472 1903 536 sunt,
1940 467 2168 522 eandem
2198 482 2333 520 con-

525 553 780 610 stantiam
826 552 883 606 in
933 553 1042 606 boc
1093 551 1374 623 scriptore
1416 566 1525 605 non
1575 550 1781 607 diutius
1825 549 2136 605 desiderari
2176 549 2330 621 passi

524 653 743 705 sumuS,
782 640 837 690 et
878 633 988 689 nisi
1027 634 1365 690 voluntatem
1408 633 1561 690 vires
1604 633 1964 702 defecerunt,
2013 634 2121 688 hoc
2167 649 2335 705 prae-

523 727 675 775 stare
705 716 888 774 conati
924 733 1144 790 sumus,
1183 724 1243 772 ut
1272 717 1692 789 antiquissimos
1724 717 2060 788 eosdemque
2090 716 2332 787 optimos

521 804 700 859 libros
734 808 923 856 nostra
956 800 1130 855 editio
1173 801 1380 872 ubique
1417 807 1473 855 et
1517 801 1573 856 in
1618 799 1871 856 omnibus
1916 800 2084 855 rebus
2127 815 2333 870 aequa-

521 886 712 943 biliter
743 884 1002 939 referret.
1075 883 1137 939 Id
1169 900 1329 955 quem
1360 885 1429 939 ad
1461 885 1677 940 modum
1706 883 2100 939 instituendum
2135 882 2332 938 existi-

520 967 851 1025 maverimus
867 1007 885 1037 ,
923 966 1244 1022 docebimus
1263 1008 1279 1036 ‚
1310 973 1602 1039 postquam
1621 968 1691 1023 de
1713 967 1828 1022 vita
1854 972 1910 1021 et
1932 965 2159 1038 scriptis
2191 965 2334 1021 Sue-

521 1052 661 1108 tonii
690 1050 941 1105 breviter
976 1051 1418 1122 exposuerimus.

271 1123 477 1216 snagan
647 1133 706 1189 C.
735 1132 1032 1190 Suetonius
1066 1134 1420 1205 Tranquillus
1453 1149 1562 1204 quo
1594 1133 1835 1206 oppido,
1878 1149 1987 1204 quo
2028 1148 2239 1203 genere
2260 1126 2333 1206 ¹),

521 1235 630 1290 quo
670 1233 814 1274 anno
844 1223 1005 1272 natus
1039 1216 1142 1287 sit,
1188 1234 1294 1272 nec
1323 1217 1447 1289 ipse
1480 1217 1534 1272 in
1566 1217 1638 1273 iis
1668 1217 1889 1288 quidem
1920 1217 2080 1272 libris
2114 1214 2207 1286 qui
2238 1232 2335 1270 ae-

520 1308 684 1358 tatem
719 1300 963 1355 tulerunt
998 1299 1257 1370 tradidit,
1296 1317 1478 1372 neque
1513 1301 1659 1372 apud
1690 1300 1831 1355 alios
1865 1300 2175 1372 scriptores
2217 1316 2335 1354 me-

517 1385 727 1441 moriae
751 1383 1032 1456 proditum
1051 1384 1300 1456 reperio.
1358 1384 1446 1440 Ad
1472 1383 1807 1456 Cisalpinam
1823 1382 2054 1441 Galliam
2079 1382 2335 1438 referen-

520 1469 646 1525 dum
670 1466 954 1523 existimat
980 1467 1218 1523 Vossius
1244 1467 1314 1523 de
1345 1467 1473 1523 bist.
1506 1468 1619 1524 Lat.
1651 1477 1704 1536 1,
1734 1474 1799 1527 31
1836 1472 2157 1538 argumento
2186 1466 2330 1521 haud

517 1552 595 1608 ita
627 1553 782 1607 firmo
805 1567 960 1621 usus,
993 1551 1137 1621 quod
1168 1550 1459 1611 familiaris
1490 1551 1662 1606 fuerit
1683 1549 1844 1605 Plinii
1870 1550 2108 1606 hominis
2126 1550 2330 1605 Trans-

517 1635 738 1708 padani.
828 1635 958 1706 Ipse
1004 1641 1396 1690 commemorat
1448 1641 1661 1707 patrem
1709 1633 2129 1689 Suetonium
2162 1634 2334 1688 Lae-

517 1726 650 1774 tum
691 1717 912 1773 nomine
955 1723 1013 1772 et
1044 1717 1290 1788 legionis
1320 1717 1447 1773 XIII
1486 1717 1548 1773 G.
1581 1717 1637 1773 P.
1672 1718 1730 1773 F.
1765 1717 2041 1774 tribunum
2082 1717 2334 1787 angusti-

517 1801 754 1858 clavium
788 1800 1115 1856 interfuisse
1159 1801 1504 1857 Betriacensi
1553 1802 1706 1857 bello
1748 1800 1933 1873 Aprili
1976 1817 2166 1856 mense
2206 1800 2333 1855 anni

517 1892 602 1945 69.
650 1885 872 1940 Laetum
911 1898 1041 1938 mox
1080 1883 1275 1940 militia
1322 1885 1669 1956 perfunctum
1715 1884 2063 1940 matrimonio
2106 1899 2333 1955 operam

517 1969 746 2025 dedisse
777 1967 1048 2040 putarim,
1079 1984 1201 2023 cum
1235 1968 1381 2024 filius
1415 1968 1468 2024 ei
1502 1975 1662 2025 natus
1694 1969 1767 2025 sit
1797 1967 2147 2040 Tranquillus
2176 1985 2209 2039 p
2228 1967 2332 2022 ri-

518 2053 652 2108 mis
687 2051 1132 2123 Vespasiani
1164 2052 1392 2108 anuis.
1455 2052 1598 2108 Puer
1634 2060 1690 2108 et
1722 2058 1934 2124 patrem
1963 2058 2019 2125 et
2047 2068 2203 2107 avum
2232 2068 2333 2106 au-

518 2136 661 2193 divit
697 2136 766 2191 de
803 2136 971 2189 rebus
1007 2134 1204 2205 quibus
1234 2133 1346 2207 ipsi
1389 2134 1760 2193 interfuerant
1802 2143 2089 2192 narrantes
2121 2153 2176 2207 p.
2210 2140 2334 2204 127,

516 2226 604 2281 27.
646 2225 783 2290 213,
815 2214 910 2275 24.
959 2218 1062 2272 cfr.
1105 2236 1162 2291 p.
1208 2225 1341 2288 300,
1381 2227 1431 2278 5.
1521 2218 1973 2276 Adulescentiam
2015 2218 2333 2274 Domitiano

515 2304 822 2376 imperante
877 2317 926 2357 a.
970 2307 1193 2362 81—96
1232 2302 1352 2372 egit
1388 2304 1591 2360 Romae
1635 2321 1690 2376 p.
1730 2309 1866 2372 248,
1915 2309 2000 2363 36·
2060 2308 2194 2372 259,
2242 2309 2332 2361 18.

517 2394 652 2457 198,
689 2392 751 2450 63
816 2400 1047 2456 quorum
1081 2385 1335 2441 locorum
1378 2393 1694 2459 postremus
1741 2387 1808 2443 ad
1858 2403 2054 2442 annum
2095 2386 2217 2441 fere
2262 2393 2330 2445 91

515 2470 798 2541 pertinere
827 2468 1069 2538 videtur,
1103 2485 1210 2540 quo
1249 2486 1392 2526 anno
1425 2476 1671 2526 mortuus
1705 2478 1791 2525 est
1812 2470 2167 2540 Vologaesus
2198 2469 2334 2525 Par-

521 2554 738 2607 thorum
776 2568 895 2606 rex.

637 2635 720 2690 De
756 2633 908 2690 virili
947 2639 1128 2689 aetate
1162 2635 1468 2707 Tranquilli
1511 2653 1621 2692 non
1662 2637 1804 2692 adeo
1850 2636 2033 2692 tenuis
2066 2637 2335 2694 memoria

517 2724 777 2790 superest
805 2718 861 2772 in
893 2716 1259 2774 Plinianis
1304 2720 1672 2792 epistulis.
1745 2719 1945 2777 Earum
1979 2720 2174 2792 scripti
2205 2727 2336 2776 sunt:

515 2818 715 2856 novem
748 2800 879 2856 libri
909 2798 1130 2871 priores
1162 2808 1292 2873 post
1322 2803 1621 2859 Domitiani
1654 2811 1884 2859 mortem
1917 2811 1974 2860 et
2007 2810 2134 2859 ante
2166 2803 2333 2860 Plinii

650 2943 703 3009 l)
733 2944 892 2995 Huius
916 2948 1086 3013 gentis
1117 2949 1454 3013 antiquiorem
1487 2964 1589 3000 nou
1619 2951 1738 3000 novi
1765 2966 1915 3013 quam
1945 2951 1999 3002 C.
2031 2950 2334 3002 Suetonium

510 3014 778 3063 Paulinum
810 3014 904 3063 sub
937 3015 1148 3067 Claudio
1183 3024 1233 3068 et
1263 3017 1465 3068 Nerone
1501 3019 1679 3069 bellica
1709 3020 1858 3069 laude
1890 3020 2079 3071 clarum
2109 3022 2334 3084 itemque

510 3097 679 3132 rerum
726 3098 756 3131 a
802 3097 859 3132 se
900 3091 1162 3149 gestarum
1191 3087 1491 3152 scriptorem
1529 3087 1683 3153 (Plin.
1724 3102 1775 3137 n.
1815 3087 1867 3140 h.
1906 3088 1940 3139 5
1983 3088 2032 3151 ξ.
2070 3087 2189 3152 14),
2241 3090 2335 3153 qui

507 3160 764 3216 postremo
792 3150 846 3199 in
875 3152 1189 3203 Betriacensi
1220 3156 1327 3205 acie
1353 3154 1650 3206 Othonianis
1680 3156 1841 3221 copiis
1871 3158 2102 3221 interque
2133 3172 2219 3206 eas
2256 3157 2333 3207 le-

507 3219 650 3285 gioni
670 3217 789 3268 XIII
812 3219 1066 3285 praefuit,
1103 3229 1158 3271 ut
1182 3222 1337 3273 refert
1363 3222 1564 3276 Tacitus
1589 3224 1709 3277 hist.
1737 3227 1786 3284 ⁶2,
1814 3226 1897 3278 24.
1934 3228 2019 3276 44.
2096 3226 2332 3277 Omnium

505 3295 794 3354 postremus
837 3304 951 3340 esse
993 3288 1192 3339 videtur
1235 3290 1510 3343 Suetonius
1547 3293 1875 3358 Optatianus‚
1915 3296 2000 3359 qui
2034 3294 2190 3344 Taciti
2232 3295 2320 3343 im·

504 3356 754 3421 peratoris
786 3371 833 3408 a.
872 3357 975 3407 275
1005 3366 1055 3408 et
1093 3359 1196 3410 276
1234 3361 1390 3410 vitam
1429 3362 1661 3428 scripsit,
1713 3371 1769 3412 ut
1804 3364 2055 3429 Vopiscus
2086 3362 2239 3413 tradit
2274 3364 2328 3412 in

503 3424 676 3474 Tacito
714 3424 797 3478 ll.
872 3425 1251 3491 Tranquillinus
1297 3429 1501 3493 quidam
1553 3428 1768 3481 Sanctus
1822 3440 1899 3482 est
1944 3431 2188 3482 ecclesiae
2224 3431 2318 3481 Ro·

502 3505 703 3542 manae.
