2553 3960
328 197 448 260 186
538 208 599 257 o.
632 207 934 257 sumom
964 207 1221 267 TRANQ.
1258 207 1353 254 nn
1388 207 1559 255 vrrA
1600 205 1976 255 casarum
1997 208 2136 257 Lm.
2163 208 2258 257 v1.

324 367 647 444 rigentem,
701 363 982 424 hactenus
1029 362 1216 442 primo
1269 361 1623 439 gravabatur
1667 370 1728 422 ut
1769 360 1982 422 invidia
2031 363 2343 424 identidem

328 457 642 526 oneraret,
677 451 841 527 quasi
873 465 1146 507 cessurus
1176 448 1423 525 imperio
1454 445 1836 525 Rhodumque
1867 446 2154 524 abiturus,
2202 467 2345 509 mox

327 543 388 595 et
435 533 663 595 honore
705 532 859 592 omni
895 540 954 590 et
984 539 1274 611 potestate
1309 531 1576 609 privavit,
1609 529 1974 609 abductaque
2007 531 2242 591 militum
2281 540 2343 592 et

330 618 748 680 Germanorum
781 617 1059 694 statione,
1108 614 1492 675 contubernio
1530 632 1762 694 quoque
1799 632 1870 676 ac
1900 614 2123 675 Palatio
2158 635 2339 696 expu-

328 703 423 771 lit;
471 719 666 781 neque
714 701 772 760 in
815 698 1138 762 divexanda
1183 700 1489 780 quicquam
1536 701 1704 778 pensi
1747 698 1974 777 habuit,
2023 701 2391 766 summissis5

330 788 431 866 qui
462 795 520 846 et
539 786 764 847 Romae
796 782 1114 846 morantem
1142 783 1338 844 litibus
1367 793 1425 843 et
1451 784 1508 843 in
1535 802 1779 844 secessu
1803 785 2199 863 quiescentem
2231 802 2343 865 per

334 871 600 932 convicia
632 878 691 929 et
721 870 889 930 iocos
919 878 1074 930 terra
1103 870 1363 947 marique
1386 869 1910 947 praetervehentes
1931 869 2340 947 inquietarent.

331 957 552 1017 Verum
579 954 746 1014 minis
778 954 901 1013 eius
931 971 1001 1014 ac
1036 952 1315 1013 violentia
1340 953 1576 1012 territus
1600 953 1852 1032 perdere
1876 955 2097 1023 statuit3
2128 962 2185 1013 et
2212 972 2344 1014 cum

331 1048 422 1100 ter
474 1054 705 1099 veneno
763 1046 1106 1116 temptasset
1156 1039 1515 1116 sentiretque
1579 1037 1849 1098 antidotis
1900 1039 2339 1117 praemunitam,

333 1124 658 1198 lacunaria,
692 1139 842 1201 quae
880 1130 1058 1181 noctu
1095 1140 1273 1200 super
1304 1121 1680 1181 dormientem
1712 1122 1905 1182 laxata
1934 1122 2198 1182 machina
2236 1120 2337 1180 de·
2362 1148 2418 1189 ω

335 1206 625 1282 ciderent,
664 1205 910 1283 paravit.
983 1204 1114 1266 Hoc
1152 1204 1399 1266 consilio
1433 1223 1542 1284 per
1578 1207 1855 1266 conscios
1881 1224 2084 1285 parum
2122 1205 2338 1283 celato,

331 1289 623 1351 solutilem
651 1306 889 1365 navem,
931 1290 1091 1348 cuius
1120 1289 1217 1349 vel
1248 1289 1552 1367 naufragio
1587 1289 1683 1349 vel
1716 1308 1978 1350 camarae
2014 1291 2176 1350 ruina
2206 1308 2340 1368 per-

334 1377 476 1449 iret,
530 1382 887 1433 commentus
921 1382 1048 1450 est,
1098 1382 1270 1451 atque
1303 1376 1379 1433 ita
1410 1374 1889 1435 reconciliatione
1925 1375 2213 1452 simulata,
2255 1375 2340 1433 iu-

333 1457 697 1519 cundissimis
724 1456 935 1517 litteris
954 1457 1123 1517 Baias
1153 1458 1423 1518 evocavit
1451 1457 1524 1517 ad
1559 1457 1861 1519 sollemnia
1885 1460 2341 1539 Quinquatruum

331 1541 501 1602 simul
534 1540 912 1611 celebranda;
970 1541 1222 1621 datoque
1263 1542 1505 1619 negotio
1540 1542 1914 1621 trierarchis,
1960 1545 2056 1622 qui
2103 1542 2411 1608 liburni-15

335 1646 460 1688 cam
505 1643 616 1706 qua
651 1625 896 1686 advecta
930 1634 1055 1686 erat
1085 1625 1245 1686 velut
1275 1626 1514 1688 fortuito
1550 1643 1838 1687 concursu
1874 1628 2338 1704 confringerent,

334 1710 624 1791 protraxit
656 1711 1017 1788 convivium,
1065 1711 1474 1790 repetentique
1503 1709 1721 1771 Baulos
1768 1712 1826 1770 in
1855 1711 2052 1774 locum
2080 1711 2339 1789 corrupti

335 1795 552 1871 navigii
582 1793 975 1854 machinosum
1004 1793 1144 1854 illud
1188 1793 1428 1873 optulit,
1470 1793 1654 1854 hilare
1690 1805 2038 1873 prosecutus
2068 1804 2242 1873 atque
2278 1796 2338 1853 in

336 1878 606 1955 digressu
647 1877 899 1956 papillas
949 1896 1182 1958 quoque
1238 1877 1631 1939 exosculatus.
1697 1877 2005 1958 Reliquum
2054 1879 2337 1956 temporis

336 1982 466 2023 cum
494 1979 703 2040 magna
730 1962 1119 2042 trepidatione
1150 1963 1444 2041 vigilavit,
1491 1963 1811 2043 opperiens
1845 1972 2185 2043 coeptorum
2214 1962 2334 2022 exi·
2354 1985 2406 2025 ω

334 2057 472 2108 tum.
534 2045 651 2107 Sed
676 2055 735 2105 ut
758 2046 986 2107 diversa
1019 2048 1206 2108 omnia
1241 2047 1553 2126 nandoque
1577 2049 1841 2108 evasisse
1871 2067 1998 2109 eam
2029 2047 2335 2126 comperit,

334 2133 511 2209 inops
549 2129 776 2190 consilii
808 2131 872 2191 L.
905 2130 1225 2208 Agerinum
1255 2131 1524 2192 libertum
1569 2132 1727 2209 eius,
1770 2132 1989 2193 salvam
2024 2141 2082 2192 et
2111 2130 2333 2192 incolu-

335 2232 484 2273 mem
519 2231 644 2272 cum
673 2215 886 2290 gaudio
920 2216 1305 2293 nuntiantem,
1347 2215 1578 2276 abiecto
1625 2215 1773 2277 clam
1803 2218 1957 2277 iuxta
1990 2217 2248 2296 pugione
2278 2223 2339 2276 ut

336 2314 749 2378 percussorem
780 2299 890 2359 sibi
920 2298 1294 2359 subornatum
1321 2300 1498 2379 arripi
1535 2301 1970 2379 constringique
2005 2301 2190 2377 iussit,
2217 2317 2335 2360 ma-

334 2391 482 2442 trem
515 2381 734 2459 occidi,
779 2385 942 2463 quasi
970 2383 1397 2462 deprehensum
1431 2385 1646 2444 crimen
1674 2384 1998 2445 voluntaria
2031 2393 2219 2445 morte
2255 2384 2404 2449 tri-25

335 2473 537 2525 tasset.
594 2465 897 2527 Adduntur
926 2468 1014 2527 his
1054 2470 1379 2545 atrociora,
1424 2486 1536 2527 nec
1572 2469 1810 2528 incertis
1855 2468 2218 2529 auctoribus:
2264 2466 2336 2528 ad

337 2549 634 2610 visendum
661 2551 1005 2612 interfectae
1037 2550 1290 2612 cadaver
1329 2553 1688 2631 accurrisse,
1731 2562 2130 2614 contrectasse
2160 2570 2335 2613 mem·

338 2634 465 2711 bra,
494 2634 606 2695 alia
631 2636 1017 2715 vituperasse,
1049 2634 1160 2696 alia
1193 2635 1485 2713 laudasse,
1516 2636 1726 2715 sitique
1754 2637 1982 2697 interim
2010 2636 2222 2698 oborta
2249 2636 2335 2696 bi-

336 2719 516 2778 bisse.
570 2717 778 2798 Neque
808 2729 997 2780 tamen
1029 2721 1445 2780 conscientiam
1474 2719 1740 2798 sceleris,
1773 2738 2113 2801 quamquam
2145 2730 2206 2781 et
2230 2720 2332 2781 mi-

336 2803 496 2863 litum
535 2812 594 2862 et
623 2813 854 2863 senatus
885 2804 1203 2884 populique
1235 2803 1712 2882 gratulationibus
1743 2806 2203 2884 confirmaretur,
2237 2813 2332 2865 aut
2351 2827 2403 2870 so

337 2886 527 2946 statim
557 2895 651 2947 aut
681 2905 945 2966 umquam
973 2897 1182 2968 postea
1211 2888 1370 2948 ferre
1405 2889 1606 2968 potuit,
1635 2907 1817 2968 saepe
1853 2890 2164 2950 confessus
2193 2907 2330 2949 exa-

337 2971 507 3046 gitari
547 2989 612 3030 se
658 2981 913 3033 materna
956 2973 1158 3051 specie
1195 2972 1659 3052 verberibusque
1690 2972 1988 3035 Furiarum
2032 2992 2104 3034 ac
2145 2972 2331 3034 taedis

339 3052 688 3115 ardentibus.
748 3056 896 3131 Quin
927 3067 985 3117 et
1011 3057 1168 3117 facto
1200 3075 1310 3136 per
1327 3056 1535 3134 Magos
1563 3075 1732 3118 sacro
1763 3076 2017 3118 evocare
2040 3057 2244 3119 Manes
2274 3065 2333 3116 et

340 3151 588 3230 exorare
617 3141 938 3220 temptavit.
1002 3141 1478 3240 Peregrinatione
1510 3141 1739 3241 quidem
1763 3141 2044 3203 Graeciae
2075 3151 2133 3201 et
2155 3141 2331 3201 Eleu-

342 3214 481 3273 sinis
512 3222 728 3299 sacris,
769 3243 1010 3302 quorum
1043 3226 1359 3285 initiatione
1391 3226 1548 3303 impii
1579 3234 1638 3286 et
1673 3225 1948 3287 scelerati
1981 3244 2132 3287 voce
2163 3242 2328 3304 prae·
2350 3242 2400 3284 35

343 3299 509 3357 conis
540 3318 992 3386 summoventur,
1024 3310 1312 3368 interesse
1341 3326 1458 3368 non
1497 3328 1670 3369 ausus
1699 3319 1812 3370 est.

469 3380 656 3442 Iunxit
687 3392 995 3463 parricidio
1018 3395 1215 3453 matris
1247 3394 1453 3454 amitae
1483 3412 1707 3454 necem.
1764 3394 1948 3469 Quam
1973 3414 2100 3455 cum
2128 3412 2203 3453 ex
2233 3391 2329 3453 du·

341 3459 470 3522 ritie
501 3464 616 3523 alvi
649 3469 947 3535 cubantem
980 3477 1271 3556 visitaret,
1310 3486 1369 3537 et
1402 3477 1500 3538 illa
1535 3487 1789 3539 tractans
1818 3478 2150 3560 lanuginem
2183 3478 2329 3556 eiuS,
