2553 3960
619 706 704 789 o.
773 708 1250 790 SUETONI
1308 707 1984 794 TRANQUILLI

336 892 572 992 DE
679 892 1142 992 VITA
1257 890 2288 993 CAESARUM

1072 1092 1348 1157 LIBER
1397 1091 1549 1156 VH.

604 1284 946 1357 GALBA.
1045 1284 1330 1358 OTHO.
1438 1283 1953 1356 VITELLIUS.

1149 1630 1460 1684 GALBA.

255 1813 278 1851 ⁵
426 1787 754 1864 Progenies
802 1785 1120 1847 Caesarum
1163 1787 1220 1844 in
1271 1785 1511 1846 Nerone
1561 1785 1804 1845 defecit:
1856 1787 2010 1864 quod
2034 1786 2350 1863 futurum‚1

304 1870 700 1950 compluribus
726 1871 952 1949 quidem
979 1871 1183 1948 signis,
1205 1870 1310 1930 sed
1334 1870 1432 1930 vel
1468 1870 1912 1930 evidentissimis
1947 1868 2170 1931 duobus
2202 1887 2299 1948 apa

305 1956 509 2036 paruit.
568 1955 788 2032 Liviae,
816 1955 953 2015 olim
987 1963 1125 2034 post
1157 1952 1406 2032 Augusti
1438 1955 1626 2014 statim
1663 1954 1889 2032 nuptias
1922 1955 2302 2016 Veientanum

303 2059 463 2100 suum
489 2041 789 2117 revisenti,
822 2039 1271 2119 praetervolans
1299 2039 1487 2117 aquila
1503 2038 1777 2116 gallinam
1793 2038 2001 2116 albam,
2030 2038 2304 2098 ramulum

302 2125 445 2184 lauri
481 2133 675 2184 rostro
713 2132 1035 2199 tenentem,
1072 2123 1149 2182 ita
1188 2132 1245 2182 ut
1282 2130 1586 2202 rapuerat,
1633 2121 1859 2182 demisit
1896 2125 1953 2182 in
1989 2124 2300 2202 greminm;

232 2231 280 2271 ιυ
303 2225 544 2288 cumque
569 2207 772 2267 nutriri
803 2207 1015 2283 alitem,
1043 2209 1222 2286 pangi
1246 2207 1523 2276 ramulum
1551 2205 1901 2285 placuisset,
1936 2217 2092 2268 tanta
2114 2206 2301 2286 pullo-

301 2311 422 2351 rum
447 2290 687 2351 suboles
712 2292 1018 2370 provenit,
1045 2300 1103 2349 ut
1127 2290 1422 2369 hodieque
1453 2307 1522 2350 ea
1553 2290 1694 2350 villa
1734 2290 1805 2349 ad
1836 2291 2091 2351 Gallinas
2125 2308 2299 2350 voce-

304 2386 414 2451 tur,
438 2375 555 2435 tale
578 2393 723 2435 vero
751 2375 1054 2451 lauretum,
1079 2383 1139 2433 ut
1159 2374 1558 2454 triumphaturi
1585 2372 1873 2434 Caesares
1900 2375 2032 2436 inde
2074 2375 2302 2434 laureas

303 2459 727 2537 decerperent3
751 2460 973 2538 fuitque
997 2475 1123 2517 mos
1160 2458 1661 2537 triumphantihuS,
1696 2458 1828 2518 illas
1864 2459 2167 2519 confestim
2204 2474 2301 2517 eo·

303 2542 433 2603 dem
456 2543 592 2603 loco
618 2560 911 2642 pangerm
939 2550 999 2602 et
1023 2540 1396 2602 observatum
1418 2550 1527 2618 est,
1554 2541 1661 2601 sub
1686 2543 1965 2642 cuiusque
1985 2542 2201 2603 obitum
2216 2560 2300 2601 ar·

231 2652 282 2693 1⁵
305 2627 510 2687 borem
533 2626 646 2687 ab
628 2644 760 2705 ipso
788 2627 1097 2685 institutam
1122 2626 1478 2702 elanguisse.
1523 2625 1689 2704 Ergo
1713 2627 2029 2687 novissimo
2050 2626 2303 2687 Neronis

305 2728 455 2771 anno
482 2719 539 2770 et
567 2710 714 2770 silva
741 2711 924 2770 omnis
958 2710 1183 2769 exaruit
1204 2710 1513 2785 radicitus,
1548 2719 1606 2769 et
1642 2710 1913 2788 quidquid
1950 2711 2026 2770 ibi
2061 2709 2300 2789 gallina-

303 2812 427 2855 rum
466 2803 590 2853 erat
627 2795 866 2864 interiit3
900 2811 971 2853 ac
1014 2793 1253 2853 subinde
1287 2802 1439 2854 tacta
1470 2755 1542 2853 de
1581 2794 1750 2853 caelo
1790 2792 2100 2856 Caesarum
2137 2793 2300 2870 aede,

308 2879 501 2958 capita
541 2877 805 2939 omnibns
841 2878 1007 2940 simul
1042 2880 1242 2937 statuis
1278 2877 1649 2955 deciderunt,
1683 2878 1931 2991 Augusti
1971 2881 2139 2939 etiam
2174 2895 2298 2937 sce·

307 2972 496 3043 ptrum
522 2981 555 3022 e
583 2963 843 3024 manibus
879 2980 1186 3022 excussum
1217 2971 1326 3022 est.

147 3080 153 3085 ·
233 3072 284 3112 20
430 3047 654 3108 Neroni
680 3046 861 3111 Galba
884 3047 1169 3107 successit
1198 3046 1356 3106 nullo
1394 3047 1578 3124 gradu
1615 3049 1958 3124 contingens
1988 3044 2298 3107 Caesarum
2324 3048 2357 3099 2

306 3132 554 3232 domum,
582 3132 687 3192 sed
711 3131 861 3192 haud
884 3130 1056 3191 dubie
1075 3129 1470 3191 nobilissimus
1494 3149 1818 3209 magnaque
1845 3139 1902 3190 et
1933 3139 2135 3190 vetere
2166 3149 2299 3211 pro-

304 3218 486 3295 sapia,
511 3226 570 3276 ut
596 3217 691 3295 qui
715 3224 1024 3276 statuarum
1055 3214 1233 3275 titulis
1257 3224 1645 3294 pronepotem
1668 3233 1733 3273 se
1759 3214 1950 3289 Quinti
1976 3212 2163 3275 Catuli
2194 3214 2298 3275 Ca-

304 3301 527 3378 pitolini
553 3318 788 3380 semper
821 3300 1193 3378 ascripserit,
1235 3300 1555 3378 imperator
1592 3315 1734 3358 vero
1770 3300 1937 3358 etiam
1968 3308 2205 3358 stemma
2244 3300 2308 3355 in

307 3385 451 3443 atrio
478 3386 876 3464 proposuerit,
902 3401 1016 3463 quo
1034 3392 1334 3462 paternam
1356 3383 1641 3460 originem
1665 3382 1736 3442 ad
1755 3382 1972 3459 Iovem,
1989 3391 2299 3441 maternam

229 3486 283 3525 25
307 3465 377 3525 ad
401 3466 741 3544 Pasiphaam
769 3468 978 3529 Minois
1013 3484 1254 3550 uxorem
1279 3467 1547 3527 referret.

432 3548 720 3627 Imagines
746 3561 802 3612 et
827 3553 1022 3631 elogia
1048 3554 1302 3611 universi
1327 3552 1567 3628 generis
1596 3550 2056 3630 exequilongum
2083 3555 2189 3618 est,
2218 3545 2299 3603 fa·
2319 3556 2354 3606 3
