2553 3960
911 242 1122 295 DIVUS
1156 242 1525 295 CLAUDIUS.
2103 233 2222 295 155

212 407 390 461 tatem
421 399 709 477 integram
752 408 1088 480 ostentans,
1137 411 1357 462 mutare
1393 402 1645 463 habitum
1684 402 1920 481 saepius
1964 410 2022 461 et
2053 410 2225 481 prout

213 492 592 549 accusaretur
621 484 1139 565 defendereturve,
1172 487 1357 546 iussit.
1401 486 1491 546 De
1514 484 1760 566 quodam
1784 486 1955 545 etiam
1984 486 2222 562 negotio

213 570 293 628 ita
329 587 407 628 ex
437 567 652 629 tabella
692 571 1097 650 pronuntiasse
1131 570 1416 647 creditur,
1457 568 1794 630 secundum
1828 586 1936 629 eos
1974 586 2044 629 se
2083 585 2219 627 sen-

214 652 365 730 tire,
399 652 684 731 qui-vera
707 654 1198 732 proposuissent.
1239 653 1491 733 Propter
1517 672 1664 733 quae
1691 670 1875 732 usque
1900 669 1972 711 eo
2003 652 2220 728 eviluit,

168 749 195 789 ⁵
218 745 278 796 ut
331 739 546 815 passim
595 755 666 797 ac
705 738 1007 817 propalam
1044 740 1397 818 contemptui
1426 747 1602 797 esset.
1656 737 1961 798 Excusaus
1996 736 2222 815 quidam

214 830 426 881 testem
455 839 488 879 e
518 823 819 900 provincia
842 822 913 882 ab
938 840 1011 882 eo
1036 830 1305 882 vocatum
1328 824 1567 899 negavit
1598 830 1831 899 praesto
1859 838 1993 880 esse
2017 836 2220 899 posse,

216 905 569 965 dissimulata
599 904 693 964 diu
726 923 926 975 causa;
963 923 1034 965 ac
1065 915 1197 985 post
1230 906 1439 984 longas
1474 904 1697 964 demum
1730 906 2223 981 interrogationes

215 988 502 1050 Mortuus
532 994 654 1066 est,
686 990 897 1068 inquit:
922 995 1108 1068 puto,
1143 989 1333 1050 licuit.
1378 988 1543 1049 Alius
1571 991 1791 1067 gratias
1820 1006 2032 1066 agene,
2068 986 2223 1067 quod

216 1091 379 1134 reum
409 1072 642 1134 defendi
676 1081 1001 1153 pateretur,
1033 1074 1273 1134 adiecit:
1318 1071 1405 1134 Et
1434 1079 1637 1134 tamen
1660 1073 1805 1153 fieri
1839 1073 2013 1134 solet.
2072 1070 2223 1132 Illud

143 1171 196 1214 ιο
218 1174 450 1239 quoque
480 1175 514 1217 a
545 1157 857 1218 maioribus
884 1167 1018 1218 natu
1048 1157 1383 1236 audiebam,
1420 1157 1566 1219 adeo
1598 1157 1921 1220 causidicos
1944 1157 2221 1237 patientia

217 1244 342 1303 eius
385 1241 591 1301 solitos
641 1241 827 1321 abuti,
881 1251 942 1301 ut
990 1242 1442 1303 descendentem
1484 1262 1518 1303 e
1564 1242 1831 1304 tribunali
1873 1259 1989 1302 non
2035 1240 2220 1301 solum

215 1343 367 1386 voce
396 1334 772 1403 revocarent,
806 1325 911 1386 sed
941 1336 998 1387 et
1028 1327 1234 1387 lacinia
1264 1335 1442 1404 togae
1471 1336 1726 1404 retenta,
1759 1326 2041 1386 interdum
2068 1324 2220 1405 pede

216 1409 586 1490 apprehenso
603 1410 945 1469 detinerent.
974 1409 1066 1470 Ac
1078 1430 1151 1470 ne
1169 1412 1258 1469 cui
1276 1409 1423 1469 haec
1435 1411 1576 1471 mira
1592 1412 1719 1486 sint,
1749 1410 2025 1485 litigatori
2042 1409 2218 1469 Grae·

219 1493 352 1554 culo
382 1511 497 1553 vox
514 1495 570 1552 in
585 1494 965 1554 altercatione
995 1493 1238 1553 excidit:
1274 1486 1410 1552 Καὶ
1432 1483 1519 1553 σύ
1542 1489 1761 1572 γέρων
1786 1486 1965 1554 εἶκαὶ
1977 1483 2217 1571 μωρός.

142 1597 196 1638 15
215 1577 483 1656 Equitem
512 1577 740 1655 quidem
770 1579 1090 1637 Romanum
1120 1575 1501 1635 obscenitatis
1531 1577 1589 1633 in
1620 1576 1862 1634 feminas
1891 1592 2050 1634 reum
2069 1620 2085 1650 ,
2116 1574 2222 1633 sed

213 1661 366 1722 falso
406 1670 464 1720 et
493 1660 565 1719 ab
600 1658 1013 1738 impotentibus
1044 1657 1286 1717 inimicis
1322 1657 1572 1716 conficto
1605 1658 1871 1735 crimine,
1918 1659 2057 1716 satis
2086 1673 2220 1717 con·

215 1754 353 1822 stat,
402 1761 528 1803 cum
571 1751 767 1802 scorta
810 1742 1106 1802 meritoria
1149 1740 1312 1800 citari
1353 1738 1632 1801 adversus
1676 1759 1742 1800 se
1784 1749 1843 1801 et
1886 1740 2070 1801 audiri
2113 1758 2220 1820 pro

215 1828 545 1890 testimonio
573 1824 818 1902 videret,
847 1817 1149 1903 graphium
1174 1832 1232 1884 et
1251 1824 1508 1903 libellos,
1532 1842 1679 1905 quos
1697 1825 1933 1885 tenebat
1955 1826 2012 1884 in
2034 1842 2219 1902 manu,

211 1915 294 1972 ita
327 1926 455 1969 cum
483 1924 688 1986 magna
725 1908 1000 1969 stultitiae
1031 1917 1090 1969 et
1124 1909 1400 1969 saevitiae
1432 1908 1887 1989 exprobratione
1918 1909 2132 1969 iecisse
2161 1910 2221 1968 in

133 2009 194 2051 zo
214 1996 431 2056 faciem
465 1993 618 2069 eiuS,
658 2002 717 2053 ut
745 2011 955 2071 genam
986 2011 1100 2054 non
1131 1994 1342 2054 leviter
1372 1995 1793 2073 perstrinxerit.

345 2076 538 2138 Gessit
552 2086 610 2136 et
632 2096 962 2156 censuram,
989 2079 1366 2139 intermissam
1385 2078 1479 2139 diu
1505 2088 1638 2158 post
1660 2078 1934 2140 Plancum
1953 2077 2216 2139 Paulum·
2239 2085 2306 2140 16

214 2181 329 2243 que
374 2178 683 2232 censores;
739 2162 845 2223 sed
886 2161 1032 2223 banc
1075 2179 1309 2242 quoque
1362 2161 1801 2241 inaequabiliter
1840 2165 2119 2242 varioque
2163 2170 2222 2221 et

214 2248 403 2308 animo
435 2252 493 2305 et
523 2255 752 2306 eventu.
821 2248 1250 2324 Recognitione
1284 2247 1533 2325 equitum
1567 2249 1831 2307 iuvenem
1863 2247 2063 2327 probri
2092 2246 2217 2326 ple-

213 2350 380 2407 num,
434 2329 539 2390 sed
590 2348 760 2409 quem
805 2339 970 2409 pater
1012 2329 1477 2408 probatissimum
1523 2329 1634 2389 sibi
1681 2331 2034 2407 affirmabat,
2094 2332 2219 2389 sine

138 2433 193 2475 25
212 2414 527 2493 ignominia
551 2413 790 2490 dimisit,
821 2413 1050 2474 habere
1071 2413 1271 2473 dicens
1303 2431 1617 2474 censorem
1637 2432 1855 2486 suum;
1889 2415 2060 2474 alium
2089 2429 2218 2473 cor·

211 2497 457 2577 ruptelis
504 2498 915 2577 adulteriisque
967 2499 1246 2557 famosum
1288 2497 1425 2556 nihil
1470 2497 1715 2576 amplius
1762 2515 1928 2576 quam
1981 2497 2217 2571 monuit,

213 2589 284 2643 ut
312 2582 425 2642 aul
442 2582 710 2660 parcius
741 2581 1056 2643 aetatulae
1087 2581 1434 2662 indulqeret
1464 2587 1573 2642 aut
1599 2587 1764 2641 certe
1792 2580 2036 2641 cautius
2049 2603 2078 2649 ,·
2122 2578 2218 2637 ad-

214 2665 503 2744 diditque:
551 2663 764 2738 Quare
793 2664 948 2725 em'm
981 2683 1091 2744 eqo
1119 2665 1283 2740 scic,
1318 2681 1502 2744 qaam
1532 2665 1797 2726 amicam
1825 2661 2107 2724 habeas?
2146 2660 2221 2721 Et

217 2768 378 2827 cum,
432 2751 726 2810 orantibus
771 2748 1173 2826 familiaribus,
1232 2748 1580 2828 dempsisset
1632 2749 1854 2810 cuidam
1896 2746 2220 2826 appositam

142 2849 196 2892 ³0
215 2843 439 2911 notam,
467 2831 690 2897 Isaura
711 2839 942 2909 tamen,
969 2832 1177 2911 inquit,
1211 2835 1412 2893 extet!
1437 2832 1812 2911 Splendidum
1834 2832 2015 2891 virum
2045 2828 2218 2891 Grae-

217 2919 461 2997 ciaeque
502 2919 838 2997 provinciae
881 2919 1232 2995 principem,
1281 2934 1485 2976 verum
1526 2916 1708 2977 Latini
1741 2917 2023 2977 sermonis
2057 2916 2217 2991 igna-

212 3021 370 3079 rum,
417 3019 532 3062 non
575 3002 749 3062 modo
792 3001 927 3061 albo
972 3000 1221 3060 iudicum
1265 3001 1469 3079 erasit,
1519 3000 1623 3062 sed
1652 3002 1711 3060 in
1746 2999 2219 3081 peregrinitatem

211 3084 465 3162 redegit.
502 3084 630 3144 Nec
663 3102 1004 3164 quemquam
1031 3085 1138 3143 nisi
1170 3103 1270 3145 sua
1300 3102 1469 3163 voce,
1499 3093 1805 3164 utcumque
1836 3084 1962 3162 quis
1994 3090 2219 3162 posset,

215 3186 287 3230 ac
316 3170 440 3227 sine
472 3176 719 3246 patrono
757 3171 1038 3229 rationem
1081 3169 1233 3228 vitae
1266 3185 1473 3246 passus
1518 3178 1607 3229 est
1651 3167 1918 3228 reddere.
1960 3167 2220 3229 Notavit·

141 3271 196 3313 35
217 3271 331 3331 que
361 3251 604 3329 multos,
638 3261 697 3313 et
724 3253 1003 3331 quosdam
1029 3252 1377 3332 inopinantis
1406 3261 1466 3313 et
1497 3271 1571 3313 ex
1596 3270 1769 3314 causa
1795 3254 1933 3312 novi
1957 3254 2218 3331 generis,

217 3336 372 3414 quod
403 3354 467 3396 se
499 3337 686 3397 inscio
718 3354 788 3397 ac
824 3339 946 3396 sine
990 3345 1311 3397 commeatu
1358 3336 1524 3398 Italia
1561 3337 1959 3397 excessissent
1972 3361 1986 3407 ;
2044 3353 2220 3416 quen·
2278 3393 2284 3397 .

217 3420 346 3480 dam
375 3438 520 3481 vero
553 3429 612 3480 et
644 3419 800 3500 quod
829 3438 1026 3480 comes
1054 3422 1215 3499 regis
1245 3422 1303 3479 in
1337 3423 1634 3499 provincia
1662 3421 1902 3498 fuisset,
1933 3421 2220 3492 referens,

213 3505 493 3565 maiorum
524 3500 882 3585 temporibus
921 3504 1158 3565 Rabirio
1189 3504 1499 3583 Postumo,
1546 3504 1939 3566 Ptolemaeum
1967 3501 2223 3561 Alexan-
