2553 3960
500 208 1051 285 Dnssnm'rossum
1097 208 1456 259 mmmmm
1499 208 1896 269 RELIQUIAE.
2070 194 2190 256 305

202 367 389 427 culum
444 375 502 426 et
553 363 903 426 Gaditanum.
981 363 1379 425 Aestuaria
1432 373 1560 424 sunt
1615 364 1832 439 omnia,
1902 380 2007 440 per
2045 379 2195 439 quae

201 468 359 511 mare
416 449 669 509 vicissim
710 457 824 508 tum
869 447 1097 508 accedit
1148 457 1261 507 tum
1324 447 1566 507 recedit.
1660 446 1896 506 Altum
1954 445 2193 524 proprie

200 550 356 594 mare
400 531 739 611 profundum
781 532 1003 592 dicitur.
1086 530 1280 592 Vada
1325 541 1453 592 sunt
1486 529 1691 610 quibus
1719 531 1776 589 in
1815 530 1955 589 mari
1999 537 2197 608 potest

205 618 375 693 stari,
417 634 565 695 quae
606 615 900 692 Vergilius
950 613 1149 675 brevia
1193 615 1482 694 appellat,
1534 632 1681 692 quae
1735 611 2194 675 eadem-Graeci

159 699 478 761 sbrachea.
565 698 783 759 Sinus
826 699 1078 759 maiores
1129 717 1403 759 recessus
1443 701 1617 759 maris
1659 697 1957 774 dicuntur,
2009 706 2070 757 ut
2109 706 2198 757 est

208 781 484 862 Caspius,
526 781 847 858 Arabicus,
895 781 1154 851 Indicus;
1198 784 1450 843 minores
1475 792 1661 843 autem
1693 781 1886 858 anguli
1915 782 2196 857 dicuntur,

207 876 267 927 ut
309 867 643 941 Paestanus,
685 865 1036 941 Amyclanus
1085 874 1143 927 et
1194 868 1377 926 ceteri
1419 866 1655 926 similes.
1729 864 2025 926 Flustra
2070 872 2200 925 sunt

206 958 393 1011 motus
435 950 607 1010 maris
652 949 776 1009 sine
820 959 1167 1030 tempestate
1214 950 1561 1011 fluctuantis.
1640 948 1895 1010 Naevius
1944 950 1998 1008 in
2037 947 2197 1009 bello

205 1034 457 1095 Poenico
516 1034 604 1092 sic
644 1034 748 1093 ait:
810 1030 1160 1095 Onerariae
1212 1039 1473 1095 onustae
1517 1032 1775 1095 stabant
1819 1034 1886 1093 in
1940 1030 2197 1111 flustris,

136 1126 269 1177 1out
333 1119 382 1177 si
442 1118 695 1177 diceret:
756 1118 811 1176 in
856 1118 1001 1179 salo.
1091 1116 1326 1178 Moles
1380 1136 1527 1196 quae
1567 1119 1815 1176 eminent
1855 1123 1914 1174 et
1959 1133 2199 1194 procur·

206 1212 334 1262 runt
374 1201 552 1278 mari,
613 1200 685 1260 de
729 1201 932 1279 quibus
973 1201 1290 1261 Pacuvius:
1367 1199 1591 1263 Omnes
1621 1199 1900 1263 latebras
1939 1198 2051 1260 sub
2083 1199 2200 1260 leto

205 1285 363 1347 mole
412 1282 740 1345 obstrusas
787 1284 979 1345 sinus.
1084 1280 1367 1345 Caecus
1418 1286 1626 1346 fluctus
1678 1295 1901 1344 tumens
1954 1284 2199 1344 necdum

209 1377 398 1428 tamen
438 1384 648 1443 canuS‚
691 1367 764 1427 de
808 1386 921 1445 quo
960 1368 1094 1427 Atta
1143 1370 1197 1428 in
1249 1367 1471 1445 Togata
1508 1369 1593 1428 sic
1635 1369 1739 1428 ait:
1802 1366 1925 1428 Pro
1965 1367 2200 1446 populo

206 1448 429 1529 fluctus
451 1465 675 1511 caecos
698 1449 942 1529 faciunt
975 1468 1090 1529 per
1133 1451 1545 1528 discordiam,
1595 1461 1652 1510 et
1685 1451 2011 1527 Augustus:
2072 1450 2203 1512 Nos

138 1548 191 1589 1⁵
208 1534 481 1596 venimus
525 1531 854 1611 Neapolim
884 1531 1073 1612 fluctu
1113 1534 1354 1613 quidem
1395 1552 1602 1596 caeco.
1676 1533 1884 1593 Litus
1931 1532 2202 1611 quidquid

209 1637 355 1697 aqua
391 1617 655 1677 adluitur.
723 1615 1019 1676 Flumen
1059 1619 1239 1678 omnis
1264 1617 1467 1678 humor
1504 1618 1600 1697 qui
1641 1616 1738 1677 vel
1789 1616 2014 1677 modice
2060 1617 2199 1677 fluit.

50 1705 70 1753 D
209 1700 533 1762 Torrens
574 1699 782 1760 fluvius
810 1701 942 1780 quia
976 1701 1170 1778 pluvia
1215 1702 1457 1778 crescit,
1493 1701 1756 1761 siccitate
1790 1701 2095 1776 torrescit,
2147 1700 2202 1760 id

210 1794 299 1845 est
332 1786 577 1855 arescit;
609 1783 681 1843 de
713 1800 826 1861 quo
857 1783 1141 1844 Pacuvius
1173 1786 1282 1846 ait:
1341 1784 1651 1846 Flammeo
1692 1800 1934 1863 vapore
1962 1789 2207 1846 torrens

209 1874 421 1931 torret.
513 1865 723 1928 Ostia
781 1868 968 1928 exitus
1014 1866 1300 1928 fluminum
1343 1870 1397 1928 in
1437 1886 1614 1928 mare.
1704 1867 1901 1927 Tolli
1934 1885 2205 1945 aquarum

134 1953 540 2032 zoproiectus‚
579 1950 783 2030 quales
809 1953 1018 2011 suntin
1042 1952 1265 2013 Aniene
1304 1952 1530 2013 flumine
1561 1969 1727 2030 quam
1761 1952 2004 2011 maxime
2037 1970 2205 2030 prae-

212 2029 389 2115 cipiti.
478 2033 766 2096 Isidorus
796 2035 875 2095 de
903 2041 1134 2098 natura
1158 2055 1366 2097 rerum
1402 2045 1501 2110 44,
1528 2044 1687 2097 1-4
1716 2034 1811 2095 ed.
1843 2034 2118 2097 Arevali.

336 2119 426 2179 De
479 2119 799 2179 nominibus
845 2121 1182 2200 ventorum]
1245 2119 1537 2193 Quosdam
1594 2127 1781 2178 autem
1841 2118 2205 2198 Tranquillus

207 2203 482 2282 proprios
519 2202 776 2262 locorum
800 2202 965 2263 flatus
995 2205 1170 2263 certis
1202 2203 1465 2283 appellat
1492 2200 1825 2278 vocabulis,
1854 2220 1967 2280 quo
2001 2221 2075 2262 ex
2104 2222 2204 2263 nu·

207 2303 370 2346 mero
417 2294 546 2345 sunt
581 2287 638 2344 in
686 2286 853 2361 Syria
900 2287 1114 2363 Syrus,
1164 2284 1454 2347 Carbasus
1496 2287 1551 2345 in
1585 2284 1819 2362 Cilicia,
1863 2288 1918 2346 in
1949 2287 2205 2365 Propon·

130 2395 187 2435 25
212 2369 331 2430 tide
368 2367 674 2444 ThraciaS‚
717 2371 775 2428 in
803 2369 995 2429 Attica
1030 2370 1270 2448 Sciron,
1315 2372 1369 2430 in
1401 2369 1585 2430 Gallia
1616 2368 1872 2447 Circius,
1917 2371 1971 2430 in
2001 2370 2208 2450 Hispa·

107 2516 120 2525 ,
207 2454 303 2513 nia
336 2453 744 2513 Sucronensis.
815 2449 1104 2513 Isidorus
1132 2453 1209 2514 de
1247 2461 1479 2515 natura
1506 2471 1716 2515 rerum
1745 2461 1837 2528 37,
1876 2464 1933 2514 5.

332 2552 482 2603 Nolui
508 2550 591 2602 hic
613 2560 838 2619 repetere
870 2537 1093 2597 Versus
1134 2537 1207 2598 de
1235 2536 1344 2597 XII
1375 2540 1562 2598 ventis
1602 2536 1919 2617 Tranquilli
1954 2535 2206 2617 physici,

205 2635 339 2689 quos
365 2637 392 2670 e
414 2621 542 2671 libro
567 2620 884 2672 Bruxellensi
910 2634 992 2671 no.
1020 2620 1183 2672 10721
1223 2621 1361 2673 Saec.
1388 2621 1500 2673 XII.
1530 2622 1824 2674 Theodorus
1849 2620 2028 2673 Oehler
2054 2623 2207 2675 edidit

202 2693 262 2742 in
285 2689 459 2740 Museo
483 2688 726 2739 Rhenano
763 2689 890 2740 1842
913 2705 963 2756 p.
996 2688 1094 2741 130
1116 2706 1228 2754 sqq.
1328 2741 1332 2744 Α

124 2787 186 2830 30
339 2756 648 2836 Stipulari]
700 2758 1007 2816 Suetonius
1039 2767 1227 2818 autem
1263 2762 1498 2837 passive
1532 2761 1770 2838 protulit
1804 2761 1860 2818 in
1893 2757 2017 2819 1111.
2052 2759 2207 2820 Pra-

202 2852 229 2903 t
247 2856 284 2900 o
300 2856 377 2898 ru
394 2856 477 2900 m:
525 2836 851 2918 Laetoria,
889 2857 1048 2920 quae
1067 2847 1235 2903 vetat
1258 2842 1554 2904 minorem
1586 2843 1769 2905 annis
1796 2843 2014 2922 viyinti
2039 2844 2206 2922 quin-

202 2940 329 3006 que
354 2923 649 3002 stipulari
661 2918 1206 3067 Sinsomvic'avfrat).
1240 2925 1605 2989 Priscianus
1629 2935 1683 3004 8,
1715 2936 1772 3001 4,
1811 2935 1883 2987 21
1903 2946 1969 3006 p.
2001 2934 2114 2988 794
2138 2926 2205 2987 Ρ.

200 3008 519 3071 Suetonius
557 3009 612 3066 in
648 3006 675 3068 1
704 3007 773 3068 Π.
821 3008 1197 3069 Pratorum
1237 3010 1455 3071 minor·
1478 3011 1696 3091 viqinti
1723 3009 1985 3091 quinque
2014 3028 2204 3073 anno-

198 3108 346 3155 rum
388 3091 687 3171 stipulari
719 3111 844 3154 non
881 3099 1086 3171 potest
1114 3095 1348 3171 passive
1382 3093 1541 3155 dixit.
1595 3093 1956 3155 Priscianus
1988 3102 2080 3171 18,
2119 3102 2205 3172 19,

122 3198 181 3244 ss
208 3181 328 3238 149
349 3193 416 3255 p.
451 3183 603 3236 1164
635 3173 703 3236 Ρ.

337 3260 645 3320 Suetonius
677 3261 732 3319 in
761 3258 915 3321 VIII.
949 3261 1364 3322 Pratorum:
1430 3261 1608 3325 Fasti
1648 3261 1781 3323 dies
1821 3269 1962 3323 sunt
1989 3261 2208 3340 quibus

202 3342 311 3403 ius
344 3341 552 3421 fatur,
610 3342 681 3404 id
716 3350 810 3406 est
846 3344 1104 3421 dicitur,
1161 3350 1229 3405 ut
1269 3345 1503 3425 nefasti
1538 3345 1758 3426 quibus
1798 3365 1922 3408 non
1962 3345 2204 3406 dicitur.

205 3422 577 3487 Priscianus
605 3434 665 3504 8,
691 3438 750 3505 4,
781 3436 855 3490 20
868 3446 933 3507 p.
967 3427 1153 3490 7931’.
1189 3426 1476 3492 Isidorus
1500 3430 1575 3492 de
1589 3438 2050 3575 naturgorerum
2074 3436 2124 3503 1,
2146 3436 2204 3488 4.

317 3528 620 3571 sumemus,
