2553 3960
958 251 1374 301 PRAEFATIO.
1845 271 1855 282 ·
1929 253 2048 302 xm

239 432 294 489 p.
325 417 425 483 84,
453 417 543 470 25.
581 417 714 481 153,
744 416 795 467 2.
856 411 1064 465 inaeius
1100 411 1317 480 signum
1356 411 1494 479 reip.
1537 426 1700 481 quam
1738 411 1949 466 Momm.
1987 413 2044 467 in

236 499 418 552 sinum
451 497 571 550 eius
598 497 813 567 signum
842 494 966 549 Med
992 500 1041 551 1.
1076 500 1128 553 3.
1187 496 1242 547 in
1287 495 1403 548 eius
1440 495 1618 547 sinum
1657 496 1873 565 siynum
1901 496 2040 566 reip.

238 597 404 652 quam
435 579 538 636 Par
559 584 711 638 6116.
749 578 867 633 Exo
890 579 1062 647 Bong.
1092 577 1238 632 Frib.
1269 577 1463 632 Pinell.
1491 577 1659 634 Basil.
1687 580 1746 632 in
1778 581 1895 634 eius
1921 580 2045 634 sinu

237 667 452 736 st‘qnum
483 665 625 734 reip.
656 663 805 734 quod
833 661 972 717 Edd.
1004 651 1032 740 ΙΙ
1060 665 1151 730 81,
1181 667 1217 720 3
1241 661 1551 731 siynificari
1577 661 1913 734 stephanus,
1940 662 2042 717 cfr.

239 765 297 820 p.
325 753 417 818 26,
446 752 531 806 26.
576 752 702 817 203,
734 752 768 806 6
804 746 814 816 Ι
853 750 923 805 34
950 750 1002 798 et
1028 745 1234 800 exilum
1263 760 1392 814 ego.
1433 760 1502 798 ac
1532 747 1738 800 eoeitum
1767 747 1855 801 vel
1885 751 2048 817 atque

237 834 444 887 exitum
484 830 621 886 Edd.
672 847 774 902 pro
809 836 871 884 at
904 830 1109 884 exitum
1157 821 1169 905 Ι
1226 835 1294 887 35
1318 831 1725 900 praesayiente.
1777 829 2050 899 Philippis

239 915 542 971 edluntina
566 922 702 974 1510
718 929 824 986 pro
851 913 1235 983 praesayiente
1254 911 1510 982 Philippo
1538 906 1564 990 ΙΙ
1593 919 1683 983 83,
1708 920 1774 972 12
1797 914 2048 968 similium

240 999 466 1070 supplet
507 997 934 1070 Oudendorpius
963 990 987 1071 ΙΙ
1019 1000 1121 1065 84,
1165 1004 1195 1055 1
1239 990 1294 1049 εἰ
1323 988 1387 1049 δέ
1424 1012 1479 1049 τι
1512 990 1631 1068 ἔχοι
1661 1013 1785 1069 ego.
1842 986 2047 1068 ἐπειδή

236 1100 297 1136 τι
331 1077 451 1154 ἔχει
484 1084 576 1138 Iao
603 1080 936 1138 Gronovius.
973 1081 1506 1134 eTOIAeTIAXOI
1536 1082 1743 1136 Momm.
1783 1084 2048 1137 eYcAe-

237 1170 498 1222 TIAXOI
531 1165 686 1222 Paris
711 1171 865 1225 6116.
899 1166 1467 1220 eTIOIAETIAXOI
1501 1165 1626 1222 Med
1650 1161 1874 1243 1.Ι184,
1913 1174 1947 1226 2
1977 1151 2047 1222 τὰ

235 1247 547 1325 παίγνιον,
589 1239 802 1319 κρότον
845 1239 975 1305 δότε
1024 1267 1152 1321 ego.
1229 1247 1315 1327 τῷ
1355 1245 1611 1327 παιγνίῳ
1655 1241 1784 1305 δότε
1829 1241 2050 1328 κρότον

236 1338 332 1392 lae
346 1333 659 1391 Gronovius
695 1350 799 1405 pro
833 1336 1734 1390 TonAlcNIOAOTeKPOTON
1788 1336 1799 1408 Ι
1837 1343 1872 1396 3
1894 1322 2050 1408 ἡμᾶς

238 1427 297 1478 et
333 1412 721 1493 προπέμψατε
756 1434 885 1488 ego.
957 1404 1127 1493 ὑμεῖς
1166 1426 1222 1475 et
1250 1437 1307 1475 τι
1344 1419 1565 1476 ποιεῖτε
1591 1422 1683 1477 vel
1715 1409 2047 1490 κτυπήσατε

241 1505 330 1560 vel
373 1494 722 1559 ποππύσατε
769 1501 910 1559 Edd.
946 1507 1147 1557 &MAG
1184 1510 1241 1559 et
1271 1507 1795 1559 ΤΙΠΟΠΑΙΨΑΤΘ
1831 1505 2044 1559 Menum.

238 1591 497 1642 HeMAc
528 1594 584 1643 et
623 1589 1048 1643 ΡΟΠΜΨΑΤΗ
1079 1586 1235 1644 Paris
1263 1592 1403 1647 6116
1440 1580 1448 1663 Ι
1487 1595 1554 1648 35
1574 1604 1688 1658 pro
1721 1590 1918 1643 rostris
1944 1587 2050 1641 sub

237 1672 503 1730 veteribus
532 1672 801 1742 Egnatius
831 1663 858 1751 ΙΙ
885 1679 987 1744 85,
1031 1678 1098 1730 21
1132 1672 1295 1728 vicies
1325 1674 1623 1726 sestertimn
1653 1671 1871 1742 quidam
1905 1670 2052 1742 apud

237 1757 624 1813 casaubonum
692 1772 796 1828 pro
850 1759 1041 1813 vicena
1087 1756 1339 1811 sestertia
1386 1744 1415 1832 ΙΙ
1468 1760 1538 1815 86
1562 1796 1581 1825 ,
1625 1761 1695 1813 14
1748 1754 2051 1826 triumphos

232 1847 439 1911 septem
470 1839 540 1895 ed
569 1841 703 1896 Rom
726 1847 846 1898 1..2
884 1833 893 1916 Ι
936 1846 1001 1900 18
1030 1856 1136 1912 quo
1170 1840 1280 1895 eod
1305 1838 1457 1894 Huis.
1494 1839 1712 1895 Vindob
1739 1846 1789 1897 1.
1819 1838 2052 1896 Beroal-

238 1924 342 1980 dus
377 1939 482 1997 pro
509 1924 660 1996 quod
692 1918 702 2003 Ι
739 1929 806 1985 27
838 1924 1213 1997 Inreyillensis
1254 1923 1406 1979 Fasti
1437 1921 1737 1996 Capitolini
1770 1929 1827 1979 et
1862 1923 2050 1979 Livius

236 2015 304 2077 8,
338 2017 437 2078 15,
475 2017 509 2067 5
537 2000 565 2086 ΙΙ
595 2013 694 2078 87,
727 2015 763 2069 8
797 2009 1008 2066 Glician
1039 2007 1306 2080 Sigonius
1345 2023 1449 2080 pro
1478 2007 1698 2079 Ilycian
1736 2003 1745 2081 Ι
1782 2015 1847 2068 31
1880 2010 2050 2063 inter-

235 2099 421 2148 sertas
442 2092 653 2148 Momm.
685 2084 711 2171 ΙΙ
739 2099 842 2162 88,
877 2100 911 2154 9
938 2093 1110 2149 Pater
1143 2091 1348 2147 Tiberii
1373 2090 1525 2147 Nero
1555 2098 1816 2163 quaestor
1843 2092 1967 2147 Med
1992 2099 2048 2151 3.

238 2182 298 2231 et
323 2176 547 2248 plurimi
585 2175 595 2254 Ι
633 2182 700 2237 36
744 2177 807 2232 L.
834 2192 942 2250 que
982 2191 1093 2248 ego
1122 2192 1224 2248 pro
1252 2192 1306 2246 q.
1355 2175 1459 2231 cfr.
1492 2192 1546 2247 p.
1581 2180 1681 2244 41,
1712 2182 1797 2235 13.
1832 2181 1898 2233 14
1936 2168 1944 2250 Ι
1981 2179 2048 2234 37

238 2260 569 2316 taboriosam
610 2259 889 2316 Pithoeus.
952 2262 1292 2315 luxoriosum
1334 2260 1543 2314 Momm.
1590 2276 1620 2314 a
1664 2260 1838 2330 prima
1891 2274 2052 2315 manu

238 2360 345 2415 pro
375 2343 723 2399 luxuriosam
774 2336 785 2422 Ι
832 2344 1136 2401 eoeercilam
1167 2342 1436 2413 Egnatius
1472 2358 1574 2414 pro
1615 2345 1977 2397 exercitatam
2021 2334 2050 2418 ΙΙ

236 2433 338 2494 89,
368 2432 402 2484 2
431 2430 629 2483 iterum
657 2426 890 2484 Ursinus
920 2443 1023 2500 pro
1052 2429 1176 2483 item
1227 2420 1237 2503 Ι
1288 2434 1322 2487 3
1354 2426 1423 2480 ab
1449 2428 1516 2481 iis
1543 2425 1813 2496 Egnatius
1844 2442 1948 2498 pro
1980 2425 2054 2479 ab

238 2510 326 2565 his
362 2503 372 2586 Ι
420 2517 480 2570 18
514 2511 735 2567 Troiam
764 2512 974 2567 Momm.
1016 2527 1124 2583 pro
1155 2510 1440 2572 Troianis3
1480 2511 1683 2566 deesse
1716 2510 1936 2565 videtur
1964 2511 2049 2565 lu-

236 2596 309 2649 sit
344 2589 353 2661 Ι
391 2601 460 2655 36
499 2601 555 2650 et
586 2596 886 2651 umentibus
915 2594 1150 2667 Lipsius.
1193 2601 1247 2649 et
1271 2593 1536 2649 mentibus
1564 2593 1774 2648 Momm.
1810 2610 1840 2648 a
1874 2593 2050 2665 prima

239 2696 399 2735 manu
429 2695 532 2751 pro
568 2685 622 2734 el
650 2679 966 2735 tumentibus
993 2669 1020 2755 ΙΙ
1050 2684 1139 2747 91,
1167 2684 1237 2736 20
1265 2679 1554 2749 yymnasia
1585 2677 1656 2731 ed
1676 2677 1830 2746 Lugd
1853 2683 1991 2736 1508
2021 2666 2048 2752 ΙΙ
2093 2699 2101 2711 ·

238 2769 327 2831 92,
358 2769 429 2823 29
457 2762 859 2818 Nemausenses
887 2761 994 2818 eod
1018 2760 1270 2817 Perizon.
1319 2761 1641 2818 Beroaldus.
1682 2759 2053 2815 Resainan-ees

240 2846 332 2901 lae
356 2846 671 2904 Gronovius
732 2862 837 2917 pro
883 2845 1287 2901 Remausenses
1338 2836 1365 2922 ΙΙ
1406 2848 1507 2914 94,
1558 2850 1628 2901 22
1671 2849 1751 2899 est
1800 2846 2055 2917 multique

242 2930 310 2985 ed
336 2928 544 3001 Gryph.
575 2937 726 2989 1548.
772 2935 823 2984 et
855 2930 1010 2985 mulli
1036 2930 1349 3001 Stephanus
1381 2944 1483 3000 pro
1513 2935 1593 2983 est
1623 2920 1827 3007 mulind}
1857 2936 1956 3000 95,
1987 2933 2057 2987 14

239 3028 309 3067 ac
337 3013 637 3069 maioribus
669 3014 738 3069 ed
754 3011 874 3069 Ven
900 3022 949 3073 1.
982 3013 1243 3068 Erasmus
1283 3004 1294 3089 Ι
1330 3019 1400 3072 30
1425 3017 1614 3083 aqeret
1643 3012 1781 3068 Edd.
1817 3029 1921 3085 pro
1950 3030 2053 3068 au-

236 3102 392 3167 qerec
417 3087 446 3174 ΙΙ
475 3103 571 3162 96.
620 3104 686 3157 13
717 3098 1668 3151 MOYloACAlcTeTPA'rHrmN
1704 3096 1918 3151 Momm.
1950 3096 2053 3151 Pa-

240 3180 319 3236 ris
349 3185 508 3241 6116.
567 3172 853 3247 Μούσαις
887 3197 950 3235 τε
978 3180 1166 3236 Medl.
1193 3185 1246 3236 2.
1278 3185 1327 3238 3.
1375 3169 1656 3245 Μούσαις
1690 3178 1827 3236 Edd.
1872 3168 2050 3235 Μού-

240 3274 371 3330 σαις
399 3250 553 3317 καλοὶ
577 3266 668 3320 vel
696 3252 893 3337 ἄριστε
923 3263 1228 3320 Turnebus.
1278 3251 1560 3330 Μούσαις
1599 3252 1812 3337 ὅὶριστα
1841 3263 2054 3334 Casan-

243 3348 440 3403 bonus.
493 3348 618 3414 τοῖς
647 3340 806 3421 ἐμοῖς
839 3325 888 3403 ὦ
913 3335 1113 3422 ἄριστε
1141 3347 1235 3402 Iac
1262 3344 1594 3403 Gronovius.
1657 3346 1779 3413 τοῖς
1810 3347 1933 3414 σοῖς
1960 3338 2059 3400 σοι’

242 3446 299 3485 τε
331 3429 783 3503 Oudendorpius.
836 3433 967 3498 ταῖς
993 3447 1108 3503 μου
1148 3425 1252 3484 ἴσα
1291 3430 1483 3497 σαῖςτε
1512 3446 1621 3502 ego
1672 3423 1683 3502 Ι
1734 3437 1802 3496 18
1833 3430 1891 3484 Ii
1918 3444 2055 3496 ego.

239 3512 315 3569 tm·
345 3515 558 3569 Momm.
592 3531 694 3586 pro
724 3514 784 3570 hi
816 3511 826 3591 Ι
864 3521 933 3574 24
958 3503 1020 3587 γ’
1052 3530 1179 3586 ego.
1227 3500 1286 3567 δ’
1325 3514 1461 3570 Edd.
1494 3531 1599 3587 pro
1644 3531 1672 3568 ε
1700 3506 1730 3588 fl
1759 3517 1848 3581 97,
1879 3519 1941 3572 ιι
1977 3524 2056 3563 ει-
