2553 3960
1007 183 1218 232 mvus
1262 182 1640 231 Aneus'rus,
2184 169 2266 230 77

262 335 459 415 potius
483 336 649 414 sequi
678 336 1032 415 opinionem,
1066 340 1163 416 qui
1193 338 1436 417 perinde
1468 336 1834 398 scribendum
1866 354 1938 397 ac
1965 337 2267 417 loquamur

263 420 613 480 existiment.
673 418 820 480 Nam
862 420 1019 501 quod
1061 440 1244 501 saepe
1272 439 1391 482 non
1417 422 1640 482 litteras
1667 420 1841 481 modo
1873 420 1980 480 sed
2009 419 2266 495 syllabas

261 512 359 563 aut
408 512 696 582 permutat
741 512 837 564 aut
888 507 1196 583 praeterit,
1250 506 1569 566 communis
1610 504 1899 565 hominum
1943 521 2109 564 error
2152 513 2264 564 est.

262 585 393 648 Nec
417 604 536 664 ego
566 586 624 646 id
652 597 942 665 notarem,
974 589 1082 647 nisi
1110 589 1244 649 mihi
1273 590 1476 650 mirum
1505 589 1800 649 videretur
1832 587 2140 648 tradidisse
2165 587 2265 646 ali·

212 682 241 722 ὅ
266 688 444 749 quos,
486 670 686 749 legato
730 690 859 731 eum
904 671 1194 732 consulari
1240 689 1650 733 successorem
1691 671 1924 733 dedisse
1968 680 2032 731 ut
2058 670 2184 732 rudi
2210 680 2269 730 et

264 754 531 831 indocto,
579 756 742 815 cuius
781 773 949 816 manu
996 755 1094 816 imi
1127 773 1234 835 pro
1283 757 1412 836 ipsi
1454 758 1733 835 scriptum
1781 754 2266 816 animadverterit.

268 838 550 913 Quotiens
588 848 779 900 autem
820 857 928 917 per
960 848 1130 901 notas
1161 839 1395 917 scribit,
1437 840 1484 900 B
1512 859 1622 919 pro
1650 840 1735 916 A,
1768 838 1815 901 G
1845 857 1954 919 pro
1983 838 2030 898 B
2061 856 2132 898 ac
2163 838 2265 899 de-

262 922 473 1002 inceps
511 922 714 983 eadem
759 924 985 984 ratione
1025 926 1324 1002 sequentis
1360 924 1586 984 litteras
1620 926 1810 1003 ponit;
1857 941 1965 1002 pro
1995 922 2051 983 X
2082 932 2271 983 autem

267 1005 487 1086 duplex
515 1007 588 1066 A.
2144 1079 2159 1093 ⁸

190 1099 247 1142 1⁰
387 1090 478 1151 Ne
508 1090 861 1153 Graecarum
907 1091 1136 1170 quidem
1172 1092 1604 1172 disciplinarum
1633 1092 1861 1153 leviore
1893 1090 2083 1152 studio
2112 1092 2354 1149 tene-89

265 1176 452 1236 batur.
491 1174 556 1234 In
584 1174 792 1252 quibus
821 1183 880 1236 et
907 1176 1053 1254 ipsis
1081 1177 1417 1256 praestabat
1440 1176 1701 1255 largiter,
1731 1177 2010 1255 magistro
2042 1172 2272 1235 dicendi

261 1277 406 1320 usus
439 1257 810 1337 Apollodoro
842 1259 1236 1337 Pergameno,
1269 1278 1440 1340 quem
1474 1262 1586 1321 iam
1615 1260 1895 1338 grandem
1923 1269 2058 1321 natu
2087 1255 2272 1337 Apol-

262 1344 482 1404 loniam
520 1360 756 1421 quoque
799 1361 996 1402 secum
1034 1342 1106 1402 ab
1145 1344 1289 1404 urbe
1331 1346 1561 1405 iuvenis
1594 1344 1781 1406 adhuc
1814 1343 2128 1417 eduxerat,
2173 1340 2271 1400 de-

260 1426 403 1488 inde
433 1424 754 1486 eruditione
783 1428 953 1487 etiam
979 1429 1141 1488 varia
1169 1429 1434 1508 repletus
1464 1447 1574 1507 per
1595 1428 1739 1489 Arei
1769 1425 2103 1508 philosophi
2126 1424 2271 1485 lilio-

188 1526 244 1568 ιι
260 1528 509 1589 rumque
551 1512 680 1571 eius
710 1510 954 1587 Dionysi
997 1520 1056 1571 et
1082 1511 1394 1574 Nicanoris
1427 1512 1893 1580 contubernium;
1934 1528 2051 1570 non
2083 1518 2273 1569 tamen

262 1604 325 1656 ut
368 1603 465 1655 aut
504 1593 847 1674 loqueretur
887 1595 1164 1674 expedite
1207 1606 1306 1658 aut
1351 1614 1706 1676 componere
1744 1593 1962 1673 aliquid
2002 1592 2272 1660 auderet;

262 1698 398 1739 nam
439 1688 497 1738 et
542 1680 589 1738 si
632 1678 766 1757 quid
807 1697 907 1739 res
935 1681 1237 1757 exigeret,
1278 1681 1478 1742 Latine
1507 1679 1793 1742 formabat
1820 1677 2274 1754 vertendumque

263 1763 369 1823 alii
394 1761 583 1823 dabat.
647 1763 766 1824 Sed
794 1763 968 1842 plane
997 1773 1323 1842 poematum
1350 1783 1584 1845 quoque
1621 1782 1737 1825 non
1763 1763 2080 1841 imperitus,
2115 1758 2273 1822 dele-

264 1846 532 1907 ctabatur
554 1850 725 1907 etiam
749 1847 1052 1909 comoedia
1076 1852 1262 1909 veteri
1299 1858 1359 1909 et
1382 1868 1564 1928 saepe
1597 1867 1726 1910 eam
1749 1845 2006 1908 exhibuit
2043 1853 2271 1924 specta-

184 1950 242 1992 ω
264 1930 419 1993 culis
461 1930 731 2010 publicis.
803 1931 869 1993 In
922 1931 1264 1994 evolvendis
1313 1934 1610 2014 utriusque
1660 1932 1892 2011 linguae
1941 1928 2275 1993 auctoribus

258 2014 408 2078 nihil
436 2033 624 2095 aeque
656 2017 1018 2095 sectabatur,
1068 2035 1236 2097 quam
1283 2027 1601 2096 praecepta
1641 2026 1699 2077 et
1740 2015 2012 2096 exempla
2041 2013 2274 2094 publice

257 2098 362 2162 vel
399 2101 666 2178 privatim
702 2101 977 2178 salubria,
1012 2119 1209 2180 eaque
1242 2102 1315 2163 ad
1360 2102 1598 2163 verbum
1621 2109 1900 2180 excerpta
1936 2109 2032 2160 aut
2066 2097 2138 2159 ad
2174 2097 2275 2158 do-

255 2184 543 2245 mesticos
587 2193 684 2245 aut
712 2185 785 2246 ad
822 2187 1176 2246 exercituum
1202 2187 1744 2265 provinciarumque
1780 2193 2049 2246 rectores
2087 2180 2276 2245 autad

256 2268 428 2330 urbis
467 2269 836 2346 magistratus
877 2270 1216 2349 plerumque
1258 2270 1549 2346 mittebat,
1606 2279 1779 2348 prout
1832 2268 2046 2347 quique
2096 2267 2274 2327 moni-

182 2355 427 2414 sstione
472 2353 818 2428 indigerent.
882 2353 1070 2416 Etiam
1111 2353 1297 2414 libros
1341 2364 1499 2417 totos
1550 2362 1609 2414 et
1648 2353 1870 2416 senatui
1909 2351 2175 2411 recitavit
2220 2357 2278 2409 et

254 2435 492 2518 populo
521 2445 694 2498 notos
720 2456 830 2517 per
858 2438 1107 2499 edictum
1137 2456 1319 2517 saepe
1349 2439 1511 2515 fecit,
1544 2447 1604 2498 ut
1638 2430 1935 2498 orationes
1969 2431 2039 2506 Q.
2056 2432 2278 2496 Metelli

253 2521 339 2582 de
361 2519 552 2600 prole
580 2521 870 2601 auqenda
906 2530 964 2582 et
989 2521 1168 2581 Rutili
1201 2520 1279 2581 de
1304 2522 1485 2583 modo
1509 2519 1980 2597 aedificiorum,
2017 2535 2131 2596 quo
2162 2534 2275 2576 ma-

252 2608 353 2685 gis
396 2604 780 2683 persuaderet
819 2615 1119 2683 utramque
1158 2623 1283 2665 rem
1329 2623 1446 2666 non
1490 2603 1563 2665 ab
1607 2621 1672 2662 se
1701 2602 1889 2681 primo
1920 2599 2279 2662 animadver-

256 2707 421 2762 sam,
465 2688 572 2748 sed
600 2691 847 2767 antiquis
876 2691 985 2749 iam
1016 2697 1150 2748 tunc
1182 2707 1358 2749 curae
1385 2689 1583 2749 fuisse.

184 2795 239 2838 so
389 2771 636 2851 Ingenia
670 2773 889 2834 saeculi
921 2774 1008 2833 sui
1038 2772 1301 2833 omnibus
1332 2772 1520 2833 modis
1551 2771 1729 2842 fovit;
1763 2770 2056 2831 recitantis
2090 2775 2149 2827 et
2177 2765 2277 2826 be-

255 2859 444 2936 nigne
478 2865 536 2916 et
564 2860 851 2936 patienter
876 2856 1071 2932 audiit,
1102 2875 1215 2917 nec
1245 2865 1461 2919 tantum
1492 2857 1743 2918 carmina
1765 2863 1826 2916 et
1848 2853 2144 2928 historias,
2177 2849 2280 2910 sed

254 2950 319 3003 et
370 2941 674 3002 orationes
719 2951 778 3002 et
819 2941 1108 3019 dialogos.
1169 2939 1456 3020 componi
1489 2950 1678 3002 tamen
1707 2936 1925 3018 aliquid
1960 2936 2031 2997 de
2068 2953 2134 2996 se
2174 2934 2281 2995 nisi

258 3036 320 3087 et
377 3023 543 3086 serio
595 3034 653 3085 et
700 3043 733 3086 a
787 3025 1324 3106 praestantissimis,
1377 3024 1779 3085 offendebatur
1820 3019 2282 3099 admonebatque

258 3118 580 3190 praetores
599 3155 616 3186 ,
665 3127 738 3169 ne
768 3118 1106 3189 paterentur
1135 3126 1347 3168 nomen
1379 3127 1541 3169 suum
1573 3105 2077 3168 commissionibus
2108 3105 2279 3166 obso-

188 3211 240 3253 ss
257 3193 477 3256 lefieri.

346 3275 529 3338 Circa
585 3277 906 3356 religiones
957 3277 1132 3340 talem
1184 3276 1540 3355 accepimus.
1613 3274 1886 3336 Tonitrua
1944 3283 2004 3334 et
2052 3273 2369 3349 fulguraso

257 3358 444 3440 paulo
487 3361 767 3422 infirmius
807 3360 1278 3440 expavescebat,
1322 3370 1381 3421 ut
1427 3377 1662 3439 semper
1702 3368 1761 3419 et
1802 3358 2016 3437 ubique
2067 3354 2283 3433 pellem

256 3444 429 3505 vituli
462 3446 664 3506 marini
699 3446 1098 3507 circumferret
1133 3462 1245 3524 pro
1274 3444 1569 3522 remedio,
1600 3452 1774 3522 atque
1807 3441 1878 3502 ad
1913 3454 2137 3501 omnem
2166 3451 2281 3494 ma-
