2553 3960
978 279 1326 326 GALBA.
2041 268 2161 330 203

173 434 473 510 ingressus
501 450 668 510 quam
698 443 756 492 ut
781 451 975 493 secum
1000 431 1270 492 vehiculo
1307 435 1571 511 proximo
1608 433 1804 493 decies
1839 437 2164 494 sestertium

173 518 231 575 in
254 534 395 576 auro
418 516 683 594 efferret)
706 516 897 576 donec
920 518 976 574 in
1001 515 1219 595 oppido
1239 514 1452 576 Fundis
1476 519 1720 577 moranti
1735 516 2011 597 Hispania
2025 517 2161 577 Tar-

171 598 730 660 raconensisoblata
754 610 862 660 est.
909 599 1274 678 Acciditque,
1300 609 1358 658 ut
1390 620 1515 660 cum
1551 602 1906 680 provinciam
1942 603 2162 677 ingres·

176 701 276 741 sus
301 683 660 742 sacrificaret
681 685 829 744 intra
854 682 1053 744 aedem
1078 682 1399 762 publicam,
1431 701 1615 763 puero
1642 703 1674 744 e
1700 686 1972 745 ministris
2003 701 2162 743 acer-

21 760 22 767 '
129 789 157 826 s
179 784 299 825 ram
335 767 549 824 tenenti
586 766 829 844 capillus
865 775 1110 844 repente
1144 775 1268 827 toto
1310 770 1501 845 capite
1527 777 1897 846 canesceret,
1933 785 2044 827 nec
2067 767 2161 826 de·

178 849 406 908 fuerunt
430 850 525 926 qui
550 849 1083 928 interpretarentur,
1109 851 1424 927 significari
1440 867 1629 911 rerum
1647 853 2013 911 mutationem
2036 868 2161 910 suc-

179 950 595 1010 cessurumque
619 933 809 992 iuveni
836 951 1054 1008 senem,
1081 932 1194 992 hoc
1221 942 1312 992 est
1341 935 1526 1011 ipsum
1549 933 1790 994 Neroni.
1830 934 1963 994 Non
1986 933 2162 993 multo

177 1024 313 1095 post
330 1017 386 1075 in
407 1014 753 1077 Cantabriae
775 1016 963 1077 lacum
987 1016 1204 1076 fulmen
1219 1016 1451 1095 decidit,
1477 1027 1865 1097 repertaeque
1878 1027 2007 1078 sunt
2025 1018 2162 1077 duo-

177 1101 362 1161 decim
385 1116 649 1177 secures,
676 1100 824 1161 haud
849 1100 1175 1177 ambiguum
1199 1118 1452 1181 summae
1476 1103 1701 1180 imperii
1727 1105 1972 1180 signum.

106 1205 154 1245 ιο
293 1184 405 1245 Per
439 1194 574 1253 octo
608 1202 790 1244 annos
829 1186 990 1245 varie
1023 1193 1080 1244 et
1118 1185 1563 1263 inaequabiliter
1607 1188 1963 1265 provinciam
1997 1186 2165 1262 rexit,
2188 1199 2221 1253 9

174 1271 360 1348 primo
392 1287 530 1330 acer
559 1279 615 1329 et
637 1269 966 1346 vehemens,
999 1279 1056 1328 et
1086 1270 1142 1328 in
1170 1269 1516 1329 coercendis
1541 1270 1771 1348 quidem
1801 1270 2031 1331 delictis
2069 1268 2163 1329 vel

173 1351 528 1412 immodicus.
571 1352 714 1413 Nam
739 1362 794 1413 et
823 1352 1195 1412 nummulario
1218 1371 1335 1413 non
1360 1373 1434 1413 ex
1459 1354 1571 1413 fide
1600 1356 1853 1414 versanti
1886 1356 2163 1434 pecunias

173 1455 375 1497 manus
398 1438 711 1514 amputavit
726 1453 1078 1514 mensaeque
1102 1438 1226 1495 eius
1248 1437 1467 1515 adfixit,
1499 1446 1559 1497 et
1582 1446 1851 1513 tutorem,
1879 1436 2032 1515 quod
2062 1454 2161 1513 pu·

174 1520 393 1599 pillum,
422 1522 509 1579 cui
538 1519 872 1579 substitutus
894 1519 1070 1579 heres
1093 1529 1248 1595 erat,
1290 1539 1515 1580 veneno
1541 1529 1839 1597 necasset,
1863 1537 2039 1579 cruce
2066 1518 2160 1578 ad·

104 1623 157 1663 15
175 1605 341 1672 fecit3
368 1603 808 1681 implorantique
844 1603 1011 1679 leges
1049 1612 1106 1662 et
1140 1604 1327 1662 civem
1360 1605 1677 1664 Romanum
1715 1621 1780 1662 se
1814 1604 2161 1678 testificanti,

177 1687 342 1764 quasi
366 1686 575 1745 solatio
607 1695 664 1744 et
692 1685 915 1745 honore
936 1686 1131 1764 aliquo
1160 1704 1408 1763 poenam
1443 1687 1764 1762 levaturus,
1789 1687 1990 1746 mutari
2023 1685 2161 1744 mul·

178 1780 356 1847 toque
382 1778 615 1847 praeter
641 1778 867 1828 ceteras
891 1768 1158 1830 altiorem
1183 1779 1241 1829 et
1265 1769 1590 1830 dealbatam
1615 1772 1783 1830 statui
1803 1788 2033 1830 crucem
2050 1772 2161 1837 ius7

177 1855 269 1913 sit.
313 1852 589 1913 Paulatim
612 1854 668 1911 in
691 1851 965 1912 desidiam
987 1854 1411 1933 segnitiemque
1438 1871 1757 1914 conversus
1789 1863 1898 1932 est,
1930 1872 2004 1913 ne
2031 1851 2171 1930 quid

175 1940 447 1999 materiae
472 1936 782 2017 praeberet
802 1936 1055 2017 Neroni,
1091 1946 1164 2015 et,
1192 1947 1249 1999 ut
1271 1938 1468 1999 dicere
1493 1938 1754 2016 solebat,
1795 1936 1963 2019 quod
1987 1954 2161 1998 nemo

102 2046 156 2086 zu
173 2023 480 2084 rationem
511 2022 621 2083 otii
644 2022 746 2081 sui
770 2022 1033 2083 reddere
1061 2029 1400 2101 coqeretur.

298 2104 649 2183 Carthagine
674 2123 824 2165 nova
846 2116 1190 2166 conventum
1214 2124 1399 2183 agens
1423 2107 1746 2167 tumultuari
1770 2106 1985 2167 Gallias
2009 2122 2160 2165 com·

174 2192 345 2270 perit,
372 2190 569 2267 legato
599 2189 942 2268 Aquitaniae
967 2191 1178 2251 auxilia
1202 2189 1581 2268 implorante;
1623 2198 2081 2270 supervenerunt
2105 2199 2162 2249 et

173 2274 433 2334 Vindicis
463 2274 690 2334 litterae
718 2272 1032 2351 hortantis,
1069 2284 1126 2333 ut
1163 2274 1409 2334 humano
1444 2277 1647 2352 generi
1685 2283 2037 2334 assertorem
2064 2273 2159 2333 du·

176 2375 420 2435 cemque
444 2375 508 2417 se
531 2356 956 2418 accomodaret.
1001 2357 1127 2417 Nec
1150 2357 1244 2417 diu
1270 2368 1592 2435 cunctatuS,
1620 2358 2005 2420 conditionem
2030 2375 2159 2435 par·

102 2460 157 2500 25
176 2445 273 2502 tim
295 2450 448 2500 metu
472 2442 676 2519 partim
701 2458 808 2519 spo
829 2443 1083 2520 recepit;
1112 2459 1239 2500 nam
1270 2450 1331 2500 et
1359 2442 1619 2502 mandata
1641 2441 1892 2502 Neronis
1918 2441 1990 2500 de
2015 2459 2160 2500 nece

176 2544 279 2585 sua
300 2524 370 2585 ad
397 2533 811 2602 procuratores
836 2524 982 2585 clam
1000 2526 1174 2584 missa
1203 2523 1612 2602 deprenderat,
1640 2536 1696 2585 et
1720 2524 2162 2586 confirmabatur

178 2628 304 2668 cum
329 2607 761 2667 secundissimis
788 2608 1061 2686 auspiciis
1081 2617 1138 2666 et
1170 2608 1456 2669 ominibus
1482 2611 1721 2688 virginis
1757 2609 2039 2670 honestae
2064 2626 2158 2667 va-

176 2693 527 2767 ticinatione,
549 2700 706 2751 tanto
729 2693 914 2768 magis
937 2690 1092 2768 quod
1118 2691 1320 2751 eadem
1343 2692 1441 2753 illa
1477 2695 1727 2753 carmina
1756 2692 2034 2754 sacerdos
2067 2691 2158 2751 Io-

175 2777 265 2835 vis
293 2773 533 2835 Cluniae
565 2793 639 2833 ex
662 2774 941 2853 penetrali
966 2777 1184 2834 somnio
1207 2778 1456 2836 monitus
1488 2786 1750 2854 eruerat,
1783 2786 1912 2836 ante
1948 2775 2157 2835 ducen-

99 2884 152 2923 so
176 2871 270 2922 tos
293 2875 477 2920 annos
500 2857 757 2918 similiter
779 2876 812 2917 a
835 2858 1063 2918 fatidica
1089 2859 1282 2937 puella
1315 2863 1699 2938 pronuntiata.
1754 2861 2008 2935 Quorum
2034 2877 2155 2918 car·

172 2945 381 3004 minum
424 2944 707 3002 sententia
742 2950 891 3018 erat,
947 2943 1246 3003 oriturum
1286 2944 1655 3025 quandoque
1714 2963 1793 3005 eoe
1847 2941 2161 3020 Hispania

165 3026 509 3108 principem
535 3026 959 3105 dominumque
983 3045 1207 3086 rerum.

294 3110 479 3189 Igitur
514 3129 639 3170 cum
681 3111 843 3188 quasi
885 3111 1311 3171 manumissioni
1361 3122 1666 3172 vacaturus
1719 3112 2158 3172 conscendisset
2183 3136 2246 3186 10

174 3195 450 3271 tribunal,
488 3196 807 3274 propositis
845 3204 975 3254 ante
1014 3213 1078 3254 se
1107 3194 1494 3255 damnatorum
1520 3199 1964 3275 occisorumque
1989 3214 2021 3255 a
2041 3195 2155 3256 Ne·

107 3302 158 3343 ³⁵
175 3297 317 3338 rone
341 3297 506 3357 quam
533 3279 791 3358 plurimis
813 3279 1152 3356 imaginibus
1176 3288 1234 3339 et
1255 3288 1480 3340 astante
1520 3278 1698 3340 nobili
1737 3296 1952 3358 puero,
1988 3297 2156 3358 quem

177 3362 500 3423 exulantem
527 3381 559 3421 e
589 3365 850 3441 proxima
872 3362 1097 3423 Baleari
1123 3364 1310 3423 insula
1337 3363 1413 3422 ob
1434 3363 1490 3423 id
1512 3366 1699 3441 ipsum
1724 3364 2032 3435 acciverat,
2058 3363 2154 3422 de·

176 3446 426 3524 ploravit
459 3456 781 3525 temporum
819 3456 1061 3522 statum,
1102 3447 1608 3525 consalutatusque
1643 3447 1958 3525 imperator
1995 3444 2153 3520 lega-

173 3539 289 3590 tum
319 3546 385 3587 se
417 3538 646 3588 senatus
669 3548 740 3590 ac
765 3529 963 3609 populi
987 3531 1056 3591 R.
1085 3532 1388 3609 professus
1403 3541 1509 3591 est.
1533 3531 1903 3591 Deiniustitio
1921 3525 2152 3602 indicto,
