2553 3960
981 278 1188 326 mvus
1235 277 1618 327 AUGUSTUS.
2218 268 2295 326 41

292 444 433 497 tem.
479 434 813 495 Profectum
846 450 986 493 mox
1029 432 1371 494 avunculum
1405 434 1463 492 in
1494 433 1804 513 Hispanias
1850 433 2129 494 adversus
2182 431 2302 493 CN.

294 520 538 599 Pompei
586 518 844 595 liberos,
889 517 1118 579 vixdum
1164 518 1359 578 firmus
1401 536 1433 577 a
1476 520 1643 596 gravi
1689 518 2029 593 valitudine,
2083 535 2191 596 per
2220 519 2301 576 in-

295 605 480 664 festas
523 601 789 662 hostibus
838 603 962 662 vias
1007 603 1370 681 paucissimis
1419 602 1726 661 comitibus
1771 603 2075 680 naufragio
2135 602 2304 660 etiam

296 690 458 749 facto
523 685 907 763 subsecutus,
984 705 1344 786 magnopere
1410 685 1724 763 demeruit,
1802 685 2123 766 approbata
2189 687 2304 745 cito

254 789 279 827 τ»
299 774 471 832 etiam
507 787 729 831 morum
758 769 961 848 indole
995 789 1176 851 super
1203 771 1427 831 itineris
1460 770 1816 833 industriam

428 853 681 916 Caesare
712 863 851 934 post
894 863 1167 935 receptas
1206 854 1513 933 Hispanias
1541 855 1975 934 expeditionem
2015 856 2073 915 in
2109 854 2308 916 Dacos

301 950 362 999 et
385 938 565 999 inde
546 959 604 999 ιιι
621 938 868 1000 Parthos
892 939 1247 1016 destinante,
1293 940 1644 1018 praemissus
1678 937 2053 1019 Apolloniam
2107 938 2308 1000 studiis
2341 967 2368 996 a
2397 965 2398 968 ¹

300 1025 549 1084 vacavit.
593 1024 788 1102 thue
815 1025 1057 1102 primum
1090 1026 1348 1085 occisum
1383 1040 1513 1082 eum
1545 1022 1938 1101 heredemque
1973 1041 2040 1083 se
2074 1040 2307 1103 compe-

297 1110 405 1185 rit,
453 1107 548 1168 diu
593 1115 892 1169 cunctatus
930 1127 1002 1168 an
1038 1109 1337 1188 proximas
1373 1107 1644 1184 legiones
1678 1109 2051 1187 imploraret,
2091 1108 2148 1169 id
2187 1109 2307 1188 qui-

230 1203 279 1243 ¹⁰
298 1192 431 1253 dem
454 1192 757 1252 consilium
777 1200 840 1251 ut
861 1210 1152 1272 praeceps
1166 1194 1617 1271 inmaturumque
1636 1194 1849 1269 omisit,
1882 1201 2141 1253 ceterum
2162 1192 2308 1252 urbe

298 1278 551 1356 repetita
603 1274 985 1336 hereditatem
1040 1276 1204 1352 adiit,
1283 1275 1578 1336 dubitante
1632 1286 1847 1354 matre,
1906 1279 2116 1338 vitrico
2160 1294 2307 1337 vero

297 1361 520 1422 Marcio
544 1359 816 1440 Philippo
843 1360 1135 1421 consulari
1175 1360 1413 1420 multum
1441 1359 1833 1422 dissuadente.
1894 1360 2088 1440 Atque
2123 1360 2196 1422 ab
2234 1377 2308 1420 eo

298 1454 566 1523 tempore
604 1444 961 1506 exercitibus
998 1446 1349 1525 comparatis
1381 1446 1622 1524 primum
1668 1463 1798 1506 cum
1825 1444 1904 1505 M.
1936 1444 2192 1526 Antonio
2229 1444 2306 1505 M.

301 1547 412 1607 que
456 1527 678 1608 Lepido
721 1527 929 1590 deinde
965 1538 1180 1590 tantum
1230 1547 1360 1588 cum
1399 1528 1657 1589 Antonio
1693 1548 1803 1609 per
1842 1529 2148 1589 duodecim
2182 1529 2309 1589 fere

229 1624 281 1664 ¹⁵
301 1629 520 1689 annos,
558 1613 877 1673 novissime
914 1633 1023 1693 per
1063 1622 1334 1693 quattuor
1377 1621 1437 1672 et
1470 1612 1847 1691 quadraginta
1890 1613 2052 1672 solus
2091 1630 2212 1672 rem
2249 1630 2307 1691 p.

300 1698 500 1756 tenuit.

430 1779 740 1860 Proposita
780 1782 935 1841 vitae
980 1781 1105 1841 eius
1128 1782 1291 1842 velut
1342 1798 1585 1856 summa,
1626 1789 1826 1861 partes
1850 1780 2185 1858 singillatim
2206 1800 2302 1841 ne-
2326 1791 2362 1845 9

301 1882 414 1943 que
462 1883 571 1944 per
605 1873 871 1944 tempora
906 1864 1009 1924 sed
1045 1883 1154 1945 per
1195 1867 1428 1945 species
1466 1883 1789 1943 exsequar,
1839 1883 1954 1944 quo
1990 1864 2311 1925 distinctius

301 1948 683 2010 demonstrari
715 1949 1119 2028 cognoscique
1150 1950 1396 2031 possint.

226 2044 284 2083 20
426 2032 592 2094 Bella
644 2033 839 2094 civilia
888 2036 1139 2114 quinque
1185 2036 1402 2112 gessit:
1471 2035 1828 2111 Mutinense,
1913 2034 2310 2114 Philippense,

300 2117 674 2195 Perusinum,
721 2117 1009 2194 Siculum,
1053 2118 1395 2186 Actiacum:
1432 2138 1466 2178 e
1500 2117 1706 2198 quibus
1741 2118 1984 2198 primum
2019 2137 2090 2179 ac
2117 2121 2310 2179 novis-

298 2203 504 2265 simum
541 2200 825 2262 adversus
860 2201 938 2262 Μ.
978 2201 1323 2279 Antonium,
1382 2203 1696 2263 secundum
1748 2201 2030 2263 adversus
2078 2201 2311 2264 Brutum

299 2294 360 2345 et
384 2283 679 2362 Cassium,
717 2288 946 2346 tertium
970 2286 1251 2347 adversus
1285 2286 1347 2347 L.
1379 2285 1690 2347 Antonium
1728 2288 2006 2348 triumviri
2050 2288 2308 2365 fratrem,

300 2377 566 2450 quartum
605 2369 886 2431 adversus
926 2371 1163 2432 Sextum
1195 2371 1531 2450 Pompeium
1558 2370 1678 2434 CN.
1709 2369 1776 2431 F.
1837 2371 2096 2432 Omnium
2122 2371 2305 2432 bello·
2330 2380 2394 2430 lo

226 2472 426 2514 25rnm
467 2454 685 2514 initium
714 2463 772 2515 et
815 2472 1043 2515 causam
1072 2455 1208 2515 hinc
1256 2458 1528 2535 sumpsit:
1567 2455 1705 2516 nihil
1741 2457 2177 2516 convenientius
2212 2455 2309 2515 du-

301 2557 442 2599 cens
486 2556 658 2618 quam
699 2556 905 2599 necem
951 2539 1218 2600 avunculi
1254 2540 1550 2601 vindicare
1594 2541 1857 2618 tuerique
1903 2549 2060 2618 acta,
2113 2539 2309 2601 confe-

298 2623 432 2682 stim
466 2631 527 2681 ut
563 2622 884 2702 Apollonia
912 2623 1115 2701 rediit,
1162 2623 1399 2684 Brutum
1450 2622 1826 2700 Cassiumque
1874 2631 1934 2682 et
1982 2625 2039 2682 vi
2073 2623 2311 2702 necopi-

299 2707 486 2766 nantis
522 2717 582 2767 et
618 2708 783 2787 (quia
818 2709 1116 2787 provisum
1162 2707 1488 2789 periculum
1534 2706 2040 2784 subterfugerant)
2077 2702 2312 2784 legibus

303 2789 546 2867 adgredi
592 2809 848 2870 reosque
888 2792 1084 2853 caedis
1129 2793 1387 2873 absentis
1430 2791 1661 2853 deferre
1715 2792 1929 2851 statuit.
1987 2789 2180 2851 Ludos
2215 2808 2310 2851 au-

229 2882 418 2938 aotem
453 2874 742 2936 victoriae
779 2873 1085 2953 Caesaris,
1130 2896 1248 2938 non
1292 2877 1636 2938 audentibus
1678 2876 1879 2936 facere
1926 2873 2133 2954 quibus
2164 2876 2311 2954 opti-

299 2968 469 3035 gerat
495 2958 554 3018 id
575 2976 813 3039 munus,
865 2961 996 3038 ipse
1026 2922 1247 3046 edidit<
1269 2960 1347 3022 Et
1376 2979 1491 3041 quo
1539 2962 1898 3022 constantius
1937 2968 2136 3020 cetera
2170 2974 2311 3039 quo·

299 3058 415 3121 que
445 3052 868 3122 exequeretur,
915 3046 973 3103 in
1017 3044 1212 3106 locum
1237 3045 1357 3107 ΤΒ.
1395 3045 1502 3106 PL.
1542 3046 1696 3106 forte
1731 3045 2014 3105 demortui
2047 3043 2311 3106 candida-

298 3134 417 3184 tum
453 3144 518 3185 se
564 3127 849 3204 ostendit,
901 3146 1223 3208 quanquam
1264 3130 1541 3208 patricius
1581 3128 1828 3190 necdum
1868 3136 2124 3188 senator.
2194 3127 2314 3189 Sed

299 3208 650 3270 adversante
709 3212 1012 3272 conatibus
1065 3216 1184 3273 suis
1235 3214 1313 3275 Μ.
1354 3213 1607 3275 Antonio
1667 3212 1938 3291 consule,
1999 3231 2169 3293 quem
2211 3212 2311 3272 vel

227 3320 280 3363 35
302 3295 686 3372 praecipuum
722 3294 1044 3357 adiutorem
1093 3306 1468 3377 speraverat,
1525 3317 1595 3359 ac
1636 3316 1709 3357 ne
1745 3295 2039 3377 publicum
2083 3296 2311 3376 quidem

300 3385 364 3436 et
406 3378 806 3440 translativum
839 3381 931 3441 ius
964 3380 1083 3442 ulla
1125 3384 1185 3441 in
1214 3401 1279 3442 re
1313 3380 1424 3441 sibi
1457 3384 1583 3442 sine
1621 3382 1897 3461 pactione
1929 3381 2311 3458 gravissimae

296 3462 588 3523 mercedis
622 3465 1024 3542 impertiente,
1078 3465 1148 3526 ad
1181 3467 1490 3546 optimates
1528 3483 1591 3525 se
1631 3465 1908 3540 contulit,
1946 3462 2152 3541 quibus
2182 3478 2310 3521 eum

296 3544 547 3606 invisum
587 3546 910 3627 sentiebat,
954 3551 1205 3609 maxime
1242 3550 1400 3629 quod
1431 3549 1503 3609 D.
1540 3548 1774 3609 Brutum
1812 3546 2118 3608 obsessum
2146 3543 2309 3602 Muti·
