2553 3960
973 259 1181 308 mvus
1215 259 1583 310 anumus.
2051 327 2061 334 ⁶
2154 249 2282 310 167

274 414 474 479 adulto
507 416 620 475 iam
664 415 784 476 filio
827 415 1154 496 privignum
1196 415 1529 492 adoptaret,
1575 414 1884 475 identidem
1938 415 2278 495 divulgavit,

273 499 571 562 nerninem
607 516 893 579 umquam
920 517 1041 577 per
1084 498 1479 578 adoptionem
1502 497 1791 576 familiae
1835 496 2143 560 Claudiae
2182 501 2274 561 in-

276 588 525 644 satum.

400 667 699 726 Sermonis
755 684 901 727 vero
963 684 1269 746 rerumque
1327 675 1538 727 tantam
1604 684 1785 746 saepe
1845 664 2363 743 neglegentiamam

223 766 253 806 s
276 748 553 827 ostendit,
582 759 643 809 ut
677 768 789 809 nec
827 752 953 829 quis
984 767 1096 809 nec
1125 751 1274 810 inter
1307 768 1490 828 quos,
1524 768 1717 828 quove
1750 758 2017 829 tempore
2041 767 2110 809 ac
2139 748 2275 810 loco

272 834 457 895 verba
506 834 766 911 faceret,
823 835 978 893 scire
1037 843 1133 893 aut
1183 835 1446 909 cogitare
1505 836 1948 894 existimaretur.
2020 832 2159 892 Cum
2203 833 2277 893 de

273 920 441 979 laniis
483 936 553 978 ac
585 918 818 977 vinariis
854 925 1160 993 ageretur,
1210 917 1557 978 exclamavit
1594 919 1650 976 in
1684 919 1873 978 curia:
1932 916 2110 995 Royo
2138 934 2274 992 vos,

274 1003 413 1083 quis
447 1007 658 1080 potest
687 1000 824 1060 sine
863 997 1056 1079 offula
1093 1000 1347 1061 vivere?
1408 1001 1840 1079 descripsitque
1880 999 2277 1061 abundantiam

276 1096 536 1148 veterum
571 1083 967 1160 tabernarum,
1011 1083 1160 1144 unde
1193 1084 1401 1145 solitus
1435 1095 1594 1145 esset
1639 1087 1829 1145 vinum
1872 1085 2008 1144 olim
2051 1092 2108 1142 et
2149 1086 2278 1161 ipse

201 1186 257 1229 ιο
261 1180 500 1270 petere:
543 1169 634 1230 De
665 1177 1011 1249 quaesturae
1043 1168 1293 1247 quodam
1327 1169 1630 1229 candidato
1658 1170 1807 1228 inter
1840 1185 2047 1228 causas
2075 1168 2275 1227 suffra-

261 1249 528 1332 gationis
564 1272 702 1314 suae
734 1254 965 1332 posuit,
1018 1252 1186 1331 quod
1207 1260 1395 1332 pater
1424 1254 1559 1314 eius
1580 1251 1885 1332 friqs‘dam
1921 1270 2112 1331 aeyro
2156 1249 2283 1312 sibi

274 1337 628 1415 tempestive
670 1336 958 1398 dedisset.
1032 1335 1271 1398 Inducta
1311 1346 1464 1397 teste
1507 1339 1564 1396 in
1603 1345 1842 1412 senatu,
1885 1333 2063 1397 Haec
2098 1337 2278 1415 inquit

271 1420 496 1482 matris
539 1437 714 1480 meae
762 1420 991 1482 liberta
1039 1426 1100 1480 et
1138 1421 1429 1481 ornatrix
1462 1419 1619 1498 fuit,
1666 1419 1783 1481 sed
1813 1438 1909 1480 me
1946 1425 2279 1499 patronum

273 1523 516 1583 semper
546 1504 965 1574 existimavi&
995 1503 1114 1563 hoc
1139 1503 1280 1565 ideo
1317 1503 1478 1581 dixi,
1514 1504 1682 1584 quod
1709 1504 1963 1584 quidam
1990 1508 2137 1563 sunt
2162 1501 2274 1562 ad·

204 1603 256 1646 ιο
273 1588 443 1650 huc
419 1608 484 1649 m
513 1587 694 1649 domo
732 1605 903 1661 mea,
951 1585 1058 1664 qui
1095 1604 1190 1645 me
1216 1594 1553 1665 patronum
1592 1607 1717 1649 non
1752 1593 1994 1667 putant.
2068 1586 2186 1645 Sed
2219 1594 2278 1645 et

275 1689 387 1752 pro
420 1671 724 1747 tribunali,
775 1667 1141 1731 Ostiensibus
1185 1671 1449 1748 quiddam
1490 1672 1724 1751 publice
1770 1670 2101 1746 orantibus,
2149 1688 2276 1729 cum

280 1753 727 1831 excanduisset,
772 1751 928 1814 nihil
968 1750 1201 1813 habere
1241 1772 1311 1815 se
1365 1756 1720 1816 vociferatus
1761 1764 1885 1832 est,
1924 1771 2123 1834 quare
2169 1770 2278 1814 eos

279 1838 711 1910 demereatur;
697 1837 800 1898 wi
825 1854 1000 1917 quem
1030 1836 1252 1915 alium,
1300 1846 1456 1900 etse
1495 1838 1756 1900 liberum
1791 1856 1946 1899 esse.
2001 1836 2148 1898 Nam
2177 1836 2275 1896 illa

154 1994 159 2001 ἐ
277 1925 404 1984 eius
462 1921 748 1983 cotidiana
799 1930 858 1982 et
909 1921 1081 2002 plane
1136 1924 1384 1984 omnium
1431 1922 1704 1983 horarum
1757 1932 1816 1983 et
1860 1930 2275 1983 momentorum

201 2022 257 2065 ιο
276 2016 469 2106 erant:
512 2004 704 2084 Quid,
744 2024 857 2086 eqo
888 2005 999 2068 tibi
1050 2004 1406 2087 Teleqenius
1445 2006 1713 2067 videor?
1766 2016 1825 2066 et
1866 1997 2109 2083 Λάλει,
2165 1997 2279 2065 καὶ

272 2081 362 2172 μὴ
389 2090 714 2191 θίγγανε]
752 2091 1042 2171 multaque
1071 2092 1208 2153 talia
1240 2092 1413 2152 etiam
1447 2091 1685 2170 privatis
1719 2090 2036 2169 deformia,
2068 2088 2278 2149 nedum

271 2177 551 2257 principi,
593 2194 782 2255 neque
813 2174 1123 2236 infacundo
1155 2194 1348 2255 neque
1376 2175 1649 2252 indocto,
1696 2177 1867 2235 immo
1898 2176 2068 2235 etiam
2098 2174 2274 2253 perti-

272 2261 493 2321 naciter
522 2259 862 2321 liberalibus
893 2259 1097 2320 studiis
1129 2259 1346 2320 dedito.

392 2343 703 2404 Historiam
747 2346 805 2402 in
851 2342 1280 2421 adulescentia,
1333 2343 1600 2405 hortante
1644 2343 1711 2404 Τ.
1756 2314 1953 2420 Livio,
2012 2341 2356 2420 Sulpicioss

202 2447 256 2488 25
275 2442 420 2486 vero
451 2425 634 2485 Flavo
671 2427 841 2485 etiam
873 2425 1208 2502 adiuvante,
1247 2427 1510 2487 scribere
1541 2426 1857 2504 adgressus
1890 2434 1998 2486 est.
2037 2424 2112 2486 Et
2147 2442 2273 2484 cum

279 2511 518 2590 primum
566 2508 858 2586 frequenti
921 2506 1204 2568 auditorio
1268 2511 1683 2586 commisisset,
1759 2528 1938 2587 aegre
1999 2509 2271 2588 perlegit,

274 2593 658 2670 refrigeratus
689 2609 871 2670 saepe
901 2609 935 2652 a
963 2600 1149 2651 semet
1177 2593 1330 2670 ipso.
1373 2592 1427 2652 N
1431 2610 1521 2652 am
1545 2611 1671 2652 cum
1700 2594 1862 2653 initio
1892 2593 2272 2669 recitationis,

276 2676 552 2737 defractis
610 2674 1004 2754 compluribus
1057 2675 1331 2736 subsellis
1380 2675 1668 2737 obesitate
1734 2676 2056 2754 cuiusdam,
2121 2678 2274 2736 risus

276 2768 516 2820 exortus
547 2768 738 2836 esset,
779 2777 853 2819 ne
896 2758 1098 2820 sedato
1146 2760 1377 2840 quidem
1415 2760 1652 2820 tumultu
1693 2770 2022 2841 temperare
2068 2761 2272 2839 potuit,

203 2856 259 2899 so
280 2843 415 2924 quin
443 2861 519 2904 ex
546 2843 856 2904 intervallo
888 2843 1129 2904 subinde
1156 2844 1297 2905 facti
1337 2846 1806 2906 reminisceretur
1843 2845 2273 2922 cachinnosque

274 2936 604 2989 revocaret.
683 2926 749 2987 In
803 2928 1127 3007 principatu
1182 2946 1417 3007 quoque
1469 2939 1529 2991 et
1578 2931 1815 3010 scripsit
1868 2930 2167 3008 plurimum
2213 2936 2275 2987 et

274 3012 506 3074 assidue
522 3013 791 3072 recitavit
813 3030 921 3091 per
944 3012 1247 3073 lectorem.
1276 3012 1500 3074 Initium
1523 3023 1712 3075 autem
1732 3015 1976 3092 sumpsit
1997 3012 2272 3073 historiae

275 3106 409 3176 post
439 3096 677 3156 caedem
710 3093 981 3158 Caesaris
1016 3097 1343 3175 dictatoris,
1392 3097 1500 3159 sed
1543 3108 1601 3159 et
1641 3099 1865 3159 transiit
1894 3096 1964 3157 ad
1993 3096 2272 3158 inferiora

275 3189 538 3261 tempora
568 3183 881 3259 coepitque
912 3199 946 3242 a
989 3199 1139 3260 pace
1170 3182 1361 3258 civili,
1407 3200 1535 3242 cum
1578 3183 1821 3243 sentiret
1862 3200 2052 3261 neque
2083 3179 2272 3242 libere

207 3275 259 3319 σε
279 3281 468 3343 neque
488 3282 636 3325 vere
666 3264 775 3324 sibi
805 3264 878 3325 de
905 3265 1306 3344 superioribus
1333 3265 1591 3327 tradendi
1615 3273 1966 3344 potestatem
1989 3266 2271 3342 relictam,

279 3357 583 3426 correptus
621 3366 801 3428 saepe
836 3357 895 3409 et
925 3368 958 3410 a
986 3358 1169 3410 matre
1202 3359 1262 3410 et
1297 3349 1369 3410 ab
1401 3352 1549 3411 avia.
1590 3349 1810 3411 Prioris
1843 3351 2119 3410 materiae
2157 3349 2271 3408 duo

278 3429 596 3507 volumina,
631 3434 974 3509 posterioris
1015 3450 1186 3493 unum
1218 3443 1276 3494 et
1306 3433 1681 3511 quadraginta
1711 3434 1960 3513 reliquit.
2019 3432 2270 3510 Compo-

279 3514 391 3573 suit
433 3523 491 3574 et
521 3513 620 3574 De
644 3514 776 3575 vita
803 3533 927 3577 sua
962 3526 1101 3578 octo
1134 3517 1460 3595 volumina,
1503 3519 1689 3596 magis
1718 3518 1916 3597 inepte
1951 3534 2120 3595 quam
2151 3516 2273 3575 ine-
