2553 3960
888 250 1098 304 mvus
1124 255 1620 304 vrrsPAsmsz.
2142 242 2262 303 229

263 423 443 473 trema
473 412 859 472 obtestatione
892 410 1169 471 ultionem
1200 411 1520 472 mandantis
1553 418 1612 469 et
1641 418 1702 469 ut
1730 410 1817 469 rei
1842 427 1899 488 p.
1926 408 2268 470 subveniret

264 499 553 576 optantis;
596 496 763 557 simul
794 513 990 555 rumor
1020 495 1363 575 dissipatus,
1403 495 1730 555 destinasse
1763 495 2045 555 victorem
2079 494 2262 556 Vitel-

262 581 394 641 lium
425 590 753 659 permutare
796 579 1036 640 hiberna
1079 581 1376 657 legionum
1423 589 1487 640 et
1521 578 1897 640 Germanicas
1945 579 2263 638 transferre

261 667 318 725 in
343 665 636 725 Orientem
662 663 732 724 ad
759 666 1119 724 securiorem
1148 664 1591 743 mollioremque
1615 663 1889 723 militiam.
1950 661 2265 724 Praeterea

211 764 236 803 5
263 769 339 810 ex
369 747 735 830 praesidibus
765 749 1197 827 provinciarum
1230 748 1481 809 Licinius
1511 747 1808 809 Mucianus
1855 756 1916 806 et
1957 765 1991 806 e
2022 746 2264 826 regibus

262 835 638 912 Vologaesus
668 832 933 908 Parthus,
967 832 1068 892 ille
1103 832 1371 912 deposita
1410 833 1718 907 simultate,
1756 849 1926 910 quam
1950 833 2008 891 in
2038 832 2094 892 id
2118 842 2261 891 tem-

261 938 371 998 pus
400 937 475 979 ex
505 916 889 978 aemulatione
919 934 1036 976 non
1069 915 1320 977 obscure
1362 915 1628 994 gerebat,
1661 917 1963 991 Syriacum
2000 918 2266 994 promisit

262 1004 614 1079 exercitum,
660 1001 756 1061 hic
807 1000 1188 1080 quadraginta
1232 1002 1388 1061 milia
1433 1001 1888 1079 sagittariorum.
1974 1001 2264 1080 Suscepto
2289 1008 2320 1062 7

259 1089 435 1166 igitur
464 1085 621 1147 civili
654 1085 813 1146 bello
845 1104 916 1146 ac
952 1084 1191 1144 ducibus
1230 1086 1536 1165 copiisque
1567 1086 1622 1143 in
1655 1083 1877 1146 Italiam
1904 1087 2261 1164 praemissis,

191 1185 241 1226 ιο
262 1175 485 1232 interim
520 1169 933 1231 Alexandriam
962 1171 1221 1247 transiit,
1255 1179 1315 1229 ut
1345 1170 1594 1230 claustra
1636 1169 1894 1249 Aegypti
1948 1172 2261 1249 optineret.

258 1257 369 1318 Hic
404 1275 531 1316 cum
567 1255 640 1315 de
678 1256 942 1315 firmitate
972 1255 1203 1334 imperii
1226 1263 1498 1332 capturus
1523 1255 1841 1332 auspicium
1864 1254 2069 1315 aedem
2093 1256 2262 1314 Sera-

262 1341 413 1420 pidis
444 1341 742 1400 summotis
775 1337 1039 1399 omnibus
1070 1339 1232 1400 solus
1262 1339 1555 1415 intrasset,
1590 1356 1661 1398 ac
1690 1339 2004 1418 propitiato
2029 1340 2264 1399 multum

265 1426 378 1485 deo
415 1423 645 1484 tandem
677 1442 740 1483 se
777 1425 1198 1499 convertisset,
1243 1422 1536 1482 verbenas
1583 1438 1954 1500 coronasque
2001 1432 2060 1482 et
2103 1423 2262 1502 pani-

264 1510 431 1586 ficia,
480 1517 540 1568 ut
578 1506 701 1567 illio
746 1507 1000 1582 assolet,
1051 1505 1339 1567 Basilides
1381 1505 1625 1566 libertus
1669 1505 1953 1565 obtulisse
2002 1508 2057 1565 ei
2105 1508 2267 1567 visus

194 1607 243 1648 15
266 1602 385 1661 est;
421 1610 591 1671 quem
620 1609 812 1668 neque
846 1589 1153 1650 admissum
1178 1608 1210 1650 a
1239 1606 1529 1668 quoquam
1553 1599 1612 1648 et
1634 1591 1745 1648 iam
1771 1589 1995 1667 pridem
2022 1600 2268 1669 propter

264 1694 575 1737 nervorum
606 1674 979 1734 valitudinem
1002 1674 1100 1733 vix
1130 1672 1358 1751 ingredi
1381 1673 1677 1751 longeque
1702 1672 1914 1732 abesse
1941 1675 2264 1734 constabat.

264 1760 355 1821 Ac
400 1761 586 1820 statim
634 1758 928 1818 advenere
969 1755 1231 1833 litterae,
1281 1757 1440 1816 fusas
1488 1756 1639 1836 apud
1687 1755 2033 1818 Cremonam
2063 1757 2266 1819 Vitelli

268 1845 495 1923 copias,
527 1843 715 1921 ipsum
748 1842 804 1901 in
836 1840 980 1900 urbe
1016 1842 1420 1919 interemptum
1449 1843 1790 1901 nuntiantes.

388 1927 727 1988 Auctoritas
777 1935 837 1986 et
886 1925 1050 2004 quasi
1089 1926 1364 1986 maiestas
1409 1925 1691 2006 quaedam
1721 1935 1782 1986 ut
1812 1925 2043 1988 scilicet
2079 1927 2264 2008 inopi-

194 2033 247 2073 ἰο
270 2023 404 2074 nato
442 2022 499 2072 et
530 2011 715 2072 adhuc
755 2027 911 2080 novo
952 2011 1201 2090 principi
1247 2008 1478 2079 deerat;
1520 2010 1668 2070 haec
1712 2028 1947 2090 quoque
1991 2014 2262 2073 accessit.

265 2098 313 2159 E
348 2096 523 2177 plebe
551 2096 779 2175 quidam
809 2095 1115 2155 luminibus
1150 2094 1411 2172 orbatuS,
1448 2096 1583 2154 item
1607 2094 1756 2155 alius
1780 2095 1956 2156 debili
1981 2115 2150 2156 crure
2174 2113 2265 2157 se-

266 2184 495 2243 dentem
523 2198 633 2260 pro
666 2179 937 2240 tribunali
969 2181 1190 2258 pariter
1223 2178 1514 2256 adierunt,
1562 2187 1796 2239 orantes
1841 2197 2016 2258 opem
2059 2180 2261 2241 valitu-

266 2268 381 2328 dini
411 2266 858 2326 demonstratam
881 2283 913 2325 a
948 2263 1233 2343 Serapide
1266 2282 1374 2343 per
1399 2262 1678 2341 quietem:
1709 2266 2100 2324 restituturum
2124 2281 2262 2325 ocu-

266 2351 392 2427 loS,
427 2352 473 2409 si
503 2350 845 2428 inspuisset;
893 2349 1356 2408 confirmaturum
1409 2365 1577 2423 crus,
1625 2348 1674 2406 si
1719 2348 2051 2426 dignaretur
2098 2347 2263 2409 calce

196 2457 249 2497 25
273 2435 634 2510 contingere.
723 2430 866 2493 Cum
912 2434 1014 2491 vix
1054 2431 1199 2491 tides
1241 2440 1404 2491 esset
1441 2431 1562 2490 ullo
1602 2431 1774 2492 modo
1806 2450 1930 2492 rem
1959 2451 2263 2493 successu-

268 2538 408 2596 ram,
439 2517 692 2596 ideoque
722 2534 798 2575 ne
830 2516 1085 2593 experiri
1117 2516 1347 2594 quidem
1378 2514 1649 2593 auderet,
1688 2525 1949 2577 extremo
1986 2517 2262 2577 hortanti-

268 2603 376 2664 bus
407 2602 604 2663 amicis
634 2601 824 2681 palam
851 2617 956 2678 pro
985 2601 1258 2659 contione
1281 2609 1582 2678 utrumque
1604 2601 1924 2679 temptavit,
1954 2620 2064 2661 nec
2091 2619 2263 2663 even-

269 2698 361 2748 tus
397 2685 598 2746 defuit.
659 2684 771 2745 Per
798 2682 949 2743 idem
980 2693 1206 2761 tempus
1235 2683 1473 2761 Tegeae
1506 2685 1560 2743 in
1594 2684 1846 2746 Arcadia
1874 2686 2143 2746 instinctu
2166 2704 2264 2746 va-

271 2770 621 2832 ticinantium
651 2768 871 2829 effossa
903 2776 1032 2827 sunt
1064 2776 1294 2829 sacrato
1330 2768 1464 2829 loco
1496 2787 1636 2829 vasa
1667 2770 1867 2849 operis
1894 2770 2145 2850 antiqui,
2184 2779 2264 2831 at-

202 2871 254 2913 30
274 2872 388 2935 que
421 2854 570 2913 iniis
602 2852 871 2914 assimilis
902 2853 1272 2932 Vespasiano
1307 2855 1521 2931 imago.

398 2937 557 2999 Talis
586 2947 858 3016 tantaque
890 2955 1016 2997 cum
1048 2937 1197 2997 fama
1230 2938 1286 2997 in
1310 2937 1511 2998 urbem
1536 2956 1811 2998 reversus
1830 2983 1846 3016 ,
1897 2947 2030 2999 acto
2074 2938 2147 2998 de
2175 2938 2263 3000 Iu·
2287 2955 2322 3010 8

270 3024 431 3085 daeis
472 3021 789 3101 triumpho,
835 3022 1169 3082 consulatus
1212 3030 1351 3082 octo
1399 3024 1584 3082 veteri
1624 3021 1862 3092 addidit;
1906 3025 2168 3103 suscepit
2209 3033 2265 3084 et

274 3123 594 3184 censuram,
631 3125 703 3167 ac
736 3124 843 3186 per
874 3115 1053 3166 totum
1081 3106 1307 3185 imperii
1338 3115 1565 3184 tempus
1597 3107 1736 3167 nihil
1758 3106 1955 3167 habuit
1979 3109 2265 3188 antiquius

272 3210 440 3271 quam
484 3210 675 3272 prope
721 3190 992 3251 afflictam
1031 3200 1438 3269 nutantemque
1471 3208 1594 3250 rem
1634 3209 1690 3269 p.
1735 3192 1993 3253 stabilire
2057 3195 2264 3275 primo,

203 3298 253 3338 35
275 3275 479 3336 deinde
512 3284 570 3337 et
598 3292 829 3335 ornare.
1959 3286 1963 3291 ’

395 3359 609 3421 Milites
641 3377 776 3439 pars
809 3359 1093 3420 victoriae
1129 3359 1357 3436 fiducia,
1392 3377 1528 3439 pars
1561 3360 1911 3437 ignominiae
1954 3363 2162 3423 dolore
2193 3361 2268 3423 ad

276 3461 499 3504 omnem
525 3444 816 3505 licentiam
848 3443 1258 3524 audaciamque
1288 3454 1733 3523 processerant;
1781 3446 1886 3506 sed
1936 3456 1994 3506 et
2035 3448 2265 3525 provin-

276 3528 403 3588 ciae
435 3528 816 3608 civitatesque
841 3528 1097 3606 liberae,
1127 3546 1238 3588 nec
1268 3546 1386 3589 non
1428 3537 1485 3588 et
1528 3548 1711 3607 regna
1751 3529 2030 3609 quaedam
2067 3529 2265 3589 tumul-
