2553 3960
341 257 421 316 74
510 267 568 316 c.
603 268 903 319 sum-om
939 271 1193 336 TRANQ.
1224 271 1321 317 DE
1355 271 1522 317 vrrA
1554 268 1920 318 CAESARUM
1950 269 2088 317 mn.
2120 268 2194 315 11.

339 422 635 484 stellarum
667 423 941 485 caelestis
977 444 1178 501 ursae,
1213 425 1318 485 sed
1349 434 1407 484 et
1444 425 1610 484 callis
1644 422 2015 503 quibusdam,
2053 441 2129 483 ex
2157 436 2344 504 prurt·

336 508 474 583 gine
518 509 789 586 corporis
832 508 1190 588 adsiduoque
1230 518 1290 568 et
1328 508 1653 568 vehementi
1696 506 1938 584 strigilis
1970 525 2074 566 usu
2106 507 2341 585 plurifa-

337 592 479 650 riam
520 594 812 651 concretis
855 591 925 652 ad
954 593 1308 671 impetiginis
1335 591 1596 652 formam.
1662 589 1998 651 Goxendice
2027 599 2085 650 et
2113 590 2341 651 femore

339 683 397 733 et
430 692 599 734 crure
632 675 867 735 sinistro
897 692 1015 735 non
1048 675 1291 754 perinde
1328 674 1588 753 valebat,
1623 683 1681 734 ut
1713 692 1896 754 saepe
1923 674 2094 734 etiam
2123 675 2338 735 inclau-

336 757 586 826 dicaret;
631 757 738 818 sed
774 759 1031 819 remedio
1072 759 1411 820 harenarum
1440 768 1610 838 atque
1641 757 2012 819 harundinum
2040 759 2337 820 conflrma-
2357 782 2388 825 s

334 841 521 901 batur.
574 840 830 903 Dextrae
870 859 1102 922 quoque
1145 861 1347 903 manus
1389 842 1625 920 digitum
1666 843 1978 904 salutarem
2017 850 2130 902 tam
2159 841 2337 902 imbe-

336 925 529 984 cillum
556 924 835 986 interdum
863 926 1163 1004 sentiebat,
1191 935 1250 986 ut
1271 935 1599 1004 torpentem
1620 935 2090 1005 contractumque
2112 925 2338 1003 frigore

333 1010 432 1068 vix
464 1009 666 1069 cornei
696 1010 897 1069 circuli
918 1010 1324 1090 supplemento
1345 1011 1668 1089 scripturae
1692 1009 2048 1070 admoveret.
2085 1009 2337 1084 Questus

335 1101 425 1151 est
470 1102 530 1152 et
568 1091 640 1151 de
678 1095 905 1170 vesica,
958 1096 1121 1153 cuius
1162 1093 1372 1153 dolore
1416 1092 1657 1155 calculis
1701 1094 1923 1153 demum
1967 1110 2074 1171 per
2116 1094 2337 1154 urinam

335 1177 540 1235 eiectis
570 1174 891 1236 levabatur.
2356 1202 2411 1245 ιο

246 1265 313 1321 81
462 1258 685 1320 Graves
728 1269 789 1320 et
829 1260 1195 1338 periculosas
1234 1262 1579 1323 valitudines
1629 1280 1735 1338 per
1778 1277 2004 1321 omnem
2035 1262 2208 1320 vitam
2233 1259 2335 1320 ali·

332 1351 474 1421 quot
514 1352 794 1421 expertus
835 1351 954 1413 est;
1003 1347 1320 1425 praecipue
1363 1345 1672 1407 Cantabria
1711 1344 1953 1421 domita,
2000 1362 2127 1403 cum
2166 1346 2335 1403 etiam

331 1425 798 1487 distillationibus
851 1428 1114 1487 iocinere
1169 1432 1371 1490 vitiato
1416 1429 1489 1491 ad
1531 1429 1998 1508 desperationem
2043 1426 2333 1498 redactus,

332 1512 678 1571 contrariam
724 1519 784 1571 et
819 1513 1127 1590 ancipitem
1154 1515 1437 1575 rationem
1466 1512 1730 1573 medendi
1760 1512 2097 1571 necessario
2128 1510 2332 1572 subiit:

331 1596 462 1674 quia
505 1593 691 1656 calida
730 1594 985 1655 fomenta
1025 1612 1139 1655 non
1185 1597 1526 1676 proderant,
1578 1595 1808 1673 frigidis
1858 1596 2045 1655 curari
2092 1604 2333 1655 coactus
2354 1620 2406 1662 ιε

331 1686 570 1739 auctore
595 1678 854 1738 Antonio
882 1678 1065 1740 Musa.

452 1761 740 1837 Quasdam
781 1771 840 1822 et
881 1764 1307 1832 anniversarias
1348 1783 1421 1824 ac
1462 1775 1728 1844 tempore
1761 1772 1925 1823 certo
1961 1771 2332 1822 recurrentes

331 1846 771 1924 experiebatur;
816 1864 944 1906 nam
984 1845 1090 1906 sub
1131 1848 1384 1907 natalem
1417 1868 1579 1907 suum
1614 1847 1953 1926 plerumque
1987 1844 2329 1923 languebat:

330 1938 390 1990 et
418 1930 580 1990 initio
610 1930 766 1989 veris
801 1930 1281 2009 praecordiorum
1304 1932 1606 1993 inflatione
1630 1929 2032 2010 temptabatur,
2063 1930 2331 1991 austrinis

329 2023 517 2076 autem
568 2014 1006 2092 tempestatibus
1054 2017 1394 2092 gravedine.
1487 2018 1681 2092 Quare
1734 2025 2005 2095 quassato
2052 2031 2403 2093 corpore,2o

240 2110 311 2166 62
328 2115 517 2176 neque
545 2097 769 2174 frigora
797 2115 986 2176 neque
1021 2108 1214 2159 aestus
1246 2100 1424 2160 facile
1452 2098 1759 2161 tolerabat.
1810 2099 2013 2158 Hieme
2037 2100 2331 2177 quaternis

332 2199 458 2241 cum
489 2182 689 2260 pingui
724 2190 866 2257 toga
895 2183 1102 2241 tunicis
1131 2192 1189 2242 et
1218 2184 1499 2245 subucula
1525 2192 1583 2243 et
1611 2182 1852 2243 thorace
1885 2183 2056 2243 laneo
2088 2190 2147 2241 et
2169 2183 2344 2241 femi·-

326 2263 552 2324 nalibus
583 2272 641 2323 et
670 2264 958 2325 tibialibus
986 2265 1377 2344 muniebatur,
1409 2276 1630 2328 aestate
1665 2269 1885 2347 apertis
1914 2265 2161 2327 cubiculi
2189 2265 2330 2325 fori-

325 2347 465 2424 bus,
511 2365 582 2408 ac
625 2365 806 2427 saepe
842 2350 900 2407 in
943 2350 1230 2427 peristylo
1274 2350 1520 2411 saliente
1562 2369 1710 2430 aqua
1741 2359 1912 2430 atque
1941 2352 2111 2411 etiam
2146 2350 2328 2410 venti-

327 2432 481 2492 lante
525 2431 720 2509 aliquo
766 2431 1028 2492 cubabat.
1095 2434 1252 2494 Solis
1283 2453 1427 2495 vero
1462 2454 1538 2495 ne
1566 2434 1792 2494 hiberni
1821 2434 2049 2514 quidem
2085 2434 2401 2511 patiens,2s

325 2515 477 2575 domi
525 2531 755 2593 quoque
796 2518 1024 2576 nonnisi
1054 2527 1350 2595 petasatus
1382 2518 1489 2578 sub
1520 2518 1656 2579 divo
1684 2518 2057 2597 spatiabatur.
2114 2516 2329 2578 Itinera

324 2599 538 2659 lectica
577 2608 636 2658 et
674 2599 945 2660 noctibus
983 2600 1144 2679 fere,
1187 2620 1371 2682 eaque
1412 2602 1567 2662 lenta
1598 2620 1669 2662 ac
1703 2604 1913 2662 minuta
1943 2600 2226 2678 faciebat,
2270 2609 2331 2660 ut

324 2682 641 2743 Praeneste
687 2683 783 2743 vel
815 2684 995 2744 Tibur
1032 2684 1206 2746 biduo
1253 2687 1640 2765 procederet;
1687 2704 1757 2747 ac
1792 2687 1840 2745 si
1871 2703 1987 2764 quo
2018 2685 2330 2764 pervenire

322 2768 465 2826 mari
508 2776 743 2845 posset,
788 2769 983 2845 potius
1022 2769 1350 2847 navigabat.
1425 2773 1640 2831 Verum
1687 2779 1902 2830 tantam
1947 2770 2329 2829 infirmitatem

323 2867 533 2927 magna
581 2868 716 2910 cura
745 2850 1042 2930 tuebatur,
1088 2855 1144 2911 in
1181 2855 1379 2930 primis
1409 2853 1638 2915 lavandi
1668 2855 1902 2913 raritate
1933 2851 2400 2933 (unguebaturao

324 2935 475 2994 enim
521 2934 811 3012 saepius).
875 2934 992 2995 Aut
1032 2935 1273 2996 sudabat
1312 2936 1384 2997 ad
1425 2938 1729 3012 flammam,
1774 2935 1982 2998 deinde
2019 2935 2327 3016 perfunde-

321 3016 489 3076 batur
538 3017 771 3094 egelida
817 3037 966 3098 aqua
1013 3020 1108 3079 vel
1152 3020 1283 3079 sole
1321 3021 1498 3081 multo
1540 3021 1868 3101 tepefacta;
1923 3030 2019 3081 aut
2060 3021 2328 3100 quotiens

325 3116 634 3159 nervorum
687 3120 860 3162 causa
911 3106 1144 3163 marinis
1200 3104 1526 3185 albulisque
1576 3104 1778 3165 calidis
1831 3104 2098 3164 utendum
2149 3111 2326 3180 esset,

306 3188 630 3240 contentus
663 3184 780 3246 hoc
806 3195 931 3247 erat
960 3196 1021 3246 ut
1053 3186 1310 3246 insidens
1342 3186 1541 3265 ligneo
1573 3189 1747 3266 solio,
1778 3187 1936 3268 qnod
1963 3191 2092 3267 ipse
2120 3186 2325 3267 Hispa-

325 3263 460 3320 nico
488 3264 673 3325 verbo
703 3266 960 3329 duretam
986 3270 1248 3347 vocabat,
1280 3288 1479 3331 manus
1501 3290 1571 3331 ac
1593 3272 1778 3351 pedes
1803 3272 2040 3333 alternis
2061 3273 2323 3331 iactaret.
2343 3290 2397 3332 ss

241 3352 315 3407 83
496 3343 960 3413 Exercitationes
1000 3362 1359 3434 campestres
1403 3373 1682 3433 equorum
1722 3364 1779 3415 et
1821 3372 2107 3415 armorum
2136 3355 2328 3415 statim

329 3434 466 3503 post
490 3428 706 3522 ucivilia
754 3432 909 3497 bella
959 3439 1151 3499 omisit
1201 3447 1262 3498 et
1315 3438 1387 3498 ad
1426 3439 1600 3518 pilam
1657 3442 1843 3517 primo
1887 3438 2326 3518 folliculumque

327 3515 579 3582 transut,
620 3528 755 3572 mox
784 3517 921 3577 nihil
957 3521 1107 3580 aliud
1139 3540 1305 3601 quam
1335 3521 1673 3583 vectabatur
1700 3533 1759 3582 et
1790 3520 2214 3599 deambulabat,
2244 3523 2325 3583 ita
