2553 3960
848 253 1262 303 PRAEFATIO.
1778 250 1958 300 xcm

155 415 260 470 niet
300 414 597 489 integram.
675 413 878 470 Horum
921 432 976 488 p.
1023 418 1153 484 304,
1200 419 1263 467 19
1306 416 1507 470 Pratis
1549 418 1832 469 servarunt
1859 411 1959 467 Ba-

157 497 391 554 silienses
436 498 547 555 duo
598 504 655 554 et
698 515 729 553 a
772 497 945 572 prima
988 513 1150 553 manu
1195 497 1610 573 Bambergensis
1660 497 1956 571 posterior,

149 584 330 652 partis
354 582 441 638 vel
464 581 705 655 parthis
733 581 819 637 vel
843 588 1049 653 partes
1067 581 1152 637 vel
1178 584 1445 654 partibus
1468 598 1582 652 sex,
1603 588 1815 651 partes
1842 597 1958 638 non

152 660 457 741 tibertism)
489 683 639 723 unus
667 665 831 721 habet
867 664 877 737 Ι
916 672 981 720 21
1008 668 1295 739 lulligines
1314 666 1501 723 Cicero
1532 681 1752 738 quoque
1781 665 1849 720 de
1879 664 1960 720 di-

156 749 251 804 vin.
277 756 329 818 2,
361 756 460 805 145
492 758 551 806 et
572 750 784 806 Plinius
812 767 866 811 n.
896 751 950 805 h.
987 755 1071 819 18,
1101 755 1198 804 361
1241 757 1446 807 norunt
1483 750 1493 823 Ι
1529 755 1598 804 28
1636 752 1812 806 litora
1854 748 1959 805 soli

156 833 281 889 Basil
310 837 357 888 1.
406 841 464 890 et
492 834 662 890 Bamb
684 840 739 904 2,
769 834 969 906 reliqui
996 837 1164 890 litore
1193 833 1394 890 babent
1431 828 1440 910 Ι
1478 839 1546 887 29
1581 834 1868 905 Numquid
1895 849 1958 888 ex

154 916 280 973 Basil
317 924 366 972 2.
422 919 651 993 recepi,
692 935 814 975 cum
856 920 1086 992 Ecquid
1110 917 1273 973 Bamb
1303 924 1369 987 2,
1411 917 1563 985 Quid
1586 917 1786 988 reliqui
1826 917 1960 973 offe-

156 1009 277 1056 rant.

265 1085 432 1160 Caput
473 1085 629 1158 quod
667 1086 1025 1161 perscribitur
1078 1105 1133 1161 p.
1177 1091 1309 1156 304,
1347 1091 1412 1139 32
1455 1102 1564 1142 non
1605 1084 1807 1141 habent
1850 1086 1956 1140 nisi

155 1170 296 1240 pauci
321 1169 478 1244 libri,
520 1170 848 1226 Basilienses
880 1170 1022 1240 du0,
1063 1169 1478 1244 Bambergensis
1517 1171 1700 1244 prior,
1738 1168 1959 1225 Bruxel-

154 1251 311 1307 ianus.
382 1253 605 1309 Primus
648 1242 691 1310 e'
718 1253 1008 1311 Bodleiano
1050 1254 1236 1310 codice
1278 1254 1508 1328 protulit
1547 1253 1773 1311 Iacobus
1823 1254 1957 1310 Gro-

154 1338 327 1391 novius
379 1355 427 1393 a.
481 1343 655 1407 1698,
709 1338 1012 1394 emendavit
1065 1339 1306 1412 quinque
1359 1338 1513 1394 libris
1566 1338 1767 1394 Italicis
1821 1355 1956 1393 usus

156 1420 393 1477 Arevalus
451 1422 661 1478 Romae
717 1439 764 1477 a.
823 1427 973 1476 1803.
1064 1423 1388 1496 Argumenti
1447 1439 1610 1478 causa
1652 1421 1958 1496 comparari

156 1512 369 1575 possunt
406 1505 656 1562 Isidorus
697 1507 918 1581 etymol.
960 1506 1102 1576 XIII,
1136 1512 1215 1560 17.
1253 1512 1334 1561 18.
1367 1513 1451 1567 21,
1494 1506 1627 1576 XIV,
1656 1511 1711 1575 8,
1740 1511 1839 1574 41;
1868 1511 1955 1558 43.

159 1594 207 1642 et
224 1588 409 1645 Festus
435 1607 481 1647 s,
506 1608 560 1650 ν.
578 1593 817 1663 flustra,
850 1593 1013 1661 tullii,
1046 1598 1295 1647 torrens.
1358 1589 1626 1647 Notabilia
1649 1590 1782 1645 haec
1804 1596 1958 1643 sunt:

157 1676 213 1724 32
231 1672 424 1730 Pratis
445 1690 644 1730 omnes
683 1669 693 1749 Ι
730 1679 796 1728 33
828 1676 1157 1731 Externum
1179 1674 1439 1730 Arevalus
1462 1690 1563 1749 pro
1586 1674 1925 1728 Extremum
1947 1665 1954 1749 Ι

160 1759 216 1809 36
242 1763 291 1812 et
315 1758 689 1815 Adriaticum
723 1758 877 1816 Bodl.
908 1758 1065 1814 Brux.
1097 1756 1261 1814 Bamb
1295 1765 1343 1821 1,
1379 1753 1401 1834 fl
1433 1762 1566 1828 305,
1595 1763 1627 1811 3
1674 1757 1834 1813 Vada
1863 1755 1959 1811 Ba-

159 1839 218 1894 sil
237 1847 282 1894 1.
303 1847 352 1895 3.
403 1861 582 1917 vaya,
614 1858 785 1916 vuya,
814 1860 1000 1916 vuaya
1029 1842 1227 1915 reliqui
1264 1839 1274 1915 Ι
1313 1847 1344 1896 5
1375 1843 1630 1899 brackea
1659 1842 1696 1895 i.
1731 1838 1954 1917 6.,βρα-

159 1917 247 1996 χέα
274 1924 583 1984 Odofredus
612 1926 805 1983 Mulier
832 1944 934 2002 pro
965 1928 1207 1984 brachia
1245 1925 1258 1997 Ι
1296 1932 1328 1980 9
1358 1927 1607 1985 Poenico
1636 1925 1722 1980 lac
1751 1925 1958 1983 Grono-

162 2009 264 2063 vius
289 2028 387 2083 pro
412 2014 647 2084 panico,
676 2015 911 2083 punico,
933 2014 1193 2082 pontico,
1219 2015 1497 2085 pontifico
1536 2005 1546 2089 Ι
1587 2018 1648 2065 11
1674 2012 1780 2068 sub
1797 2014 1958 2068 laetu

163 2090 293 2148 Bodl.
325 2097 563 2153 sublata
587 2095 844 2151 Arevalus
883 2092 893 2173 Ι
933 2101 996 2149 12
1016 2097 1321 2153 abstrusas
1340 2095 1492 2153 Bodl.
1518 2096 1678 2152 Brux.
1710 2094 1874 2151 Bamb
1907 2101 1955 2149 1.

165 2192 336 2234 omnes
385 2181 655 2236 latebras
696 2181 927 2236 sublata
968 2183 1113 2237 mole
1157 2181 1454 2238 abstrusos
1496 2184 1659 2237 sinus
1697 2178 1954 2236 Ribbeck.

164 2276 340 2318 omnes
364 2265 629 2320 latebras
659 2265 881 2321 obiecta
900 2268 1046 2322 mole
1069 2266 1337 2322 obstruas
1360 2269 1521 2322 sinus
1543 2280 1647 2339 ego
1688 2261 1698 2338 Ι
1739 2269 1801 2317 13
1825 2264 1957 2320 Alta

164 2340 239 2398 lac
267 2345 568 2403 Gronovius
596 2364 698 2422 pro
730 2355 888 2418 aota,
920 2356 1073 2419 cato,
1105 2351 1247 2406 alita
1287 2345 1297 2422 Ι
1338 2355 1401 2403 13
1425 2366 1539 2422 pro
1574 2351 1707 2421 polo
1735 2347 1876 2403 Basil
1904 2352 1958 2402 2.

164 2432 354 2499 populo
407 2431 565 2488 Bodl.
629 2449 812 2505 porro
868 2436 1087 2505 populo
1145 2449 1250 2507 ego
1303 2429 1313 2507 Ι
1364 2439 1427 2487 17
1485 2436 1589 2507 qui
1638 2431 1900 2488 Arevalus
1949 2425 1955 2509 Ι

170 2515 225 2563 18
256 2520 478 2573 torrens
523 2523 721 2573 terrae
759 2517 1019 2574 Arevalus
1061 2533 1127 2572 ex
1165 2516 1404 2573 Varrone
1435 2517 1501 2572 de
1530 2516 1568 2572 l.
1601 2515 1639 2572 1.
1673 2520 1737 2587 0,
1768 2522 1819 2572 6.
1884 2516 1961 2575 ‚de

170 2610 222 2649 re
256 2612 296 2651 r.
341 2605 401 2670 1,
440 2606 509 2671 2,
552 2605 585 2654 5
628 2607 684 2656 et
724 2600 886 2658 Festo
928 2618 973 2656 s.
1005 2618 1054 2662 v.
1085 2608 1346 2672 torrens,
1388 2602 1557 2657 invito
1586 2599 1823 2670 Isidoro,
1859 2601 1957 2654 cfr.

172 2681 367 2752 etymol.
429 2690 530 2755 13,
573 2690 669 2754 21,
712 2690 763 2738 2.
853 2685 1027 2742 differ.
1087 2690 1148 2756 1,
1191 2689 1295 2738 244
1331 2679 1342 2760 1
1382 2689 1444 2738 19
1500 2683 1653 2740 Tulli
1701 2681 1905 2738 Becker
1950 2677 1958 2761 Ι

173 2766 231 2815 20
266 2767 475 2825 Aniene
520 2767 607 2824 Iac
651 2768 953 2824 Gronovius
1006 2785 1107 2844 pro
1154 2771 1428 2839 aniense,
1474 2771 1825 2839 animensae,
1870 2782 1964 2825 as-

174 2849 337 2906 siense
371 2845 382 2928 Ι
417 2857 483 2907 21
520 2856 842 2925 praecipiti
893 2869 998 2927 ego
1041 2869 1143 2927 pro
1190 2856 1545 2926 praecipite,
1587 2853 1962 2926 praecipitia,

173 2938 529 3007 praecipium
570 2937 669 2993 cfr.
718 2937 973 2994 Horatius
1018 2954 1180 2993 carm.
1231 2943 1294 3008 1,
1339 2942 1402 3009 7,
1450 2943 1531 2991 13.
1605 2937 1809 2994 Statius
1839 2937 1956 2993 silv.

183 3020 233 3082 1,
257 3021 314 3088 5,
341 3024 423 3081 25,

283 3102 359 3167 Ad
395 3123 450 3179 p.
493 3110 627 3179 305,
666 3111 732 3158 22
773 3105 959 3161 decem
999 3104 1157 3175 libri,
1200 3106 1345 3161 terni
1385 3105 1709 3163 Basilienses
1751 3112 1808 3161 et
1834 3106 1963 3163 Ber·

182 3195 380 3257 nenses,
423 3187 539 3244 bini
587 3188 1016 3263 Bambergenses
1066 3195 1121 3244 et
1158 3190 1542 3261 Monacenses,
1582 3189 1766 3247 collati
1806 3200 1961 3248 sunt:

230 3395 240 3406 .
295 3333 374 3398 91)
409 3335 472 3384 Id
510 3348 580 3385 ex
607 3335 940 3399 glossemate
966 3351 1143 3387 nomen
1166 3328 1287 3387 libri
1318 3337 1633 3389 accrevisse
1658 3343 1808 3401 puto.
1873 3338 1963 3389 Si—
2001 3349 2003 3352 ’

184 3395 359 3473 quliter
392 3405 533 3453 enim
568 3419 621 3468 p.
649 3405 767 3465 304,
794 3406 859 3454 32
898 3403 967 3453 ad
989 3404 1170 3454 Pratis
1206 3405 1514 3470 complures
1548 3403 1680 3454 libri
1714 3408 1766 3456 in
1800 3422 1960 3456 anna·

184 3460 289 3513 lebas
318 3468 398 3518 vel
429 3475 479 3521 in
514 3470 781 3521 annalibus
813 3471 957 3521 libris
989 3479 1208 3536 patrum,
1246 3478 1305 3522 et
1339 3487 1392 3536 p.
1431 3474 1549 3535 305,
1572 3474 1605 3522 9
1644 3472 1711 3522 ad
1747 3476 1800 3522 in
1834 3473 1963 3523 betto

186 3526 375 3586 Poenico
411 3537 654 3589 additum
689 3538 897 3589 habent
929 3541 983 3589 in
1016 3540 1365 3605 inscriptione.
