2553 3960
268 141 388 204 308
806 151 866 199 c.
912 150 1240 200 sumonn
1287 150 1715 215 TRANQmLm

390 306 580 388 Lupus
624 318 681 368 et
722 309 893 387 lepus
931 306 1177 366 similem
1219 305 1436 366 habent
1474 323 1713 382 vocem,
1756 322 1871 366 non
1906 305 2155 365 similem
2182 306 2284 366 de-

266 392 659 461 clinationem
694 393 835 454 facit
864 393 1014 452 enim
1043 391 1214 471 lepus
1244 388 1408 469 poris
1451 399 1511 450 et
1541 389 1710 470 lupus
1741 392 1817 469 pi.

389 476 686 555 Expertus
746 486 803 537 et
848 475 1592 556 experrectusJ‘expertus
1638 475 1694 533 in
1735 493 1802 534 re
1836 473 2031 552 aliqua
2078 475 2179 536 vel
2224 478 2282 536 in

264 563 526 640 negotio,
556 570 938 641 experrectus
974 579 1006 620 a
1040 577 1242 621 somno
1272 569 1331 619 et
1348 560 1575 636 quiete;
1609 560 1687 617 ita
1717 558 1860 618 illud
1884 560 2138 621 ,astutiae
2168 569 2283 640 est,

263 646 380 707 hoc
409 648 670 706 inertiae.
2304 664 2329 703 5

390 729 592 810 Spolia
623 739 681 790 et
712 730 966 790 exuviae·
990 729 1125 808 qnid
1156 726 1462 807 differunt]
1530 727 1719 806 spolia
1764 729 1945 788 saucii
1994 728 2282 805 gladiato-

263 816 342 874 ris
386 823 444 873 et
485 815 624 874 victi
673 832 810 874 esse
854 813 1147 889 dicuntur,
1203 814 1451 872 exuviae
1494 812 1550 870 in
1590 809 1750 871 bello
1794 811 2085 872 interfecti
2116 812 2282 873 ducis

263 900 644 960 nominantur.
1684 937 1685 940 κ

393 981 593 1044 Certat
622 991 681 1042 et
713 983 1002 1062 certatur]
1065 989 1325 1042 certatur
1358 979 1599 1040 verbum
1635 988 1725 1040 est
1758 981 2117 1055 nominandi,
2154 999 2283 1041 cum

266 1068 472 1148 aliquis
501 1068 557 1127 in
580 1066 712 1127 foro
743 1075 838 1127 aut
865 1069 923 1126 in
956 1066 1092 1126 loco
1112 1073 1398 1134 certatur;
1426 1074 1609 1125 certat
1641 1074 1829 1125 autem
1853 1064 1955 1124 ille
1992 1082 2119 1124 cum
2152 1065 2281 1126 illo.
2303 1088 2354 1129 10

392 1151 453 1210 Si
486 1168 730 1209 aeneum
760 1158 954 1226 esset,
987 1167 1091 1209 aes
1122 1151 1287 1209 aenis
1318 1150 1486 1209 fieret
1513 1150 1773 1226 genitivo
1814 1167 1982 1218 casu3
2018 1166 2143 1208 cum
2175 1168 2283 1209 aes

265 1236 420 1297 aeris
449 1234 653 1309 faciat,
691 1251 925 1294 aereum
957 1233 1220 1309 dicimus,
1251 1242 1313 1293 ut
1336 1234 1466 1312 ipse
1498 1234 1781 1311 Virgilius
1818 1234 1925 1293 ait:
1956 1250 2286 1314 nexaeque

264 1316 429 1381 Aere
469 1316 717 1397 trabes,
753 1325 813 1377 et
852 1316 953 1378 ille
999 1317 1210 1377 artifex
1261 1319 1522 1378 aerarius
1568 1318 1806 1396 dicitur,
1842 1334 1959 1390 non
1987 1320 2280 1378 aenarius.

386 1401 605 1463 Neutra
636 1419 1033 1482 quaecumque
1066 1401 1275 1480 plurali
1307 1419 1546 1461 numero
1578 1402 1636 1461 in
1666 1402 1721 1462 ia
1763 1410 1976 1461 exeunt
2004 1420 2141 1462 casu
2176 1420 2283 1463 no-

265 1488 536 1547 minativo
558 1532 575 1563 ,
626 1505 694 1547 ea
737 1488 1012 1564 genetivo
1056 1503 1195 1545 casn
1237 1487 1296 1545 in
1325 1487 1438 1545 ium
1470 1485 1767 1562 dicuntur,
1799 1494 2087 1565 tamquam
2118 1486 2354 1550 doci-15

265 1572 341 1632 lia
371 1570 566 1632 facilia
610 1570 782 1649 agilia
829 1570 1118 1645 forensia,
1172 1568 1313 1630 facit
1342 1570 1491 1630 enim
1520 1570 1827 1647 singularis
1860 1585 2131 1628 numerus
2164 1571 2287 1630 hoc

264 1655 503 1716 forense
545 1664 602 1714 et
647 1654 862 1716 docile.
934 1654 1079 1716 Item
1122 1672 1250 1714 cum
1284 1653 1498 1714 docilia
1542 1655 1801 1731 genitivo
1837 1671 1976 1713 casu
2006 1654 2287 1714 docilium

265 1740 440 1800 faciat
484 1739 715 1817 agilium
758 1748 815 1798 et
860 1739 1145 1814 facilium,
1204 1738 1447 1798 dicimus
1490 1737 1807 1798 forensium
1845 1754 1960 1797 non
1989 1736 2284 1798 forensio-

266 1842 420 1891 rum;
453 1824 530 1882 ita
563 1822 756 1883 dativo
798 1832 855 1883 et
887 1822 1144 1884 ablativo
1180 1840 1319 1882 casu
1353 1822 1414 1881 fit
1449 1821 1780 1882 forensibus
1825 1819 2076 1899 agilibus
2109 1831 2171 1882 et
2200 1822 2286 1883 fa·-

267 1907 493 1967 clllbus.
2304 1935 2352 1974 20

389 1991 647 2052 Amictus
691 2001 783 2052 est
814 1993 902 2051 rei
933 2009 1082 2071 quae
1115 1993 1378 2052 amicitur
1414 2008 1646 2069 nomen,
1696 1991 1937 2053 amictus
1970 1998 2140 2054 veste
2171 1991 2286 2054 cir-

267 2075 582 2135 cumdatus.

390 2157 550 2218 Inter
592 2158 813 2219 annale·
844 2167 902 2218 et
943 2176 1186 2221 annuum
1230 2168 1290 2220 et
1336 2160 1695 2240 anniculum]
1746 2162 1966 2222 annalis
2008 2161 2160 2223 liber
2192 2172 2289 2223 est

267 2243 364 2322 qni
406 2259 591 2302 annua
615 2252 759 2301 -acta
807 2244 1095 2319 continet,
1149 2262 1368 2304 annuus
1407 2244 1627 2304 fructus
1679 2246 1775 2322 qni
1817 2262 1924 2305 suo
1957 2246 2106 2306 redit
2139 2257 2286 2307 tem-

266 2343 444 2405 pore,
489 2327 788 2387 anniculus
819 2336 1014 2407 potest
1048 2327 1160 2388 dici
1190 2329 1377 2389 infans
1409 2328 1507 2387 vel
1537 2328 1691 2389 alind
1715 2330 1942 2390 animal.
2304 2360 2352 2399 25

389 2408 547 2470 Inter
589 2411 855 2472 mendum
897 2420 955 2472 et
996 2412 1390 2492 mendacium]
1446 2411 1709 2472 mendum
1760 2423 1851 2474 est
1889 2415 2112 2493 scripto
2144 2416 2175 2455 *
2226 2425 2289 2475 et

266 2512 300 2555 a
329 2503 578 2555 mentum
609 2504 859 2556 mentax.

393 2578 551 2639 Inter
586 2588 682 2640 aut
711 2588 769 2639 et
803 2579 936 2660 vel]
984 2587 1080 2639 aut
1105 2580 1479 2641 necessitatis
1512 2590 1634 2657 est,
1675 2580 1773 2641 vel
1806 2580 2141 2643 voluntatis.

392 2661 550 2723 Inter
592 2681 1093 2742 supervacaneum
1126 2673 1187 2724 et
1215 2666 1676 2743 supervacuum-J
1739 2682 2139 2743 supervacuus
2187 2685 2287 2726 cu-

265 2749 353 2807 ius
386 2766 523 2808 usus
553 2749 611 2807 in
643 2748 937 2825 praesenti
964 2748 1178 2808 inutilis
1209 2757 1332 2825 est,
1365 2750 1739 2810 necessarius
1783 2758 1974 2809 autem
2023 2749 2283 2820 futurns;
2304 2773 2354 2816 ao

268 2848 737 2911 supervacaneus
770 2841 860 2898 est
897 2832 1059 2892 cuius
1089 2850 1226 2891 usus
1251 2833 1405 2892 omni
1439 2843 1703 2912 tempore
1735 2850 2137 2911 supervacuus
2172 2844 2284 2895 est.

390 2914 547 2994 Erga
589 2934 680 2976 me
728 2925 788 2976 et
830 2915 1114 2976 adversus
1162 2933 1255 2975 me
1285 2917 1400 2977 hoc
1430 2916 1656 2993 differt,
1693 2917 1848 2996 quod
1878 2917 2124 2977 alterum
2157 2920 2288 2998 pie·

266 3000 397 3059 tatis
430 3010 520 3079 est
550 3010 608 3061 et
636 2999 1105 3076 benivolentiae,
1137 3001 1381 3060 alterum
1413 3002 1819 3061 contentionis.

392 3082 550 3143 Inter
596 3083 903 3145 barbarum
954 3093 1012 3143 et
1056 3082 1448 3164 barbaricum]
1513 3084 1823 3146 barbarum
1880 3095 1972 3145 est
2024 3087 2287 3154 moribus

267 3165 365 3225 vel
421 3184 725 3246 sermone,
782 3167 1149 3229 barbaricum
1202 3171 1403 3247 operis
1462 3169 1956 3230 demonstratione
1995 3169 2136 3232 facit
2185 3171 2356 3234 velas

267 3258 505 3309 textum.

385 3332 671 3410 Specular
712 3351 782 3393 an
826 3336 1173 3416 speculare]
1234 3335 1437 3397 Omnia
1482 3346 1686 3398 neutra
1730 3353 1883 3417 quae
1928 3336 2141 3415 plurali
2182 3357 2289 3398 nu·

266 3430 429 3473 mero
473 3431 583 3491 per
622 3415 674 3474 ia
708 3419 999 3479 enuntiata
1022 3419 1267 3496 fuerint,
1326 3439 1452 3481 cnm
1485 3421 1555 3481 ad
1598 3421 1950 3498 singularem
1990 3438 2291 3483 nnmerum
