2553 3960
1171 232 1452 280 OTHO.
2127 221 2246 284 2n

245 385 417 446 alium
451 385 564 446 alia
599 386 693 447 via
734 387 976 447 militum
1011 386 1434 448 demerebatur.
1495 385 1733 449 Cuidam
1768 390 1939 449 etiam
1971 387 2045 448 de
2082 398 2250 466 parte

245 472 439 530 linium
464 487 591 530 cum
616 472 809 532 vicino
829 471 1097 549 litiganti,
1122 470 1411 531 adhibitus
1425 470 1665 550 arbiter,
1690 480 1869 532 totum
1894 490 2097 550 agrum
2116 471 2246 533 red·

245 555 381 615 emit
418 557 948 635 emancipavitque;
998 564 1058 615 ut
1104 557 1216 616 iam
1251 558 1352 616 vix
1388 555 1540 615 ullus
1564 564 1744 633 esset,
1771 558 1867 635 qui
1897 573 2014 615 non
2036 564 2095 615 et
2115 574 2245 616 sen·

243 641 378 699 tiret
406 648 467 699 et
488 640 856 717 praedicaret
888 639 1075 701 solum
1110 642 1493 701 successione
1529 642 1757 719 imperii
1782 639 2036 718 dignum.
2095 641 2243 719 Spe·
2266 647 2300 698 5

195 754 224 794 5
244 731 478 783 raverat
499 732 690 785 autem
713 725 845 785 fore
868 733 930 785 ut
957 724 1334 803 adoptaretur
1355 743 1389 784 a
1414 723 1618 802 Galba,
1643 724 1821 803 idque
1846 727 1903 784 in
1927 723 2054 784 dies
2068 742 2246 803 expe-

246 807 457 868 ctabat.
503 808 620 869 Sed
646 817 955 888 postquam
979 808 1195 869 Pisone
1219 807 1484 887 praelato
1503 826 1612 887 spe
1629 807 1864 886 decidit,
1889 808 1962 869 ad
1982 810 2095 868 vim
2112 825 2248 868 cons-

241 910 448 951 versus
482 900 590 971 est,
616 894 930 970 instigante
954 911 1132 972 super
1155 893 1327 952 animi
1360 891 1625 952 dolorem
1655 894 1827 953 etiam
1855 892 2249 970 magnitudine

242 978 397 1038 aeris
420 976 614 1037 alieni.
648 976 856 1056 Neque
882 978 1034 1037 enim
1053 975 1471 1053 dissimulabat,
1494 976 1975 1055 nisiprineipem
1988 994 2056 1036 se
2075 981 2250 1036 stare

239 1079 365 1123 non
389 1078 583 1140 posse
594 1085 627 1132 ,·
665 1060 938 1141 nihilque
963 1059 1207 1140 referre
1236 1059 1319 1120 ab
1349 1059 1526 1122 hoste
1564 1061 1632 1122 in
1674 1061 1814 1123 acie
1871 1077 1956 1122 an
1996 1060 2061 1120 in
2100 1059 2249 1138 foro

172 1170 223 1211 ιο
241 1144 356 1206 sub
388 1145 806 1208 creditoribus
840 1144 1111 1206 caderet.
1167 1143 1324 1204 Ante
1350 1163 1572 1223 paucos
1609 1144 1737 1206 dies
1770 1163 1946 1205 servo
1974 1143 2250 1205 Caesaris

242 1247 350 1309 pro
387 1231 695 1309 impetrata
728 1229 1166 1309 dispensatione
1207 1228 1410 1289 decies
1459 1232 1789 1289 sestertium
1837 1237 2246 1307 expresserat;

241 1315 356 1376 hoc
377 1314 694 1375 subsidium
715 1315 856 1375 tanti
883 1317 1080 1393 coepti
1103 1314 1229 1374 fuit.
1291 1312 1383 1374 Ac
1412 1315 1598 1393 primo
1624 1315 1879 1393 quinque
1915 1311 2247 1392 speculato-

240 1398 400 1458 ribus
430 1401 737 1459 commissa
760 1417 859 1458 res
884 1407 992 1476 est,
1022 1397 1233 1458 deinde
1256 1395 1462 1457 decem
1484 1398 1636 1475 aliis,
1666 1415 1815 1477 quos
1842 1396 2055 1475 singuli
2077 1395 2248 1456 binos

243 1481 663 1562 produxerant;
707 1481 973 1543 omnibus
1011 1481 1163 1542 dena
1202 1483 1476 1542 sestertia
1512 1489 1954 1561 repraesentata
1997 1489 2055 1540 et
2085 1481 2247 1558 quin-

171 1589 221 1628 ιε
243 1584 508 1646 quagena
535 1567 843 1646 promissa.
890 1565 1003 1626 Per
1025 1565 1137 1626 hos
1167 1564 1468 1625 sollicitati
1490 1564 1722 1644 reliqui,
1749 1583 1861 1624 nec
1882 1563 2032 1624 adeo
2052 1562 2246 1638 multi,

241 1650 392 1713 haud
415 1650 587 1712 dubia
608 1650 849 1726 fiducia,
884 1650 943 1709 in
980 1650 1114 1728 ipso
1150 1650 1393 1725 negotio
1428 1647 1611 1727 pluris
1647 1648 1966 1709 adfuturos.
2012 1646 2248 1708 Tulerat
2269 1651 2302 1706 6

242 1737 462 1796 animus
490 1743 628 1813 post
646 1733 1021 1811 adoptionem
1044 1733 1235 1793 statim
1257 1740 1446 1792 castra
1464 1750 1759 1811 occupare
1790 1740 2247 1809 caenantemque

242 1821 300 1879 in
336 1817 557 1879 Palatio
598 1816 839 1879 Galbam
872 1815 1151 1895 adgredi,
1188 1815 1296 1875 sed
1331 1814 1556 1876 obstitit
1600 1824 1910 1895 respectus
1962 1813 2244 1891 cohortis,

243 1920 393 1984 quae
419 1911 556 1971 tunc
582 1900 928 1980 excubabat,
957 1919 1032 1960 ne
1057 1906 1397 1961 oneraretur
1419 1899 1654 1977 invidia,
1680 1899 1834 1979 quod
1860 1899 2117 1960 eiusdem
2130 1907 2244 1959 sta·

171 2014 225 2055 20
243 1991 401 2050 tione
426 1997 485 2048 et
509 1987 685 2049 Gaius
706 1987 897 2047 fuerat
920 1987 1154 2048 occisus
1179 1994 1240 2045 et
1272 1983 1540 2045 desertus
1565 1984 1745 2046 Nero.
1814 1983 2068 2046 Medium
2102 2000 2244 2063 quo-

243 2090 356 2155 que
381 2082 610 2152 tempus
630 2071 844 2149 religio
863 2080 926 2132 et
950 2070 1236 2132 Seleucus
1256 2070 1491 2129 exemit.

373 2156 536 2235 Ergo
564 2156 851 2218 destinata
874 2155 991 2233 die,
1018 2154 1396 2234 praemonitis
1422 2154 1678 2215 consciis
1697 2162 1760 2214 ut
1781 2172 1850 2214 se
1888 2154 1947 2212 in
1978 2152 2111 2214 foro
2136 2151 2244 2213 sub

243 2241 389 2303 aede
412 2242 640 2303 Saturni
665 2239 738 2303 ad
755 2240 1063 2302 Miliarium
1084 2256 1321 2300 aureum
1351 2240 1780 2317 opperirentur,
1803 2255 1972 2299 mane
2003 2235 2244 2298 Galbam

244 2325 543 2403 salutavit,
578 2335 756 2404 utque
794 2331 1183 2385 consueverat
1217 2321 1425 2383 osculo
1462 2331 1784 2400 exceptus,
1815 2323 1988 2382 etiam
2025 2320 2242 2381 sacrifl-

170 2439 226 2480 25
248 2411 400 2471 cauti
424 2409 682 2470 interfuit
706 2407 1037 2487 audivitque
1063 2406 1363 2486 praedicta
1384 2405 1730 2486 haruspicis.
1768 2404 1994 2466 Deinde
2030 2403 2241 2464 liberto

244 2493 453 2555 adesse
473 2492 830 2554 architectos
851 2494 1180 2569 nuntiante,
1206 2489 1364 2570 quod
1388 2491 1617 2568 signum
1650 2497 2039 2566 convenerat,
2077 2488 2242 2567 quasi

241 2578 510 2638 venalem
532 2576 761 2637 domum
783 2577 1154 2655 inspecturus
1176 2574 1489 2653 abscessit,
1516 2575 1918 2654 proripuitque
1931 2590 1997 2633 se
2013 2574 2243 2652 postica

242 2670 410 2742 parte
432 2661 616 2723 Palati
643 2659 717 2721 ad
751 2661 1140 2721 constitutum.
1182 2658 1303 2719 Alii
1336 2658 1563 2719 febrem
1585 2658 1892 2719 simulasse
1913 2658 2071 2717 aiunt
2089 2673 2239 2717 eam·

244 2763 358 2825 que
384 2746 820 2806 excusationem
842 2744 1127 2825 proximis
1165 2743 1503 2821 mandasse,
1540 2744 1591 2803 si
1617 2750 2014 2822 quaereretur.
2079 2739 2242 2801 Tunc

170 2845 225 2888 ao
245 2829 473 2890 abditus
501 2846 755 2909 propere
774 2828 1041 2891 muliebri
1065 2827 1214 2889 sella
1236 2828 1296 2887 in
1320 2835 1510 2889 castra
1534 2826 1850 2904 contendit,
1875 2844 1946 2887 ac
1967 2824 2239 2886 delicien-

241 2914 398 2976 tibus
433 2914 731 2975 lecticaris
762 2931 892 2974 cum
923 2912 1329 2974 descendisset
1363 2929 1707 2990 cursumque
1732 2911 2012 2991 cepisset,
2042 2908 2240 2969 laxato

242 2999 449 3062 calceo
475 2999 708 3077 restitit,
746 2996 936 3059 donec
958 2998 1179 3058 omissa
1196 3014 1358 3059 mora
1383 2995 1757 3073 succollatus,
1783 3003 1843 3056 et
1866 3012 1899 3054 a
1927 2999 2241 3072 praesente

242 3085 514 3146 comitatu
542 3084 858 3163 imperator
885 3081 1309 3159 consalutatus,
1341 3081 1494 3141 inter
1533 3080 1755 3142 faustas
1792 3076 2240 3140 adclamationes

242 3170 596 3247 strictosque
630 3167 864 3246 gladios
897 3165 971 3229 ad
1006 3166 1294 3246 principia
1334 3165 1602 3243 devenit,
1646 3164 1824 3226 obvio
1858 3180 2092 3242 quoque
2125 3178 2240 3221 non

172 3266 225 3309 ss
243 3254 413 3316 aliter
433 3271 505 3315 ac
529 3254 577 3313 si
603 3253 877 3314 conscius
906 3260 965 3313 et
986 3252 1288 3330 particeps
1319 3249 1475 3310 foret
1503 3249 1876 3311 adhaerente.
1922 3246 2012 3310 Ibi
2046 3246 2241 3307 missis

245 3339 341 3417 qui
376 3337 613 3400 Galbam
638 3347 699 3398 et
719 3337 991 3398 Pisonem
1007 3333 1394 3411 trucidarent,
1418 3333 1491 3395 ad
1518 3332 1918 3396 conciliandos
1951 3330 2238 3412 pollicita-

245 3421 498 3482 tionibus
519 3422 756 3483 militum
782 3423 1005 3483 animos
1026 3419 1169 3481 nihil
1191 3419 1381 3496 magis
1402 3435 1512 3498 pro
1548 3419 1821 3481 contione
1857 3425 2103 3479 testatus
2125 3419 2237 3487 est,

247 3523 418 3585 quam
437 3505 496 3566 id
519 3504 744 3567 demum
767 3525 834 3568 se
856 3504 1201 3582 habiturum,
1227 3502 1385 3583 quod
1409 3502 1521 3564 sibi
1545 3502 1632 3565 illi
1658 3502 2051 3646 τοίἰςὶιῗίοιιι.
