2553 3960
478 253 647 303 xmv
1162 252 1578 302 PRAEFATIO.

476 414 687 468 somnia
712 412 926 469 edRom
937 420 990 470 1.
1027 430 1130 485 pro
1158 413 1420 469 insomnio
1456 404 1468 487 Ι
1518 413 1633 472 3iis
1656 414 1762 469 eod
1777 412 1926 470 Frib.
1952 414 2022 469 ed
2040 413 2173 468 Rom
2185 420 2234 472 1.
2253 417 2294 469 2

479 513 581 569 pro
605 496 690 551 his
723 488 740 575 Ι
776 502 843 554 12
866 503 1071 552 atvero
1094 499 1309 553 maiore
1330 497 1455 551 Med
1467 503 1520 556 3.
1546 496 1802 552 Iuneker.
1834 498 1912 551 ad
1930 511 2057 552 vero
2080 496 2290 551 maiore

478 581 692 636 Memm.
744 580 823 635 ad
860 596 987 637 vero
1029 583 1244 636 maiora
1287 580 1442 636 Paris
1467 586 1622 639 6116.
1668 579 1907 652 plurimi.
1951 581 2029 635 ad
2071 581 2294 634 maiora*

478 677 605 721 vero
633 663 753 719 Exe
776 664 930 721 Paris
952 669 1108 725 8818.
1145 665 1262 720 Exe
1284 663 1453 720 Notre
1478 664 1663 730 Darne,
1710 665 1818 720 eod
1841 663 2012 720 Basil.
2058 663 2287 720 Beroal-

480 747 604 804 dus.
644 753 703 802 αι
734 762 861 804 vero
903 748 982 804 ad
1023 751 1237 804 maiora
1266 746 1527 804 Heinsius
1576 742 1589 826 Ι
1635 753 1705 806 20
1739 762 1988 819 propere
2030 761 2296 803 reversus

481 829 854 903 Cannegieter
882 847 984 905 pro
1006 847 1191 904 prope
1218 844 1479 887 reversus
1500 832 1591 887 vel
1607 846 1862 902 propere
1891 846 2083 888 versus
2112 823 2140 908 ΙΙ
2169 836 2290 896 143,

478 920 547 975 18
585 915 778 970 Threx
808 915 1133 972 Torrentius
1164 932 1267 988 pro
1296 914 1498 969 Thrax
1525 906 1555 994 ΙΙ
1586 920 1718 985 144,
1749 921 1819 975 29
1847 921 1908 971 ut
1939 916 2011 970 ed
2026 915 2163 970 Rom
2179 922 2231 973 1.
2255 920 2296 971 2

479 1015 582 1070 pro
611 1005 660 1054 el
700 990 711 1077 Ι
770 1004 906 1070 145,
938 1005 1003 1059 17
1047 1006 1203 1056 actor
1226 998 1532 1055 Beroaldus
1575 1014 1678 1070 pro
1707 1005 1902 1054 auctor
1938 991 1949 1074 Ι
1987 1002 2056 1059 34
2085 1000 2289 1054 iratum

478 1081 693 1154 Lipsius
739 1075 750 1162 Ι
782 1088 913 1153 146,
947 1089 1013 1142 21
1047 1085 1398 1139 convocarinl
1425 1080 1852 1156 Oudendorpius
1884 1098 1988 1155 pro
2024 1097 2290 1138 convoca-

478 1173 620 1236 rent,
646 1167 748 1222 cfr.
779 1183 947 1238 supra
973 1184 1028 1239 p.
1044 1167 1245 1223 XXXV
1272 1158 1300 1245 ΙΙ
1336 1171 1452 1236 148,
1482 1170 1551 1225 20
1573 1165 1696 1222 Iulo
1708 1167 2031 1222 Pulmannus
2056 1172 2296 1239 propter

477 1249 692 1305 Horatii
724 1267 888 1306 earm.
920 1257 986 1320 4,
1016 1256 1081 1320 2,
1112 1256 1162 1307 2.
1209 1251 1314 1306 cfr.
1346 1266 1402 1321 p.
1437 1255 1570 1317 265,
1606 1257 1639 1310 9
1679 1242 1706 1330 ΙΙ
1751 1255 1883 1320 149,
1920 1256 1984 1310 17
2029 1251 2206 1305 artius
2233 1255 2293 1304 et

473 1334 776 1389 kolocleros
806 1334 1089 1405 Augustus
1119 1334 1375 1390 seribere
1415 1334 1605 1389 maluit
1633 1351 1793 1406 quam
1834 1322 2036 1407 ἄρτιος
2073 1339 2130 1388 et
2158 1318 2286 1387 ὁλο-

476 1406 736 1493 κλήρως,
771 1417 1057 1490 efr.supra
1086 1417 1407 1490 p.xxxvu
1446 1411 1456 1495 Ι
1493 1423 1563 1476 20
1585 1405 1958 1488 ἠλαττῶσθαι
1975 1417 2286 1474 Beroaldus

476 1518 582 1574 pro
626 1494 985 1556 ἔλαττῶσθαι
1034 1493 1045 1575 Ι
1094 1508 1162 1561 29
1197 1501 1378 1557 Silani
1414 1502 1719 1559 Beroaldus
1755 1518 1859 1575 pro
1902 1501 2113 1558 Silvani
2158 1494 2167 1577 Ι
2219 1507 2294 1560 33

475 1591 705 1640 montem
737 1585 992 1641 omittunt
1022 1585 1147 1641 Med
1168 1591 1221 1642 2.
1252 1592 1304 1646 3.
1351 1585 1506 1641 Paris
1537 1592 1674 1647 6116
1702 1577 1730 1664 ΙΙ
1760 1594 1891 1656 150,
1921 1591 1954 1645 7
1989 1602 2120 1641 nam
2156 1599 2285 1655 ego.

474 1668 623 1725 ΝΛΜ
667 1670 880 1725 Memm.
925 1669 1081 1725 Paris
1111 1675 1266 1730 6116.
1313 1670 1383 1725 al.
1420 1656 1582 1724 πάνυ
1610 1671 1701 1726 vel
1733 1664 1866 1724 λίαν
1901 1670 2042 1726 Edd.
2092 1661 2104 1748 Ι
2153 1673 2217 1728 17
2258 1683 2294 1722 e

477 1754 548 1809 ed
575 1754 708 1809 Rom
728 1760 780 1811 2.
819 1770 922 1825 pro
955 1768 1027 1808 ne
1076 1752 1085 1820 Ι
1137 1755 1475 1825 nuncuparit
1502 1754 1572 1810 ed
1596 1755 1728 1810 Rom
1755 1761 1804 1813 1.
1848 1769 1952 1826 pro
1994 1768 2287 1824 nuncupa-

475 1841 581 1906 ret,
615 1837 717 1892 ofr.
751 1854 920 1909 supra
949 1854 1002 1909 p.
1018 1837 1219 1893 XXXV
1255 1831 1268 1915 Ι
1307 1843 1372 1898 17
1401 1838 1852 1908 quoqueErnesti
1887 1854 1991 1910 pro
2021 1852 2127 1910 que
2165 1833 2174 1912 Ι
2213 1842 2278 1896 31

475 1925 808 1992 exposceret
850 1920 954 1977 eod
979 1921 1132 1977 Huls.
1192 1921 1413 1977 Vindob
1441 1929 1491 1979 1.
1554 1922 1723 1978 Basil.
1773 1921 2134 1978 Casaubonus
2180 1934 2291 1994 pro

474 2011 840 2077 exposcerent
866 1996 893 2083 ΙΙ
929 2005 1119 2075 151,“1
1164 2012 1515 2062 resarturum
1550 2007 1857 2062 Beroaldus
1886 2020 1991 2078 pro
2027 2019 2285 2061 resarsu-

473 2106 599 2144 rum
637 2085 647 2165 Ι
686 2096 720 2149 3
756 2091 993 2144 sestertii
1029 2090 1123 2145 Iao
1147 2088 1460 2147 Gronovius
1494 2107 1597 2162 pro
1631 2092 1935 2146 sestertium
1977 2080 2004 2167 ΙΙ
2047 2095 2184 2159 152,
2218 2092 2295 2148 36

474 2172 661 2228 Liviae
709 2172 911 2229 omittit
954 2174 1163 2228 Memm.
1207 2165 1234 2252 ΙΙ
1283 2180 1415 2243 153,
1455 2180 1489 2233 3
1528 2175 1599 2228 ab
1648 2176 1768 2230 viva
1809 2173 2026 2245 Lipsius
2069 2189 2173 2245 pro
2216 2170 2294 2226 ab

474 2258 599 2313 avia
628 2247 655 2333 ΙΙ
687 2263 816 2324 154,
862 2262 896 2314 2
927 2258 1167 2313 Polionis
1207 2258 1418 2313 Memm.
1462 2250 1472 2335 Ι
1509 2265 1544 2318 8
1583 2260 1799 2329 aquilae
1845 2256 2170 2314 Torrentius
2215 2270 2290 2311 ex

476 2338 681 2396 Orosio
717 2357 821 2413 pro
861 2342 1045 2413 aquila
1082 2334 1091 2416 Ι
1131 2348 1164 2401 9
1198 2343 1464 2397 moverive
1504 2341 1746 2399 Orosius
1776 2334 1788 2421 Ι
1826 2347 1895 2402 34
1940 2357 2016 2396 an
2047 2340 2290 2412 Stepha-

475 2441 579 2479 nus
612 2441 715 2496 pro
746 2426 803 2478 in
833 2415 862 2504 ΙΙ
892 2431 1025 2494 156,
1068 2431 1135 2485 16
1168 2427 1478 2497 principali
1515 2425 1830 2482 Sabellicus
1860 2441 1964 2498 pro
1994 2423 2290 2495 principa-

470 2508 576 2562 lem
609 2501 619 2582 Ι
661 2514 725 2567 21
758 2508 1095 2564 Stoechadas
1129 2509 1333 2564 edVen
1355 2517 1403 2567 1.
1438 2526 1540 2582 pro
1572 2509 1880 2565 Stoa-hadas
1910 2500 1938 2587 ΙΙ
1970 2513 2090 2577 157,
2118 2513 2152 2566 9
2185 2506 2291 2562 civi

473 2590 706 2647 Ursinus
743 2608 846 2663 pro
878 2591 1010 2648 civis
1057 2584 1067 2670 Ι
1123 2600 1188 2650 10
1216 2592 1514 2663 Poppaeae
1551 2594 1820 2664 Egnatius
1862 2609 1967 2665 pro
2008 2592 2293 2662 Pompeae

472 2675 563 2730 vel
593 2674 816 2746 Popeae
864 2670 875 2752 Ι
929 2682 995 2735 12
1035 2677 1327 2747 potiusque
1358 2676 1430 2732 ed
1454 2678 1585 2733 Rom
1611 2683 1664 2734 2.
1712 2694 1815 2750 pro
1842 2678 2026 2748 polius
2065 2692 2231 2747 quam
2270 2676 2282 2740 Ι

468 2763 540 2816 24
573 2757 785 2829 ecfosso
815 2778 925 2831 ego
942 2776 1045 2832 pro
1077 2760 1302 2831 exfosso
1338 2752 1348 2829 Ι
1389 2766 1459 2819 28
1484 2762 1602 2816 salo
1627 2761 1939 2834 Stephanus
1971 2775 2074 2832 pro
2104 2760 2218 2815 solo
2252 2749 2286 2835 ΙΙ

474 2848 591 2910 158,
622 2849 688 2901 12
712 2850 765 2898 et
788 2845 941 2900 delet
961 2845 1187 2914 Madvig
1212 2845 1284 2900 ad
1315 2843 1432 2900 Cic.
1462 2845 1530 2899 de
1559 2845 1758 2900 finibus
1786 2846 1994 2917 ρ.2881
2027 2848 2097 2901 24
2117 2843 2282 2898 datu-

471 2940 573 2980 rus
599 2927 856 2983 edixerat
878 2928 947 2983 ed
963 2928 1111 2984 Basil
1132 2934 1263 2987 1533
1289 2944 1391 2999 pro
1418 2928 1674 2983 daturum
1698 2944 1759 2984 se
1790 2930 2017 3005 deserat
2045 2918 2071 3003 ΙΙ
2103 2933 2224 2997 159,
2249 2935 2288 2985 4

471 3017 569 3065 aui
589 3027 698 3067 non
725 3011 932 3068 Memm.
961 3012 1086 3067 Med
1099 3018 1151 3070 3.
1176 3008 1329 3067 Paris
1342 3018 1498 3072 6116.
1527 3019 1624 3067 aul
1635 3027 1729 3068 vos
1754 3012 1880 3067 Med
1896 3019 1944 3070 1.
1973 3016 2153 3065 autem
2174 3027 2287 3066 non

471 3094 566 3150 vel
592 3100 743 3151 avete
767 3111 860 3152 vos
884 3096 1048 3151 codd.
1085 3101 1141 3149 et
1165 3095 1291 3150 edd.
1320 3111 1471 3151 saee.
1501 3096 1617 3151 XV.
1657 3087 1668 3174 Ι
1704 3101 1736 3156 7
1792 3089 2132 3152 vacillatione
2176 3095 2286 3151 eod

470 3178 640 3232 Basil.
670 3180 741 3234 al.
770 3180 905 3236 Edd.
936 3195 1040 3251 pro
1064 3178 1404 3234 bacillatione
1444 3171 1454 3254 Ι
1495 3186 1558 3240 18
1583 3180 1709 3235 dira
1734 3194 1835 3235 ave
1861 3196 1993 3251 ego.
2036 3179 2164 3234 dira
2193 3178 2286 3233 avi

469 3259 777 3321 Turnebus.
831 3263 957 3318 dira
986 3269 1083 3318 aut
1111 3262 1323 3319 lllemm.
1355 3263 1509 3319 Paris
1533 3269 1666 3322 5801
1699 3270 1926 3322 015805.
1959 3263 2085 3318 dira
2108 3263 2279 3319 autin

469 3343 606 3399 urbe
629 3350 726 3400 aui
752 3346 954 3418 reliqui
993 3338 1004 3424 Ι
1044 3353 1110 3407 19
1125 3362 1238 3417 pro
1264 3349 1463 3403 rostris
1485 3347 1696 3426 nemin.
1718 3348 1874 3403 Paris
1889 3353 2045 3406 5801.
2077 3346 2200 3401 Med
2224 3352 2280 3405 3.

467 3432 785 3486 commonito
819 3431 910 3487 vel
935 3438 1302 3487 commonente
1336 3447 1450 3503 pro
1479 3433 1676 3486 rostris
1700 3430 1902 3502 reliqui
1941 3423 1952 3509 Ι
1990 3435 2060 3490 28
2086 3432 2128 3485 ii
2151 3429 2275 3486 Ste-

467 3513 682 3583 phanus
708 3529 810 3586 pro
839 3513 901 3569 ln·
919 3514 1010 3569 vel
1033 3514 1113 3570 hii
1135 3503 1164 3592 ΙΙ
1200 3521 1318 3587 160,
1345 3522 1408 3575 11
1436 3517 1710 3572 communi
1732 3516 1802 3572 ed
1827 3515 1977 3571 Basil
2010 3520 2146 3574 1533
2168 3528 2279 3585 pro
