2553 3960
304 279 384 340 40
472 287 533 335 c.
560 283 861 334 stm'rom
897 283 1153 342 TRANQ.
1183 282 1281 329 nn
1305 279 1474 328 vrrA
1500 278 1871 327 casnm(
1901 279 2039 327 nm.
2067 278 2144 326 11.

303 444 494 521 neris,
535 445 594 501 in
622 437 992 519 deprecanda
1034 438 1313 516 graviore
1352 435 1616 497 adulterii
1655 453 1848 516 poena
1883 442 2121 515 praeter
2159 442 2320 494 aeta-

303 538 419 591 tem
448 536 620 607 atque
646 521 870 585 natales
898 523 1014 584 hoc
1044 539 1276 601 quoque
1306 520 1567 601 patribus
1611 521 1964 600 conscriptis
2005 518 2323 596 allegaret,

305 631 439 675 esse
471 625 883 693 possessorem
920 624 992 667 ac
1023 605 1185 666 velut
1220 605 1507 666 aedituum
1546 604 1692 682 soli,
1740 603 1893 684 quod
1934 605 2178 684 primum
2217 601 2324 662 Di-

304 715 411 758 vus
450 695 749 773 Augustus
791 709 1041 752 nascens
1098 691 1420 767 attigisset,
1485 697 1835 770 peteretque
1889 687 2091 748 donari
2153 687 2324 766 quasi

306 782 551 864 proprio
592 795 699 839 suo
738 795 809 839 ac
848 775 1132 855 peculiari
1180 773 1330 852 deo,
1382 774 1678 834 decretum
1719 781 1811 833 est
1848 782 1909 832 ut
1947 791 2017 832 ea
2047 790 2184 852 pars
2216 770 2323 831 do·
2349 789 2382 829 a

257 865 433 927 fimus
488 869 952 924 consecraretur.
1022 858 1516 921 Nutrimentorum
1571 859 1697 918 eius
1753 856 2077 918 ostenditur
2129 855 2327 916 adhue

305 953 476 1013 locus
515 950 573 1008 in
609 948 766 1009 avito
820 943 1151 1005 suburbano
1193 944 1351 1003 iuxta
1391 943 1651 1003 Velitras
1690 941 2062 1023 permodicus
2105 948 2164 1000 et
2201 939 2325 999 cel-

307 1037 400 1097 lae
443 1033 756 1113 penuariae
805 1032 1018 1107 instar,
1074 1037 1348 1107 tenetque
1390 1029 1746 1088 vicinitatem
1794 1028 1994 1105 opinio
2040 1034 2331 1105 tamquam

310 1130 370 1181 et
402 1125 568 1177 natus
600 1115 680 1175 ibi
710 1115 804 1173 sit.
858 1113 987 1173 Huc
1018 1115 1264 1173 introire
1305 1114 1416 1172 nisi
1445 1113 1788 1172 necessario
1822 1120 1882 1170 et
1914 1119 2077 1171 caste
2106 1109 2328 1186 religio

311 1211 436 1279 est,
496 1205 786 1278 concepta
845 1199 1121 1277 opinione
1178 1198 1401 1274 veteri,
1475 1197 1639 1275 quasi
1696 1204 1915 1255 temere
1979 1193 2329 1255 adeuntibus
2355 1208 2414 1249 ιο

311 1289 525 1348 horror
570 1281 797 1363 quidam
851 1290 910 1341 et
954 1289 1140 1341 metus
1185 1281 1509 1359 obiciatur,
1568 1280 1675 1341 sed
1704 1288 1763 1340 et
1798 1297 1937 1339 mox
1966 1279 2330 1339 confirmata.

311 1372 457 1433 Nam
497 1386 626 1428 cum
669 1382 989 1446 possessor
1039 1365 1216 1427 villae
1261 1384 1449 1426 novus
1506 1384 1610 1425 seu
1659 1366 1814 1425 forte
1854 1382 1958 1423 seu
2011 1361 2331 1443 temptandi

316 1471 490 1517 causa
523 1452 773 1513 cubitum
808 1468 875 1513 se
907 1467 981 1511 eo
1015 1450 1390 1528 contulisset,
1440 1451 1638 1510 evenit
1677 1459 1738 1509 ut
1780 1456 1917 1529 post
1948 1449 2333 1529 paucissimas

315 1540 507 1601 noctis
534 1537 713 1598 horas
752 1533 1089 1595 exturbatus
1132 1534 1266 1595 inde
1308 1534 1496 1595 subita
1542 1537 1600 1593 vi
1645 1541 1705 1593 et
1745 1537 1969 1594 incerta
2012 1550 2202 1611 paene
2236 1548 2331 1590 se·

316 1623 597 1684 mianimis
629 1638 759 1681 cum
787 1628 969 1680 strato
997 1620 1165 1680 simul
1195 1628 1329 1680 ante
1359 1620 1526 1679 fores
1555 1620 1929 1678 inveniretur.
2339 1635 2395 1676 ιε

266 1708 297 1764 7
442 1707 652 1767 Infanti
693 1721 1024 1781 cognomen
1080 1703 1404 1764 Thurino
1444 1703 1681 1764 inditum
1722 1711 1844 1781 est,
1888 1704 1946 1762 in
1994 1702 2333 1762 memoriam

318 1794 599 1854 maiorum
636 1790 901 1867 originis,
948 1787 1046 1848 vel
1081 1788 1237 1868 quod
1271 1790 1521 1866 regione
1558 1787 1811 1848 Thurina
1840 1805 2052 1847 recens
2084 1804 2159 1847 eo
2192 1794 2333 1846 nato

320 1885 488 1957 pater
545 1872 822 1934 Octavius
867 1872 1147 1934 adversus
1199 1874 1482 1950 fugitivos
1536 1890 1661 1932 rem
1707 1890 1996 1953 prospere
2039 1878 2332 1948 gesserat.

321 1960 634 2023 Thurinum
677 1958 1144 2036 cognominatum
1188 1959 1330 2017 satis
1378 1966 1540 2018 certa
1584 1956 1935 2037 probatione
1976 1955 2334 2031 tradiderim,

321 2053 526 2106 nactus
560 2042 842 2124 puerilem
885 2043 1305 2120 imagunculam
1340 2044 1466 2102 eius
1502 2060 1732 2103 aeream
1777 2051 2074 2119 veterem,
2119 2041 2335 2101 ferreis
2356 2055 2415 2097 ιο

325 2139 384 2191 et
414 2145 601 2209 paene
645 2129 757 2187 iam
790 2126 1268 2187 exolescentibus
1311 2127 1520 2187 litteris
1555 2126 1671 2188 hoc
1706 2129 1938 2187 nomine
1973 2128 2335 2205 inscriptam,

326 2232 475 2294 quae
521 2211 676 2272 dono
714 2230 747 2272 a
796 2229 888 2270 me
942 2211 1190 2291 principi
1227 2211 1359 2272 data
1412 2214 1564 2272 inter
1607 2212 1857 2271 cubiculi
1889 2211 2068 2271 Lares
2102 2209 2372 2270 colitur(

326 2297 444 2359 Sed
491 2305 551 2358 et
601 2314 635 2356 a
684 2296 762 2357 Μ.
809 2294 1068 2356 Antonio
1124 2297 1182 2355 in
1228 2297 1500 2375 epistolis
1553 2314 1661 2375 per
1705 2295 2110 2356 contumeliam
2154 2310 2338 2373 saepe

326 2382 611 2444 Thurinus
658 2378 1015 2460 appellatur,
1077 2388 1136 2439 et
1169 2381 1300 2460 ipse
1351 2380 1491 2440 nihil
1538 2379 1783 2460 amplius
1831 2398 1997 2459 quam
2032 2380 2227 2439 mirari
2271 2396 2338 2437 se

326 2465 632 2541 rescribit,
691 2482 802 2543 pro
857 2463 1179 2543 obprobrio
1237 2463 1350 2524 sibi
1394 2465 1556 2544 prius
1610 2482 1820 2524 nomen
1869 2465 2045 2525 obici.
2122 2463 2416 2524 Posteazs

328 2551 454 2612 Gai
505 2546 861 2609 Caesaris
908 2557 968 2608 et
1011 2546 1220 2608 deinde
1269 2548 1591 2626 Augusti
1637 2566 1967 2627 cognomen
2004 2549 2342 2627 assumpsit,

327 2636 570 2697 alterum
602 2641 948 2693 testamento
983 2634 1219 2694 maioris
1256 2632 1559 2711 avunculi,
1605 2633 1849 2694 alterum
1888 2634 2103 2695 Munati
2137 2632 2342 2693 Planci

329 2719 650 2794 sententia,
698 2735 855 2794 cum,
900 2716 1237 2795 quibusdam
1273 2718 1648 2778 censentibus
1694 2718 2002 2779 Romulum
2050 2716 2342 2798 appellari

331 2811 613 2884 oportere
635 2803 798 2881 quasi
823 2809 882 2862 et
911 2804 1099 2880 ipsum
1144 2800 1505 2862 conditorem
1540 2803 1731 2879 urbis,
1776 2802 2236 2882 praevaluisset,
2279 2808 2346 2859 ut

329 2888 627 2966 Augustus
664 2887 860 2965 potius
894 2893 1238 2963 vocaretur,
1276 2903 1396 2946 nou
1432 2895 1646 2947 tantum
1679 2905 1838 2948 novo
1876 2886 1980 2947 sed
2026 2889 2195 2948 etiam
2226 2903 2341 2947 am·
2362 2899 2415 2943 πο

332 2973 523 3052 pliore
550 2972 931 3048 cognomine,
983 2969 1163 3049 [quod
1199 2970 1335 3031 loca
1366 2988 1601 3051 quoque
1633 2971 1918 3049 religiosa
1944 2980 2003 3031 et
2039 2973 2097 3031 in
2135 2971 2343 3050 quibus

332 3064 614 3134 augurato
640 3054 775 3135 quid
802 3063 1183 3115 consecratur
1205 3065 1450 3132 augusta
1483 3054 1778 3132 dicantur,
1823 3056 1895 3117 ab
1926 3065 2097 3116 auctu
2133 3056 2229 3116 vel
2269 3053 2343 3114 ab

333 3142 520 3199 avium
569 3147 742 3216 gestu
788 3148 1067 3218 gustuve,
1112 3140 1261 3200 sicut
1327 3142 1499 3200 etiam
1552 3140 1771 3201 Ennius
1815 3140 1993 3201 docet
2046 3139 2342 3201 scribens:

439 3226 683 3299 Augusto
724 3231 957 3302 auqurt‘o
985 3233 1284 3301 postquam
1323 3229 1526 3301 inclyta
1570 3229 1788 3285 condita
1826 3229 2007 3286 Roma
2049 3226 2173 3305 esu]

283 3316 320 3371 8
468 3305 809 3381 Quadrimus
866 3316 1088 3387 patrem
1151 3310 1358 3368 amisit.
1423 3307 1841 3369 Duodecimum
1903 3328 2109 3370 annum
2162 3326 2414 3386 ageusas

336 3392 520 3450 aviam
554 3388 755 3450 Iuliam
789 3389 1118 3452 defunctam
1153 3410 1263 3472 pro
1309 3393 1585 3453 contione
1619 3393 1892 3455 laudavit.
1951 3394 2340 3469 Quadriennio

336 3481 475 3549 post
512 3472 665 3530 virili
699 3480 843 3550 toga
876 3484 1135 3554 sumpta,
1180 3476 1523 3538 militaribus
1557 3478 1726 3538 donis
1759 3478 2048 3559 triumpho
2075 3477 2344 3541 Caesaris

340 3552 619 3613 Africano
657 3552 899 3614 donatus
935 3566 1059 3635 est,
1107 3577 1430 3640 quanquam
1468 3579 1685 3642 expers
1729 3560 1872 3622 belli
1908 3572 2155 3642 propter
2189 3573 2342 3625 aeta-
