2553 3960
986 236 1044 284 c.
1095 178 1467 285 camunti.
1935 247 1938 248 f
2108 223 2228 285 125
2328 257 2333 263 -

226 385 574 472 tempestate
629 388 884 468 turbida,
959 408 1073 469 quo
1129 392 1311 469 magis
1368 393 1555 471 pietas
1614 391 1923 468 emineret,
1976 391 2227 471 adiitque

224 473 670 538 venerabundus
711 492 781 533 ac
833 492 943 554 per
982 484 1166 535 semet
1216 478 1272 535 in
1318 494 1489 536 urnas
1536 474 1817 543 condidit;
1855 493 1968 534 nec
2008 478 2229 536 minore

223 578 442 622 scaena
481 557 727 634 Ostiam,
768 559 1028 637 praefixo
1068 560 1126 618 in
1170 559 1405 619 biremis
1448 577 1645 638 puppe
1684 558 1935 636 vexillo,
1987 568 2046 620 et
2097 558 2228 619 inde

222 645 466 706 Romam
526 641 723 703 Tiberi
791 641 1135 720 subvectos,
1209 661 1317 721 per
1367 642 1886 722 splendidissimum
1944 660 2228 722 quemque

172 744 202 786 s
226 728 515 806 equestris
575 725 791 786 ordinis
841 726 1030 786 medio
1082 744 1151 786 ac
1212 726 1499 805 frequenti
1556 727 1648 786 die
1710 724 1932 785 duobus
1988 727 2229 786 ferculis

224 808 526 873 Mausoleo
573 809 790 886 intulit,
836 810 1185 890 inferiasque
1230 812 1279 869 is
1321 818 1505 870 annua
1543 809 1831 886 religione
1871 808 2104 888 publice
2146 811 2226 868 in-

227 896 437 972 stituit,
476 902 534 953 et
578 911 652 954 eo
683 893 928 972 amplius
966 896 1131 953 matri
1178 892 1489 954 Circenses
1529 902 1974 974 carpentumque
2013 911 2125 973 quo
2168 894 2227 952 in

226 995 439 1058 pompa
498 975 925 1047 traduceretur;
994 986 1051 1037 at
1106 979 1163 1037 in
1208 980 1538 1038 memoriam
1593 978 1772 1057 patris
1829 977 2227 1057 Septembrem

224 1079 483 1122 mensem
524 1060 920 1122 Germanicum
956 1061 1291 1140 appellavit.
1354 1061 1493 1121 Post
1537 1061 1684 1121 haec
1718 1060 2005 1121 Antoniae
2038 1062 2225 1138 aviae,

155 1160 208 1204 ιο
227 1144 497 1227 quidquid
529 1162 791 1222 umquam
821 1143 981 1204 Livia
1016 1143 1280 1222 Augusta
1319 1144 1599 1205 honorum
1645 1148 1928 1224 cepisset,
1974 1162 2088 1204 uno
2134 1162 2225 1205 se-

225 1238 390 1290 natus
435 1228 698 1288 consulto
735 1230 1063 1305 congessit;
1111 1237 1372 1306 patruum
1404 1228 1719 1304 Claudium,
1764 1230 2015 1307 equitem
2049 1229 2120 1288 R.
2156 1226 2227 1288 ad

223 1312 283 1373 id
322 1322 581 1390 tempus,
628 1311 917 1389 collegam
969 1311 1077 1372 sibi
1135 1314 1188 1371 in
1244 1313 1542 1373 consulatu
1598 1315 1933 1392 assumpsit;
1989 1312 2226 1372 fratrem

224 1395 521 1457 Tiberium
554 1394 648 1454 die
674 1395 856 1454 virilis
899 1405 1076 1473 togae
1117 1394 1411 1475 adoptavit
1441 1396 1869 1476 appellavitque
1901 1397 2223 1476 principem

225 1481 565 1548 iuventutis3
605 1477 676 1539 de
712 1479 1015 1540 sororibus
1059 1490 1259 1541 auctor
1282 1481 1419 1558 fuit,
1464 1489 1525 1539 ut
1555 1480 1816 1540 omnibus
1852 1480 2226 1540 sacramentis

156 1583 207 1626 u
225 1562 585 1626 adiceretur:
647 1580 842 1642 neque
888 1581 984 1623 me
1039 1562 1390 1644 liberosque
1437 1581 1605 1624 meos
1659 1564 1941 1625 cariores
1984 1560 2225 1623 habebo

226 1664 412 1728 quam
469 1645 693 1706 Gaium
744 1645 943 1707 habeo
1000 1654 1059 1707 et
1102 1664 1355 1707 sorores
1418 1647 1592 1718 eiu-35
1660 1649 1794 1707 item
1852 1645 2227 1705 relationibus

229 1729 559 1791 consulum:
616 1729 784 1808 quod
839 1727 1060 1790 bonum
1109 1729 1388 1811 felixque
1440 1731 1524 1791 sit
1568 1728 1636 1790 C.
1681 1728 1949 1790 Caesari
1987 1728 2220 1790 sorori-

227 1812 464 1890 busque
502 1813 652 1873 eius,

350 1895 484 1957 Pari
526 1896 912 1976 popularitate
967 1897 1262 1958 damnatos
1315 1897 1730 1977 relegatosque
1781 1898 2056 1966 restituit;
2118 1897 2224 1955 cri-

155 2006 210 2048 20
227 1982 458 2058 minum,
487 1983 536 2040 si
568 1999 714 2060 quae
743 1980 974 2043 residua
1006 2001 1079 2042 ex
1109 1984 1304 2061 priore
1334 1992 1594 2062 tempore
1624 1982 1945 2059 manebant,
1980 1982 2226 2040 omnium

225 2068 468 2144 gratiam
515 2064 687 2134 fecit;
731 2069 1172 2127 commentarios
1225 2065 1296 2126 ad
1343 2068 1539 2127 matris
1597 2066 1949 2145 fratrumque
1995 2082 2225 2124 suorum

227 2166 433 2210 causas
475 2150 845 2228 pertinentis,
882 2169 956 2210 ne
999 2151 1089 2209 cui
1118 2149 1481 2230 postmodum
1510 2149 1756 2211 delatori
1797 2159 1892 2209 aut
1934 2149 2068 2209 testi
2109 2166 2224 2208 ma-

224 2241 395 2292 neret
423 2232 575 2292 ullus
621 2242 838 2310 metus,
886 2242 1207 2297 convectos
1250 2236 1307 2292 in
1343 2234 1563 2312 forum,
1610 2243 1669 2293 et
1704 2243 1837 2294 ante
1873 2234 2029 2293 clare
2064 2231 2224 2292 obte-

226 2326 410 2376 status
455 2314 598 2375 deos
645 2335 834 2396 neque
877 2317 1102 2394 legisse
1153 2335 1343 2397 neque
1395 2320 1658 2396 attigisse
1699 2319 2033 2397 quicquam,
2088 2333 2224 2375 con·

155 2399 534 2467 acremavin
576 2399 834 2460 libellum
866 2401 936 2460 de
982 2402 1167 2461 salute
1203 2419 1305 2461 sua
1348 2401 1596 2462 oblatum
1639 2419 1757 2461 non
1788 2402 2043 2480 recepit,
2088 2416 2224 2458 cou-

222 2482 501 2559 tendens,
544 2482 698 2544 nihil
723 2484 848 2545 sibi
887 2483 1223 2545 admissum
1273 2504 1385 2545 cur
1434 2485 1719 2565 cuiquam
1765 2483 2003 2545 invisus
2043 2488 2222 2558 esset,

223 2568 574 2646 negavitque
629 2585 694 2627 se
742 2568 1097 2628 delatoribus
1142 2586 1312 2628 aures
1373 2568 1609 2628 habere.
1690 2568 2003 2628 Psinthrias
2063 2567 2309 2626 mon-16

225 2650 543 2711 str‘osarum
577 2649 896 2727 libidinum,
935 2670 1113 2729 aegre
1147 2670 1221 2711 ne
1265 2651 1554 2729 profundo
1592 2658 1884 2727 mergeret
1926 2658 2222 2726 exorams,

225 2733 370 2794 urbe
414 2733 726 2794 submovit.‘
798 2735 910 2795 Titi
947 2735 1213 2810 Labieni,
1253 2733 1429 2796 Cordi
1469 2734 1752 2811 Cremuti,
1800 2731 1965 2793 Cassi
2015 2731 2222 2791 Severi

157 2818 477 2896 soscripta,
517 2826 749 2878 senatus
802 2819 1079 2879 consultis
1135 2817 1378 2895 abolita,
1418 2819 1634 2897 requiri
1677 2826 1735 2877 et
1777 2835 1911 2877 esse
1954 2817 2010 2876 in
2049 2816 2221 2874 mani-

226 2901 336 2961 bus
375 2899 738 2979 lectitarique
782 2903 1072 2981 permisit,
1130 2902 1379 2982 quando
1425 2902 1696 2963 mamime
1736 2918 1857 2962 sua
1903 2899 2227 2962 interesset

226 2990 295 3045 ut
333 2982 516 3061 facta
557 3002 835 3065 quaeque
880 2986 1153 3063 posteris
1203 2985 1556 3047 tradantur.
1646 2986 1924 3047 Rationes
1979 2983 2222 3063 imperii,

226 3067 301 3128 ab
332 3067 602 3145 Augusto
634 3071 885 3148 proponi
930 3069 1130 3130 solitas
1161 3079 1248 3129 set
1278 3088 1310 3129 a
1339 3068 1575 3130 Tiberio
1611 3070 1994 3146 intermissas,
2040 3067 2224 3147 publi-

228 3152 402 3211 cavit.
472 3150 900 3227 Magistratibus
944 3152 1182 3214 liberam
1223 3154 1359 3212 iuris
1399 3153 1704 3214 dictionem
1747 3161 1807 3213 et
1841 3154 1964 3212 sine
2010 3153 2095 3212 sui
2123 3170 2222 3231 ap·

158 3233 549 3314 apellatione
602 3238 913 3296 concessit.
990 3235 1231 3316 Equites
1282 3238 1353 3297 R.
1406 3254 1617 3297 severe
1682 3238 2059 3314 curioseque,
2112 3252 2224 3295 nec

229 3318 358 3379 sine
386 3317 815 3396 moderatione,
855 3322 1234 3397 recognovit,
1287 3320 1474 3399 palam
1517 3320 1785 3399 adempto
1830 3338 1982 3399 equo
2019 3317 2223 3397 quibus

227 3410 326 3463 aut
352 3401 556 3481 probri
585 3404 798 3483 aliquid
832 3413 926 3465 aut
964 3405 1308 3481 ignominiae
1347 3406 1600 3482 inesset,
1644 3420 1842 3464 eorum
1878 3404 1974 3483 qui
2002 3404 2223 3460 minore

229 3484 403 3564 culpa
445 3495 777 3548 tenerentur
821 3487 1145 3549 nominibus
1191 3488 1365 3549 modo
1405 3492 1462 3550 iu
1494 3489 1837 3550 recitatione
1875 3481 2228 3566 praeteritis.
