2553 3960
327 250 442 313 160
534 263 594 311 c.
620 263 919 343 sumqm
951 264 1204 324 TRANQ.
1236 265 1331 311 DE
1361 264 1526 312 vrrA
1558 263 1925 312 CAESARUM
1954 266 2093 313 mn.
2117 267 2186 317 V.

321 420 542 478 sionem
571 429 813 494 verenS,
869 427 926 477 et
960 418 1213 497 Appium
1246 417 1497 479 Caecum
1543 435 1880 494 censorem,
1935 420 2171 495 generis
2224 420 2315 480 sui

321 509 758 581 promotorem,
784 500 1176 561 libertinorum
1217 502 1369 561 filios
1400 503 1458 560 in‘
1480 510 1738 561 senatum
1766 501 2059 578 adlegisse
2092 502 2311 579 docuit,

321 587 586 663 ignarus,
617 584 973 663 temporibus
1003 584 1159 665 Appi
1183 594 1240 644 et
1262 585 1540 664 deinceps
1565 584 1890 663 aliquandiu
1917 584 2313 646 libertinos

322 669 520 728 dictosv
559 687 674 727 non
720 671 920 748 ipsos,
966 670 1060 748 qui
1103 686 1268 728 mann
1310 669 1729 745 emitterentur,
1777 667 2207 745 sedingenuos
2238 688 2316 729 ex

323 752 414 811 his
442 760 804 832 procreatos.
836 750 1106 828 Collegio
1138 760 1508 830 quaestorum
1539 768 1645 829 pro
1671 760 1914 812 stratura
1944 753 2161 811 viarum
2189 753 2311 829 gla-
2340 773 2367 813 ⁵

321 835 625 895 diatorium
654 853 853 895 munus
886 836 1123 894 iniunxit
1154 834 1529 913 detractaque
1558 833 1811 893 Ostiensi
1841 843 1899 893 et
1928 833 2150 896 Gallica
2181 854 2312 913 pro-

325 922 551 997 vincia,
598 937 790 980 curam
820 920 1005 978 aerari
1039 919 1266 978 Saturni
1298 917 1572 999 reddidit,
1624 936 1791 997 quam
1821 917 2012 978 medio
2047 927 2314 997 tempore

331 1011 634 1083 praetores
665 1012 790 1079 aut,
824 1004 902 1061 uti
934 1020 1114 1078 nunc,
1148 1010 1415 1082 praetura
1445 1002 1623 1061 functi
1656 1004 2059 1061 sustinuerant.

450 1085 836 1165 Triumphalia
864 1093 1197 1145 ornamenta
1230 1086 1458 1163 Silano,
1492 1085 1646 1145 filiae
1686 1104 1824 1146 suae
1856 1103 2077 1164 sponso
2100 1130 2117 1163 ,
2174 1103 2314 1145 non-

323 1170 456 1229 dum
501 1168 705 1248 puberi
748 1168 930 1245 dedit,
978 1167 1289 1228 maioribus
1331 1186 1473 1228 vero
1519 1177 1654 1228 natu
1696 1178 1808 1229 tam
1847 1169 2036 1228 multis
2085 1178 2314 1247 tamque
2336 1188 2391 1231 ιο

326 1251 534 1330 facile,
569 1261 629 1311 ut
660 1250 905 1330 epistula
937 1254 1218 1310 communi
1249 1252 1544 1329 legionum
1574 1255 1799 1312 nomine
1832 1254 2085 1313 extiterit
2113 1261 2315 1332 peten-

327 1337 494 1414 tium,
524 1344 582 1395 ut
615 1334 824 1411 legatis
855 1334 1252 1395 consularibus
1283 1335 1446 1395 simul
1482 1354 1606 1395 cum
1643 1337 1904 1395 exercitu
1928 1345 1986 1397 et
2006 1337 2314 1415 triumpha-

327 1420 402 1480 lia
436 1419 728 1495 darentu‘r,
760 1437 831 1477 ne
862 1436 1089 1479 causam
1117 1418 1257 1479 belli
1292 1436 1526 1498 quoquo
1556 1419 1730 1480 modo
1763 1429 2125 1498 quaererent.
2161 1420 2313 1480 Aulo

327 1504 551 1564 Plautio
589 1504 757 1561 etiarn
786 1504 1112 1562 ovationem
1149 1503 1411 1562 decrevit
1445 1504 1829 1583 ingressoque
1860 1503 2060 1563 urbem
2087 1504 2314 1563 obviam

329 1604 713 1667 progressus,
757 1594 815 1645 et
853 1587 909 1645 in
941 1583 1285 1664 Capitolium
1317 1588 1469 1645 eunti
1510 1595 1567 1645 et
1598 1587 1729 1647 inde
1771 1606 1969 1647 rursus
1999 1587 2316 1647 revertenti
2337 1604 2385 1645 15

328 1670 476 1730 latus
512 1670 672 1729 texit.
743 1667 980 1730 Gabinio
1013 1670 1313 1747 Secund0,
1365 1668 1612 1730 Cauchis
1640 1681 1817 1748 gente
1850 1670 2190 1733 Germanica
2223 1689 2313 1729 su-

332 1753 582 1833 peratis,
616 1771 941 1830 cognomen
972 1752 1255 1814 Cauchius
1287 1772 1568 1833 usurpare
1602 1757 1911 1815 concessit.

243 1854 314 1911 25
450 1836 751 1916 Equestris
786 1836 1012 1897 militias
1043 1839 1120 1898 ita
1166 1837 1483 1914 ordinavit,
1532 1848 1591 1897 ut
1624 1848 1759 1918 post
1804 1838 2107 1899 cohortem
2150 1839 2312 1915 alam,

331 1930 467 2001 post
507 1921 656 1982 alam
706 1919 1044 1982 tribunatum
1087 1920 1340 1999 legionis
1380 1921 1574 1992 daret3
1634 1922 2031 2003 stipendiaque
2080 1922 2315 1983 instituit

332 2015 389 2066 et
417 2005 783 2081 imaginariae
812 2004 1047 2065 militiae
1072 2022 1289 2083 genus,
1334 2005 1489 2085 quod
1531 2016 1769 2066 vocatur
1812 2026 2030 2084 supra
2073 2025 2310 2065 nume·
2331 2025 2384 2066 20

329 2106 503 2166 rum,
542 2104 656 2166 quo
688 2086 959 2147 absentes
976 2097 1033 2148 et
1056 2088 1220 2147 titulo
1244 2098 1411 2148 tenus
1439 2090 1834 2167 fungerentur.
1864 2090 2077 2151 Milites
2110 2090 2315 2150 domos

332 2173 649 2232 senatorias
672 2169 946 2230 salutandi
972 2189 1143 2231 cansa
1169 2173 1396 2250 ingredi
1420 2175 1585 2232 etiam
1608 2183 1830 2252 patrum
1855 2174 2094 2234 decreto
2119 2174 2314 2253 prohi-

330 2255 470 2315 buit.
512 2253 863 2331 Libertinos,
902 2257 1082 2333 quise
1106 2272 1216 2335 pro
1253 2257 1537 2336 equitibus
1556 2258 1627 2318 R.
1662 2268 1938 2336 agerent,
1980 2257 2313 2337 publicavit.

329 2337 598 2414 Ingratos
631 2346 689 2397 et
721 2336 793 2396 de
824 2339 1027 2417 quibus
1059 2341 1286 2417 patroni
1310 2350 1688 2419 quererentur
1714 2343 2017 2402 revocavit
2045 2344 2102 2401 in
2133 2360 2229 2402 ser

329 2429 505 2482 tutem
535 2421 946 2502 advocatisque
975 2440 1175 2482 eorum
1197 2426 1462 2502 negavit,
1495 2443 1559 2484 se
1588 2426 1865 2486 adversus
1882 2426 2126 2486 libertos
2156 2360 2386 2503 ipsffiw

326 2523 452 2565 rum
482 2506 570 2564 ius
601 2504 898 2565 dicturum.
954 2504 1096 2566 Cum
1131 2508 1357 2586 quidam
1386 2526 1565 2585 aegra
1599 2517 1656 2568 et
1686 2510 1913 2570 adfecta
1945 2511 2227 2588 mancipia
2258 2511 2315 2567 in

329 2588 568 2650 insulam
609 2587 946 2668 Aesculapii
992 2591 1196 2650 taedio
1229 2591 1495 2651 medendi
1541 2602 1934 2672 exponerent,
1986 2611 2185 2653 omnes
2218 2592 2313 2671 qui

330 2681 762 2752 exponerentur
800 2673 1021 2734 liberos
1080 2692 1213 2734 esse
1260 2677 1483 2753 sanxit,
1544 2695 1654 2736 nec
1694 2677 1886 2737 redire
1929 2679 1985 2736 in
2030 2677 2313 2736 dicionem

328 2755 574 2834 domini,
609 2757 656 2815 si
688 2757 1146 2828 convaluissent;
1213 2759 1367 2838 quod
1402 2761 1448 2818 si
1491 2762 1619 2838 quis
1655 2779 1869 2821 necare
1910 2778 2079 2839 quem
2117 2759 2314 2819 mallet

331 2858 495 2919 quam
525 2846 857 2918 exponere,
891 2841 1088 2902 caedis
1120 2843 1354 2902 crimine
1381 2846 1585 2903 teneri.
1630 2846 1901 2906 Viatores
1942 2862 2015 2903 ne
2059 2863 2168 2923 per
2203 2843 2310 2904 Ita·
2333 2861 2385 2902 30

329 2924 442 2984 liae
474 2923 690 3004 oppida
735 2925 846 2999 nisi
886 2934 984 2986 aut
1013 2925 1254 3005 pedibus
1296 2935 1393 2988 aut
1434 2927 1581 2988 sella
1621 2937 1714 2987 aut
1743 2928 1952 2989 lectica
1981 2929 2311 3003 transirent,

329 3009 543 3068 monuit
574 3009 784 3069 edicto.
819 3007 1076 3070 Puteolis
1104 3018 1162 3070 et
1190 3009 1387 3071 Ostiae
1419 3011 1675 3090 singulas
1709 3012 1981 3072 cohortes
2015 3011 2085 3071 ad
2114 3028 2315 3072 arcen-

331 3089 436 3150 dos
465 3092 855 3154 incend10rum
886 3111 1054 3154 casus
1087 3094 1421 3154 collocavit.

456 3172 807 3253 Peregrinae
843 3177 1184 3237 conditionis
1216 3178 1482 3238 homines
1523 3180 1700 3238 vetuit
1736 3196 2017 3256 usurpare
2053 3179 2316 3238 Romana

331 3256 557 3315 nomina
582 3259 708 3318 dum
730 3269 887 3322 taxat
902 3260 1216 3339 gentilicia.
1245 3260 1547 3322 Civitatem
1564 3263 1633 3323 R.
1657 3270 2003 3341 usurpantes
2027 3263 2082 3320 in
2108 3277 2313 3340 campo
2333 3284 2387 3326 as

331 3336 632 3416 Esquilino
664 3346 856 3403 securi
896 3346 1204 3424 percussit.
1259 3345 1600 3406 Provincias
1639 3343 1916 3405 Achaiam
1958 3354 2015 3404 et
2042 3344 2313 3406 Macedo·

329 3421 514 3496 niam,
569 3438 711 3501 quas
750 3425 1017 3487 Tiberius
1068 3427 1139 3489 ad
1196 3447 1388 3488 curam
1437 3447 1596 3489 suam
1638 3429 2037 3504 transtulerat,
2091 3427 2314 3488 senatui

331 3502 594 3563 reddidit.
655 3504 847 3583 Lyciis
883 3510 956 3569 ob
990 3511 1314 3572 exitiabiles
1348 3512 1496 3573 inter
1525 3530 1591 3572 se
1626 3512 1946 3573 discordias
1987 3511 2315 3572 libertatem
