2553 3960
533 241 733 303 xxxn
1207 235 1622 284 mansum.

536 397 819 469 magistris
847 396 1089 454 correcti
1140 403 1285 452 sunt.
1373 396 1649 452 Interdum
1700 411 1821 450 cum
1878 396 2165 466 secundo,
2207 413 2353 453 non-

539 498 825 553 numquam
856 498 977 537 cum
1016 480 1185 536 tertio
1221 480 1489 535 librorum
1520 494 1732 549 genere
1762 478 1838 534 ita
1872 479 2255 550 consentiunt,
2288 488 2354 536 ut

541 583 614 622 ex
641 572 879 637 utroque
919 564 1142 621 conflati
1175 579 1304 619 esse
1339 564 1596 618 debeant.
1685 561 1872 618 Verba
1910 564 2133 617 iactam!
2169 580 2223 636 p.
2256 570 2351 634 68,

538 655 634 714 273
681 648 855 720 deficit
882 650 1052 703 stanti
1074 665 1127 720 p.
1163 653 1284 717 163,
1319 653 1419 710 28;
1449 645 1708 702 omissum
1742 645 1917 701 Catuli
1942 662 1996 717 p.
2026 652 2158 718 199,
2189 653 2258 704 ‘22
2293 655 2353 703 et

537 736 595 788 iu
613 734 916 804 provinciis
945 749 1000 804 p.
1020 738 1145 801 245,
1173 737 1239 794 93
1271 729 1513 786 additum
1547 734 1741 800 p.237‚
1769 738 1802 788 5
1831 736 2019 784 natam
2044 731 2349 786 secundum

541 833 719 887 genus
752 817 1021 889 produnt3
1069 815 1275 871 omissa
1306 830 1357 885 p.
1397 821 1459 871 11
1481 853 1499 882 ,
1533 819 1597 870 21
1631 810 1981 885 perfecitque
2018 818 2317 886 utrumque
2330 837 2351 877 ,-

540 918 595 973 p.
629 905 699 958 20
715 940 732 970 ‚
774 906 836 958 21
877 900 1162 972 diliyenter
1200 913 1270 952 ac
1310 897 1637 956 raderetur,-
1676 913 1729 968 p.
1776 902 1878 966 48,
1917 903 1955 957 8
1996 897 2316 953 delictorum
2330 920 2352 960 ,-

541 1001 594 1055 p.
633 988 722 1053 62,
754 991 820 1042 15
849 984 1062 1044 solere,-
1101 999 1155 1054 p.
1192 987 1318 1044 102,
1361 987 1431 1039 30
1457 979 1791 1034 Archelaum
1829 980 2209 1052 Cappadocem
2245 998 2351 1037 ex-

542 1067 720 1138 empla
750 1066 863 1121 sint
892 1076 1013 1122 cum
1044 1064 1212 1122 tertio
1243 1080 1456 1134 genere
1487 1063 1790 1119 affinitatis.

220 1147 407 1192 Μία*
442 1161 498 1190 ⁶¹
667 1149 958 1220 Postquam
988 1149 1366 1221 exemplorum
1398 1153 1455 1202 et
1485 1147 1736 1202 formulis
1768 1153 1825 1203 et
1853 1148 2066 1204 calamo
2103 1147 2350 1220 scripto-

234 1203 499 1254 arpentum.
542 1250 657 1290 rum
687 1233 1017 1289 mentionem
1048 1232 1282 1288 fecimus
1319 1246 1426 1286 non
1461 1230 1683 1285 nimium
1713 1232 1925 1303 levem,
1967 1231 2162 1305 paucis
2195 1247 2351 1287 com-

539 1317 891 1373 memoranda
924 1322 1052 1371 sunt
1072 1316 1348 1386 Excerp
1366 1322 1431 1369 ta
1464 1315 1731 1385 quaedam
1755 1332 1786 1369 e
1811 1314 2143 1371 Caesaribus
2169 1316 2346 1380 facta:

543 1400 799 1457 videntur
839 1400 983 1455 enim
1014 1400 1104 1455 vel
1148 1400 1289 1455 haec
1330 1399 1400 1454 ad
1448 1397 1683 1453 criticen
1727 1399 2077 1455 factitandum
2117 1399 2346 1471 aliquod

541 1490 866 1540 momentum
899 1484 1158 1539 conferre
1199 1498 1403 1556 posse,
1444 1487 1707 1552 tantoque
1747 1481 1922 1538 maius
1964 1488 2168 1553 quanto
2204 1483 2349 1538 anti-

540 1567 735 1640 quiora
794 1574 936 1624 sunt.
1026 1566 1159 1622 Eius
1222 1565 1395 1636 igitur
1444 1564 1674 1635 generis
1733 1565 1838 1621 tria
1890 1566 2142 1638 exempla
2194 1566 2348 1635 novi,

539 1650 828 1725 Lipsiense
874 1669 904 1707 a
943 1650 1152 1707 Theod.
1191 1649 1414 1705 Moebio
1453 1649 1509 1704 in
1539 1648 1955 1707 Schneidewini
1996 1648 2291 1720 Philologo
2325 1650 2349 1704 1

541 1753 593 1808 p.
626 1741 728 1795 636
771 1751 894 1807 sqq.
931 1733 1301 1807 descriptum,
1342 1731 1590 1787 Parisina
1627 1732 1738 1788 duo
1779 1750 1810 1788 a
1857 1749 1941 1788 me
1987 1751 2036 1789 a.
2077 1738 2211 1791 1855
2261 1733 2350 1788 in-

539 1825 752 1890 specta.
841 1810 911 1873 Et
965 1817 1271 1890 Lipsiensis
1334 1815 1552 1888 quidem
1600 1816 1814 1886 codex,
1875 1816 2192 1874 senatorius
2248 1817 2348 1872 ille

541 1903 673 1973 Rep.
715 1902 758 1956 1.
816 1908 869 1960 4.
921 1908 992 1962 48
1038 1903 1265 1957 saeculo
1311 1900 1438 1955 xlv
1480 1898 1724 1970 scriptus
1782 1906 1837 1954 et
1894 1900 2056 1956 initio
2102 1901 2347 1971 mutilus,

541 1986 732 2042 eadem
777 1986 1054 2060 Excerpta
1115 1985 1396 2055 continet,
1458 1999 1599 2055 quae
1649 1983 1703 2038 in
1748 1984 2119 2041 Parisinorum
2166 1986 2347 2041 altero

540 2086 630 2126 no.
661 2076 802 2130 8818
832 2087 983 2126 saec.
1015 2070 1109 2126 XI.
1144 2069 1364 2140 integra
1408 2074 1465 2123 et
1493 2068 1781 2124 emendate
1813 2068 2022 2141 scripta
2055 2069 2339 2142 reperiun-

539 2160 645 2208 tur.
734 2153 952 2209 Initium
995 2155 1103 2210 hoc
1149 2158 1259 2208 est:
1298 2154 1398 2207 Ex
1436 2151 1619 2207 Librn’s
1659 2150 1906 2208 Suetonii
1934 2152 2243 2225 Tranquilli
2280 2153 2348 2208 de

539 2238 646 2293 vila
676 2237 994 2294 Caesarum.
1053 2236 1232 2294 Iulius
1262 2236 1475 2292 Caesar
1499 2240 1721 2306 queslor
1752 2236 1937 2292 adhuc
1959 2237 2132 2308 yades
2153 2237 2336 2308 hispa-

538 2322 759 2377 m'arum
802 2338 927 2376 cum
979 2323 1210 2377 venissel
1243 2322 1359 2376 visa
1406 2318 1562 2389 apud
1609 2317 1849 2375 herculis
1894 2327 2001 2376 etc.
2049 2339 2102 2393 p.
2142 2328 2174 2379 5
2195 2362 2213 2390 ,
2256 2326 2343 2379 20.

539 2405 856 2476 Sequuntur
904 2423 975 2461 ex
1017 2404 1253 2462 omnium
1303 2403 1601 2459 Caesarum
1643 2402 1810 2474 vitis,
1862 2411 2088 2476 praeter
2130 2403 2347 2460 Claudii

539 2605 709 2646 mento
739 2611 786 2646 a.
812 2595 947 2647 1846
978 2597 1305 2661 Friburgensi
1335 2595 1668 2646 bibliothecae
1695 2596 1900 2664 legavit.
1964 2597 2092 2646 Eum
2123 2599 2348 2648 codicem

539 2664 884 2715 Theodori
924 2665 1140 2730 Bergk
1188 2665 1526 2715 benivolentia
1575 2665 1639 2715 ad
1692 2678 1774 2714 me
1808 2664 2020 2717 missum
2060 2666 2347 2717 examinavi

540 2742 589 2784 et
645 2734 853 2798 reliquis
904 2734 986 2783 sui
1049 2734 1252 2798 generis
1316 2734 1470 2800 paulo
1530 2734 1789 2784 meliorem
1846 2750 1963 2785 esse
2016 2734 2346 2800 deprehendi.

541 2803 770 2867 Scriptus
807 2810 885 2851 est
924 2801 1211 2852 charactere
1245 2803 1472 2852 Romano
1492 2839 1507 2864 ,
1557 2803 1641 2866 qui
1686 2802 1946 2869 imperitos
1991 2802 2137 2853 facile
2186 2803 2347 2865 fallat,

540 2886 673 2922 saec.
708 2870 822 2920 XV.
874 2896 946 2908 -
994 2870 1260 2922 Cortianus
1298 2872 1457 2921 codex
1500 2884 1602 2919 uno
1652 2870 1773 2921 folio
1806 2870 2100 2932 mutilatus,
2146 2872 2199 2922 in
2248 2887 2348 2937 quo

540 2941 757 3004 scriptae
795 2947 937 2996 erant
965 2956 1018 3006 p.
1050 2937 1180 2998 239,
1208 2940 1276 2989 29
1307 2967 1376 2975 —
1407 2941 1537 2999 242,
1571 2939 1633 3000 8,
1663 2948 1882 2990 ceterum
1913 2940 2123 3004 picturis
2155 2942 2351 3006 numis-

538 3009 789 3071 matisque
834 3008 1095 3074 eleganter
1139 3017 1346 3057 ornatus
1386 3008 1505 3071 quin
1546 3008 1665 3057 item
1708 3022 1841 3059 saec.
1885 3006 1984 3057 XV
2014 3010 2234 3075 scriptus
2282 3011 2350 3061 sit

540 3077 643 3127 noli
676 3076 923 3129 dubitare.
988 3075 1135 3127 Tales
1167 3076 1353 3127 multos
1380 3076 1589 3127 Parisiis
1617 3077 1738 3127 vidi.
1801 3078 1982 3127 Fuerat
2013 3076 2193 3142 Lyseri
2226 3094 2323 3129 con

537 3146 751 3209 tulitque
780 3148 846 3193 a'd
876 3146 1164 3209 exemplum
1190 3144 1484 3195 Genevense
1516 3161 1563 3196 a.
1595 3145 1716 3196 1611
1748 3143 1960 3196 Gottlieb
1982 3145 2171 3207 Kortte,
2203 3148 2348 3197 cuius

539 3214 712 3264 labore
744 3221 793 3263 et
826 3213 1025 3264 Ernesti
1068 3222 1117 3263 et
1147 3212 1533 3281 Oudendorpius
1574 3214 1656 3263 usi
1703 3221 1836 3264 sunt.
1911 3213 2019 3273 Quo
2053 3215 2250 3265 delatus
2284 3216 2349 3266 sit

540 3289 591 3331 et
617 3283 779 3332 codex
810 3289 860 3332 et
889 3283 1087 3332 collatio
1108 3318 1123 3342 ,
1154 3283 1353 3346 ignoro.
1387 3310 1451 3320 -
1483 3282 1928 3333 Vindobonensem
1961 3286 2024 3344 2,
2058 3291 2113 3332 ut
2144 3283 2346 3334 Ouden-

540 3350 752 3416 dorpius
774 3351 1064 3416 appellavit,
1094 3351 1193 3401 184
1215 3359 1271 3401 ut
1299 3352 1663 3402 bibliothecarii
1683 3352 2039 3411 distinxerunt,
2064 3366 2197 3404 saec.
2223 3352 2343 3402 XV!

541 3419 744 3469 ineunte
774 3421 1033 3484 scriptum,
1068 3419 1275 3469 contulit
1301 3419 1641 3486 Oudendorpii
1675 3421 1840 3486 gratia
1870 3436 1968 3471 van
2001 3419 2220 3471 Swieten
2252 3435 2346 3472 no·

457 3481 487 3525 θ
542 3485 819 3537 bilissimas
851 3488 1077 3536 medicus
1110 3487 1175 3537 ad
1202 3490 1491 3555 exemplum
1523 3490 1911 3539 Iunckerianum
1945 3506 1992 3545 a.
2031 3489 2183 3539 1722.
