2553 3960
670 635 759 720 o.
821 631 1301 717 sUETONI
1359 615 2043 711 TRANQUILLI
2519 715 2520 720 Ν

389 827 624 929 DE
724 820 1186 923 VITA
1286 803 2327 916 CAESARUM

1082 1006 1086 1012 '
1150 1017 1427 1084 LIBER
1467 1014 1560 1079 11.

924 1194 1212 1271 DIVUS
1272 1185 1781 1264 AUGUSTUS.

315 1549 345 1599 1
489 1538 728 1598 Gentem
759 1534 1057 1596 Octaviam
1092 1533 1338 1595 Velitris
1367 1531 1738 1609 praecipuam
1766 1523 1904 1585 olim
1932 1523 2135 1596 fuisse,
2185 1516 2365 1577 multa
2385 1537 2412 1577 ⁵

367 1622 678 1685 declarant.
752 1619 897 1680 Nam
927 1627 986 1678 et
1019 1619 1184 1678 vicus
1224 1616 1610 1677 celeberrima
1649 1619 1817 1691 parte
1852 1606 2051 1687 oppidi
2089 1606 2201 1663 iam
2244 1602 2362 1682 pri-

367 1708 497 1769 dem
530 1705 801 1766 Octavius
831 1703 1150 1764 vocabatur
1190 1710 1249 1761 et
1282 1697 1694 1761 ostendebatur
1733 1712 1832 1755 ara
1863 1691 2109 1753 Octavio
2154 1704 2361 1748 conse-

368 1800 558 1867 crata,
605 1791 700 1869 qui
728 1788 888 1848 bello
927 1787 1043 1848 dux
1072 1788 1309 1846 finitimo
1325 1813 1352 1862 ,1
1391 1801 1518 1844 cum
1559 1783 1714 1841 forte
1755 1778 1924 1839 Marti
1961 1793 2086 1835 rem
2116 1773 2364 1834 divinam

367 1876 624 1949 faceret,
667 1874 919 1932 nuntiata
947 1880 1194 1949 repente
1234 1870 1422 1929 hostis
1462 1866 1831 1940 incursione,
1875 1857 2202 1921 semicruda
2229 1865 2364 1916 exta

368 1967 533 2038 rapta
584 1956 722 2017 foco
768 1958 1096 2037 prosecuit,
1162 1964 1336 2034 atque
1391 1955 1468 2013 ita
1507 1949 1794 2031 proelium
1835 1949 2139 2025 ingressus
2173 1942 2366 2002 victor
2384 1961 2439 2002 ιο
2519 1988 2520 2003 ,

368 2041 535 2102 redit.
602 2041 915 2102 Decretum
940 2042 1111 2101 etiam
1152 2038 1447 2117 publicum
1486 2033 1749 2112 extabat,
1792 2049 1907 2112 quo
1950 2028 2267 2091 cavebatur
2303 2033 2366 2084 ut

368 2129 427 2185 in
454 2134 751 2206 posterum
788 2143 1019 2205 quoque
1049 2123 1219 2184 simili
1241 2122 1416 2183 modo
1449 2130 1585 2182 exta
1608 2120 1775 2181 Marti
1816 2115 2232 2189 redderentur,
2271 2128 2362 2169 re-

322 2210 701 2289 2liquiaeque
756 2209 827 2269 ad
876 2210 1155 2270 Octavios
1212 2209 1590 2269 referrentur.
1656 2203 1742 2264 Ea
1795 2219 1944 2280 gens
1982 2219 2016 2259 a
2053 2194 2364 2275 Tarquiuio

369 2294 574 2355 Prisco
605 2310 751 2370 rege
795 2296 945 2354 inter
985 2295 1242 2353 minores
1287 2293 1482 2368 gentis
1527 2288 1754 2349 adlecta
1793 2289 1852 2346 in
1890 2293 2184 2359 senatum,
2229 2295 2367 2339 mox

372 2397 406 2439 a
442 2378 651 2457 Servio
689 2375 880 2437 Tullio
917 2379 974 2436 in
1011 2378 1288 2457 patricias
1339 2376 1628 2446 traducta,
1683 2369 2045 2451 procedente
2101 2376 2365 2444 tempore
2387 2386 2439 2427 15
2519 2376 2520 2425 ἐ

371 2460 443 2523 ad
481 2461 713 2540 plebem
741 2480 806 2521 se
846 2461 1124 2539 contulit,
1166 2480 1238 2521 ac
1274 2478 1474 2521 rursus
1515 2474 1729 2535 magno
1766 2452 2076 2515 intervallo
2118 2469 2225 2530 per
2267 2447 2366 2507 Di·

372 2563 506 2605 vum
529 2544 735 2605 Iulium
767 2548 827 2604 in
853 2547 1216 2626 patriciatum
1243 2544 1413 2604 redit.
1458 2543 1680 2603 Primus
1708 2558 1782 2600 ex
1819 2540 1930 2599 hac
1971 2537 2370 2614 magistratum

372 2628 573 2711 populi
623 2629 901 2708 suffragio
948 2631 1105 2710 cepit
1157 2628 1223 2690 C.
1260 2628 1465 2690 Rufus.
1524 2626 1582 2686 Is
1625 2625 1990 2706 quaestorius
2033 2618 2154 2681 CN.
2197 2627 2256 2678 et
2296 2615 2365 2678 C.

372 2716 739 2795 procreavit,
805 2734 838 2776 a
868 2715 1073 2795 quibus
1139 2713 1356 2794 duplex
1426 2711 1798 2771 Octaviorum
1863 2704 2076 2769 familia
2129 2703 2370 2764 defluxit

375 2798 705 2860 conditione
736 2798 987 2859 diversa.
1029 2798 1325 2878 Siquidem
1350 2796 1577 2857 Gnaeus
1607 2804 1666 2855 et
1705 2793 1985 2872 deinceps
2023 2790 2096 2851 ab
2127 2806 2201 2850 eo
2231 2787 2364 2848 reli·
2387 2800 2440 2839 2⁰

374 2886 471 2963 qui
501 2901 700 2944 omnes
722 2884 904 2943 functi
935 2891 1065 2942 sunt
1091 2881 1414 2943 honoribus
1441 2881 1693 2940 summis.
1763 2877 1843 2937 At
1885 2875 1950 2936 C.
1982 2876 2222 2953 eiusque
2263 2888 2365 2952 po-

374 2969 547 3046 steri,
595 2985 700 3026 seu
755 2967 986 3027 fortuna
1023 2985 1127 3026 seu
1184 2964 1516 3043 voluntate,
1561 2967 1619 3023 in
1670 2963 1926 3041 equestri
1984 2958 2188 3019 ordine
2232 2973 2366 3017 con-

375 3053 640 3111 stiterunt
694 3069 876 3130 usque
905 3050 976 3111 ad
1046 3050 1296 3128 Augusti
1350 3057 1592 3130 patrem.
1657 3046 1920 3107 Proavus
1976 3042 2226 3120 Augusti
2279 3057 2366 3100 se-

377 3135 563 3194 cundo
592 3135 809 3195 Punico
838 3134 998 3195 bello
1027 3134 1312 3215 stipendia
1339 3136 1397 3193 in
1447 3132 1646 3193 Sicilia
1672 3130 1933 3191 tribunus
1964 3128 2203 3187 militum
2229 3125 2370 3184 fecit

373 3217 626 3278 Aemilio
665 3218 825 3298 Papo
874 3221 1246 3299 imperatore.
1314 3219 1476 3278 Avus
1528 3214 1970 3295 municipalibus
2018 3209 2363 3289 magisteriis
2387 3218 2438 3258 2⁵

378 3310 681 3361 contentus
708 3300 1029 3363 abundante
1068 3304 1411 3382 patrimonio
1440 3300 1907 3380 tranquillissime
1936 3298 2140 3358 senuit.

465 3468 478 3482 ·
501 3383 619 3444 Sed
639 3384 804 3482 ’ll-aec
850 3385 974 3456 alii;
1016 3388 1145 3467 ipse
1184 3386 1485 3464 Augustus
1527 3385 1667 3445 nihil
1698 3382 1941 3463 amplius
1986 3398 2155 3460 quam
2192 3396 2365 3457 eque·

377 3475 480 3564 stri
521 3466 734 3527 famma
773 3478 959 3528 ortum
1002 3489 1069 3530 se
1109 3470 1312 3531 scribit
1342 3479 1542 3530 vetere
1590 3487 1661 3530 ac
1697 3466 2026 3546 locuplete,
2064 3472 2124 3523 et
2159 3463 2218 3521 in
2258 3478 2367 3540 qua

379 3567 594 3626 prunus
640 3558 877 3611 senator
923 3561 1090 3631 pater
1128 3572 1264 3613 suus
1299 3555 1489 3614 fuerit.
1542 3553 1615 3614 M.
1642 3550 1929 3614 Antonius
1957 3548 2286 3608 libertinum
2313 3544 2378 3625 ei·
