<?xml version="1.0" encoding="UTF-8"?>
<!DOCTYPE html PUBLIC "-//W3C//DTD XHTML 1.0 Transitional//EN"
    "http://www.w3.org/TR/xhtml1/DTD/xhtml1-transitional.dtd">
<html xmlns="http://www.w3.org/1999/xhtml" xml:lang="en" lang="en">
 <head>
  <title>
</title>
<meta http-equiv="Content-Type" content="text/html;charset=utf-8" />
  <meta name='ocr-system' content='tesseract 3.04.00' />
  <meta name='ocr-capabilities' content='ocr_page ocr_carea ocr_par ocr_line ocrx_word'/>
</head>
<body>
  <div class='ocr_page' id='page_1' title='image "./csuetonitranqui06rothgoog_0208.png"; bbox 0 0 2553 3960; ppageno 0'>
   <div class='ocr_carea' id='block_1_1' title="bbox 137 3160 289 3213">
    <p class='ocr_par' dir='ltr' id='par_1_1' title="bbox 137 3160 289 3213">
     <span class='ocr_line' id='line_1_1' title="bbox 137 3160 289 3213; baseline -0.007 0"><span class='ocrx_word' id='word_1_1' title='bbox 137 3160 289 3213; x_wconf 73' lang='lat'>&#39;⁴22</span> 
     </span>
    </p>
   </div>
   <div class='ocr_carea' id='block_1_2' title="bbox 295 224 2148 293">
    <p class='ocr_par' dir='ltr' id='par_1_2' title="bbox 295 224 2148 293">
     <span class='ocr_line' id='line_1_2' title="bbox 295 224 2148 293; baseline -0.006 -4"><span class='ocrx_word' id='word_1_2' title='bbox 295 224 378 289; x_wconf 84' lang='grc'>96</span> <span class='ocrx_word' id='word_1_3' title='bbox 463 234 523 283; x_wconf 90' lang='lat' dir='ltr'>c.</span> <span class='ocrx_word' id='word_1_4' title='bbox 551 232 849 283; x_wconf 74' lang='lat' dir='ltr'>sumom</span> <span class='ocrx_word' id='word_1_5' title='bbox 883 230 1139 293; x_wconf 72' lang='lat' dir='ltr'>TRANQ.</span> <span class='ocrx_word' id='word_1_6' title='bbox 1167 233 1265 280; x_wconf 82' lang='lat' dir='ltr'>DE</span> <span class='ocrx_word' id='word_1_7' title='bbox 1289 232 1458 281; x_wconf 76' lang='lat' dir='ltr'>vrrA</span> <span class='ocrx_word' id='word_1_8' title='bbox 1484 230 1854 281; x_wconf 75' lang='lat' dir='ltr'>cAESAmm</span> <span class='ocrx_word' id='word_1_9' title='bbox 1882 230 2019 278; x_wconf 77' lang='lat' dir='ltr'>Lm.</span> <span class='ocrx_word' id='word_1_10' title='bbox 2046 229 2148 277; x_wconf 91' lang='lat'>111.</span> 
     </span>
    </p>
   </div>
   <div class='ocr_carea' id='block_1_3' title="bbox 296 385 2401 3600">
    <p class='ocr_par' dir='ltr' id='par_1_3' title="bbox 297 385 2397 1318">
     <span class='ocr_line' id='line_1_3' title="bbox 297 385 2322 471; baseline -0.004 -18"><span class='ocrx_word' id='word_1_11' title='bbox 297 385 600 471; x_wconf 81' lang='lat' dir='ltr'><strong>numquam</strong></span> <span class='ocrx_word' id='word_1_12' title='bbox 641 389 1008 450; x_wconf 86' lang='lat' dir='ltr'>remissiores</span> <span class='ocrx_word' id='word_1_13' title='bbox 1053 389 1477 468; x_wconf 84' lang='lat' dir='ltr'>hilarioresque</span> <span class='ocrx_word' id='word_1_14' title='bbox 1522 407 1825 450; x_wconf 84' lang='lat' dir='ltr'>sermones</span> <span class='ocrx_word' id='word_1_15' title='bbox 1866 385 2322 469; x_wconf 85' lang='lat' dir='ltr'>superveniente</span> 
     </span>
     <span class='ocr_line' id='line_1_4' title="bbox 301 472 2328 554; baseline -0.004 -15"><span class='ocrx_word' id='word_1_16' title='bbox 301 495 375 538; x_wconf 91' lang='lat' dir='ltr'>eo</span> <span class='ocrx_word' id='word_1_17' title='bbox 411 478 813 554; x_wconf 86' lang='lat' dir='ltr'>abrumperet;</span> <span class='ocrx_word' id='word_1_18' title='bbox 850 473 955 533; x_wconf 90' lang='lat' dir='ltr'>sed</span> <span class='ocrx_word' id='word_1_19' title='bbox 986 484 1380 554; x_wconf 84' lang='lat' dir='ltr'>expugnatum</span> <span class='ocrx_word' id='word_1_20' title='bbox 1416 474 1690 554; x_wconf 89' lang='lat' dir='ltr'>precibus</span> <span class='ocrx_word' id='word_1_21' title='bbox 1722 475 1921 534; x_wconf 86' lang='lat' dir='ltr'>uxoris</span> <span class='ocrx_word' id='word_1_22' title='bbox 1948 472 2328 551; x_wconf 87' lang='lat' dir='ltr'>adoptionem</span> 
     </span>
     <span class='ocr_line' id='line_1_5' title="bbox 302 558 2324 637; baseline -0.004 -15"><span class='ocrx_word' id='word_1_23' title='bbox 302 581 422 624; x_wconf 92' lang='lat' dir='ltr'>non</span> <span class='ocrx_word' id='word_1_24' title='bbox 453 561 746 637; x_wconf 84' lang='lat' dir='ltr'>abnuisse,</span> <span class='ocrx_word' id='word_1_25' title='bbox 775 558 872 618; x_wconf 82' lang='lat' dir='ltr'>vel</span> <span class='ocrx_word' id='word_1_26' title='bbox 897 560 1067 618; x_wconf 88' lang='lat' dir='ltr'>etiam</span> <span class='ocrx_word' id='word_1_27' title='bbox 1099 558 1412 619; x_wconf 83' lang='lat' dir='ltr'>ambitione</span> <span class='ocrx_word' id='word_1_28' title='bbox 1446 569 1713 636; x_wconf 86' lang='lat' dir='ltr'>tractum,</span> <span class='ocrx_word' id='word_1_29' title='bbox 1746 567 1807 617; x_wconf 89' lang='lat' dir='ltr'>ut</span> <span class='ocrx_word' id='word_1_30' title='bbox 1836 559 1937 618; x_wconf 88' lang='lat' dir='ltr'>tali</span> <span class='ocrx_word' id='word_1_31' title='bbox 1967 571 2324 617; x_wconf 78' lang='lat' dir='ltr'>successore</span> 
     </span>
     <span class='ocr_line' id='line_1_6' title="bbox 304 643 2321 723; baseline -0.004 -16"><span class='ocrx_word' id='word_1_32' title='bbox 304 644 752 707; x_wconf 85' lang='lat' dir='ltr'>desiderabilior</span> <span class='ocrx_word' id='word_1_33' title='bbox 798 643 927 722; x_wconf 88' lang='lat' dir='ltr'>ipse</span> <span class='ocrx_word' id='word_1_34' title='bbox 973 644 1322 723; x_wconf 89' lang='lat' dir='ltr'>quandoque</span> <span class='ocrx_word' id='word_1_35' title='bbox 1356 645 1543 704; x_wconf 85' lang='lat' dir='ltr'>fieret.</span> <span class='ocrx_word' id='word_1_36' title='bbox 1611 643 1839 704; x_wconf 87' lang='lat' dir='ltr'>Adduci</span> <span class='ocrx_word' id='word_1_37' title='bbox 1871 652 2062 704; x_wconf 89' lang='lat' dir='ltr'>tamen</span> <span class='ocrx_word' id='word_1_38' title='bbox 2092 655 2321 720; x_wconf 86' lang='lat' dir='ltr'>nequeo</span> 
     </span>
     <span class='ocr_line' id='line_1_7' title="bbox 304 726 2370 811; baseline -0.002 -20"><span class='ocrx_word' id='word_1_39' title='bbox 304 734 441 811; x_wconf 87' lang='lat' dir='ltr'>quin</span> <span class='ocrx_word' id='word_1_40' title='bbox 473 732 824 806; x_wconf 87' lang='lat' dir='ltr'>existimem,</span> <span class='ocrx_word' id='word_1_41' title='bbox 861 727 1510 808; x_wconf 83' lang='lat' dir='ltr'>circumspectissimum</span> <span class='ocrx_word' id='word_1_42' title='bbox 1542 738 1598 789; x_wconf 90' lang='lat' dir='ltr'>et</span> <span class='ocrx_word' id='word_1_43' title='bbox 1630 727 2134 808; x_wconf 87' lang='lat' dir='ltr'>prudentissimum</span> <span class='ocrx_word' id='word_1_44' title='bbox 2169 726 2320 805; x_wconf 89' lang='lat' dir='ltr'>prin·</span> <span class='ocrx_word' id='word_1_45' title='bbox 2344 745 2370 786; x_wconf 77' lang='lat'><strong>⁵</strong></span> 
     </span>
     <span class='ocr_line' id='line_1_8' title="bbox 305 807 2324 896; baseline -0.004 -20"><span class='ocrx_word' id='word_1_46' title='bbox 305 818 528 896; x_wconf 90' lang='lat' dir='ltr'>cipem,</span> <span class='ocrx_word' id='word_1_47' title='bbox 556 817 613 873; x_wconf 90' lang='lat' dir='ltr'>in</span> <span class='ocrx_word' id='word_1_48' title='bbox 643 820 801 874; x_wconf 91' lang='lat' dir='ltr'>tanto</span> <span class='ocrx_word' id='word_1_49' title='bbox 833 814 1176 891; x_wconf 86' lang='lat' dir='ltr'>praesertim</span> <span class='ocrx_word' id='word_1_50' title='bbox 1206 815 1483 892; x_wconf 84' lang='lat' dir='ltr'>negotio,</span> <span class='ocrx_word' id='word_1_51' title='bbox 1515 813 1655 874; x_wconf 89' lang='lat' dir='ltr'>nibil</span> <span class='ocrx_word' id='word_1_52' title='bbox 1686 822 1906 873; x_wconf 86' lang='lat' dir='ltr'>temere</span> <span class='ocrx_word' id='word_1_53' title='bbox 1934 812 2180 879; x_wconf 79' lang='lat' dir='ltr'>fecisse3</span> <span class='ocrx_word' id='word_1_54' title='bbox 2218 807 2324 869; x_wconf 90' lang='lat' dir='ltr'>sed</span> 
     </span>
     <span class='ocr_line' id='line_1_9' title="bbox 302 895 2322 979; baseline -0.004 -19"><span class='ocrx_word' id='word_1_55' title='bbox 302 901 458 961; x_wconf 88' lang='lat' dir='ltr'>vitiis</span> <span class='ocrx_word' id='word_1_56' title='bbox 491 899 709 960; x_wconf 87' lang='lat' dir='ltr'>Tiberii</span> <span class='ocrx_word' id='word_1_57' title='bbox 753 896 1180 976; x_wconf 85' lang='lat' dir='ltr'>virtutibusque</span> <span class='ocrx_word' id='word_1_58' title='bbox 1224 900 1536 979; x_wconf 87' lang='lat' dir='ltr'>perpensis</span> <span class='ocrx_word' id='word_1_59' title='bbox 1585 899 1848 977; x_wconf 87' lang='lat' dir='ltr'>potiores</span> <span class='ocrx_word' id='word_1_60' title='bbox 1878 896 2114 957; x_wconf 88' lang='lat' dir='ltr'>duxisse</span> <span class='ocrx_word' id='word_1_61' title='bbox 2146 895 2322 954; x_wconf 88' lang='lat' dir='ltr'>virtu·</span> 
     </span>
     <span class='ocr_line' id='line_1_10' title="bbox 301 982 2324 1063; baseline -0.004 -18"><span class='ocrx_word' id='word_1_62' title='bbox 301 994 426 1063; x_wconf 77' lang='lat' dir='ltr'>teS,</span> <span class='ocrx_word' id='word_1_63' title='bbox 473 983 818 1063; x_wconf 87' lang='lat' dir='ltr'>praesertim</span> <span class='ocrx_word' id='word_1_64' title='bbox 863 999 990 1041; x_wconf 89' lang='lat' dir='ltr'>cum</span> <span class='ocrx_word' id='word_1_65' title='bbox 1034 992 1093 1042; x_wconf 91' lang='lat' dir='ltr'>et</span> <span class='ocrx_word' id='word_1_66' title='bbox 1136 986 1222 1043; x_wconf 87' lang='lat' dir='ltr'>rei</span> <span class='ocrx_word' id='word_1_67' title='bbox 1268 1002 1326 1063; x_wconf 89' lang='lat' dir='ltr'>p.</span> <span class='ocrx_word' id='word_1_68' title='bbox 1373 1002 1547 1044; x_wconf 87' lang='lat' dir='ltr'>causa</span> <span class='ocrx_word' id='word_1_69' title='bbox 1603 982 1886 1062; x_wconf 84' lang='lat' dir='ltr'>adoptare</span> <span class='ocrx_word' id='word_1_70' title='bbox 1935 998 2000 1041; x_wconf 90' lang='lat' dir='ltr'>se</span> <span class='ocrx_word' id='word_1_71' title='bbox 2043 998 2171 1039; x_wconf 88' lang='lat' dir='ltr'>eum</span> <span class='ocrx_word' id='word_1_72' title='bbox 2213 996 2324 1058; x_wconf 86' lang='lat' dir='ltr'>pro</span> 
     </span>
     <span class='ocr_line' id='line_1_11' title="bbox 306 1064 2325 1148; baseline -0.004 -17"><span class='ocrx_word' id='word_1_73' title='bbox 306 1071 580 1131; x_wconf 87' lang='lat' dir='ltr'>contione</span> <span class='ocrx_word' id='word_1_74' title='bbox 632 1068 936 1144; x_wconf 85' lang='lat' dir='ltr'>iuraverit,</span> <span class='ocrx_word' id='word_1_75' title='bbox 994 1076 1052 1127; x_wconf 90' lang='lat' dir='ltr'>et</span> <span class='ocrx_word' id='word_1_76' title='bbox 1109 1069 1378 1146; x_wconf 88' lang='lat' dir='ltr'>epistolis</span> <span class='ocrx_word' id='word_1_77' title='bbox 1420 1069 1641 1148; x_wconf 89' lang='lat' dir='ltr'>aliquot</span> <span class='ocrx_word' id='word_1_78' title='bbox 1686 1076 1749 1127; x_wconf 88' lang='lat' dir='ltr'>ut</span> <span class='ocrx_word' id='word_1_79' title='bbox 1789 1066 2197 1146; x_wconf 88' lang='lat' dir='ltr'>peritissimum</span> <span class='ocrx_word' id='word_1_80' title='bbox 2237 1064 2325 1123; x_wconf 90' lang='lat' dir='ltr'>rei</span> 
     </span>
     <span class='ocr_line' id='line_1_12' title="bbox 302 1147 2397 1233; baseline -0.004 -19"><span class='ocrx_word' id='word_1_81' title='bbox 302 1153 563 1214; x_wconf 88' lang='lat' dir='ltr'>militaris</span> <span class='ocrx_word' id='word_1_82' title='bbox 614 1160 791 1230; x_wconf 89' lang='lat' dir='ltr'>utque</span> <span class='ocrx_word' id='word_1_83' title='bbox 842 1147 1069 1210; x_wconf 85' lang='lat' dir='ltr'>unicum</span> <span class='ocrx_word' id='word_1_84' title='bbox 1114 1152 1177 1212; x_wconf 92' lang='lat' dir='ltr'>P.</span> <span class='ocrx_word' id='word_1_85' title='bbox 1222 1154 1293 1214; x_wconf 89' lang='lat' dir='ltr'>R.</span> <span class='ocrx_word' id='word_1_86' title='bbox 1348 1153 1698 1233; x_wconf 88' lang='lat' dir='ltr'>praesidium</span> <span class='ocrx_word' id='word_1_87' title='bbox 1753 1158 2161 1230; x_wconf 87' lang='lat' dir='ltr'>prosequatur.</span> <span class='ocrx_word' id='word_1_88' title='bbox 2229 1147 2323 1207; x_wconf 87' lang='lat' dir='ltr'>Ex</span> <span class='ocrx_word' id='word_1_89' title='bbox 2341 1163 2397 1206; x_wconf 79' lang='lat'>10</span> 
     </span>
     <span class='ocr_line' id='line_1_13' title="bbox 307 1234 1782 1318; baseline -0.001 -22"><span class='ocrx_word' id='word_1_90' title='bbox 307 1237 513 1318; x_wconf 89' lang='lat' dir='ltr'>quibus</span> <span class='ocrx_word' id='word_1_91' title='bbox 547 1238 602 1296; x_wconf 89' lang='lat' dir='ltr'>in</span> <span class='ocrx_word' id='word_1_92' title='bbox 635 1234 963 1313; x_wconf 87' lang='lat' dir='ltr'>exemplum</span> <span class='ocrx_word' id='word_1_93' title='bbox 995 1242 1180 1312; x_wconf 82' lang='lat' dir='ltr'>pauca</span> <span class='ocrx_word' id='word_1_94' title='bbox 1211 1236 1344 1298; x_wconf 90' lang='lat' dir='ltr'>hinc</span> <span class='ocrx_word' id='word_1_95' title='bbox 1377 1237 1506 1298; x_wconf 90' lang='lat' dir='ltr'>inde</span> <span class='ocrx_word' id='word_1_96' title='bbox 1540 1236 1782 1297; x_wconf 88' lang='lat' dir='ltr'>subieci.</span> 
     </span>
    </p>

    <p class='ocr_par' dir='ltr' id='par_1_4' title="bbox 303 1311 2332 1571">
     <span class='ocr_line' id='line_1_14' title="bbox 434 1311 2327 1400; baseline -0.001 -19"><span class='ocrx_word' id='word_1_97' title='bbox 434 1320 617 1397; x_wconf 92' lang='lat' dir='ltr'>Vale,</span> <span class='ocrx_word' id='word_1_98' title='bbox 653 1318 1094 1381; x_wconf 86' lang='lat' dir='ltr'>iucundissime</span> <span class='ocrx_word' id='word_1_99' title='bbox 1130 1320 1369 1399; x_wconf 80' lang='lat' dir='ltr'>Tiberi,</span> <span class='ocrx_word' id='word_1_100' title='bbox 1416 1330 1472 1383; x_wconf 87' lang='lat' dir='ltr'>et</span> <span class='ocrx_word' id='word_1_101' title='bbox 1496 1321 1766 1400; x_wconf 80' lang='lat' dir='ltr'>feliciter</span> <span class='ocrx_word' id='word_1_102' title='bbox 1795 1340 1926 1396; x_wconf 87' lang='lat' dir='ltr'>rem</span> <span class='ocrx_word' id='word_1_103' title='bbox 1954 1338 2134 1400; x_wconf 71' lang='lat' dir='ltr'>yere,</span> <span class='ocrx_word' id='word_1_104' title='bbox 2181 1311 2327 1399; x_wconf 80' lang='grc' dir='ltr'><strong><em>ἐμοὶ</em></strong></span> 
     </span>
     <span class='ocr_line' id='line_1_15' title="bbox 305 1400 2332 1488; baseline -0.001 -21"><span class='ocrx_word' id='word_1_105' title='bbox 305 1400 417 1468; x_wconf 85' lang='grc' dir='ltr'>καὶ</span> <span class='ocrx_word' id='word_1_106' title='bbox 467 1412 608 1477; x_wconf 81' lang='grc' dir='ltr'><strong><em>ταῖς</em></strong></span> <span class='ocrx_word' id='word_1_107' title='bbox 647 1404 827 1483; x_wconf 89' lang='grc' dir='ltr'><strong><em>*μου</em></strong></span> <span class='ocrx_word' id='word_1_108' title='bbox 874 1422 981 1463; x_wconf 73' lang='lat' dir='ltr'>cca</span> <span class='ocrx_word' id='word_1_109' title='bbox 1020 1423 1233 1467; x_wconf 81' lang='grc' dir='ltr'><strong><em>οαιοτε</em></strong></span> <span class='ocrx_word' id='word_1_110' title='bbox 1279 1403 1687 1488; x_wconf 74' lang='grc' dir='ltr'><em>στρατηγῶν.</em></span> <span class='ocrx_word' id='word_1_111' title='bbox 1766 1403 2220 1466; x_wconf 76' lang='lat' dir='ltr'>Iucundissime</span> <span class='ocrx_word' id='word_1_112' title='bbox 2271 1410 2332 1465; x_wconf 85' lang='lat' dir='ltr'>et</span> 
     </span>
     <span class='ocr_line' id='line_1_16' title="bbox 303 1482 2167 1571; baseline -0.001 -20"><span class='ocrx_word' id='word_1_113' title='bbox 303 1490 396 1551; x_wconf 87' lang='lat' dir='ltr'>ita</span> <span class='ocrx_word' id='word_1_114' title='bbox 423 1491 540 1551; x_wconf 90' lang='lat' dir='ltr'>sim</span> <span class='ocrx_word' id='word_1_115' title='bbox 564 1489 724 1568; x_wconf 75' lang='lat' dir='ltr'>felia:</span> <span class='ocrx_word' id='word_1_116' title='bbox 743 1534 759 1565; x_wconf 98' lang='lat'>,</span> <span class='ocrx_word' id='word_1_117' title='bbox 793 1487 893 1548; x_wconf 83' lang='lat' dir='ltr'>vir</span> <span class='ocrx_word' id='word_1_118' title='bbox 914 1486 1255 1565; x_wconf 75' lang='lat' dir='ltr'>fortissime</span> <span class='ocrx_word' id='word_1_119' title='bbox 1286 1499 1343 1553; x_wconf 90' lang='lat' dir='ltr'>et</span> <span class='ocrx_word' id='word_1_120' title='bbox 1369 1492 1502 1552; x_wconf 73' lang='lat' dir='ltr'>dux</span> <span class='ocrx_word' id='word_1_121' title='bbox 1529 1482 1978 1571; x_wconf 74' lang='grc' dir='ltr'><strong><em>νομιμώτατε,</em></strong></span> <span class='ocrx_word' id='word_1_122' title='bbox 2007 1490 2167 1550; x_wconf 82' lang='lat' dir='ltr'>vale.</span> 
     </span>
    </p>

    <p class='ocr_par' dir='ltr' id='par_1_5' title="bbox 296 1572 2398 1994">
     <span class='ocr_line' id='line_1_17' title="bbox 433 1572 2398 1656; baseline -0.001 -20"><span class='ocrx_word' id='word_1_123' title='bbox 433 1572 726 1637; x_wconf 81' lang='lat' dir='ltr'>Ordinem</span> <span class='ocrx_word' id='word_1_124' title='bbox 760 1573 1136 1635; x_wconf 80' lang='lat' dir='ltr'>aestivorum</span> <span class='ocrx_word' id='word_1_125' title='bbox 1165 1579 1447 1643; x_wconf 86' lang='lat' dir='ltr'>tuorum!</span> <span class='ocrx_word' id='word_1_126' title='bbox 1489 1574 1626 1656; x_wconf 72' lang='lat' dir='ltr'>qu</span> <span class='ocrx_word' id='word_1_127' title='bbox 1660 1593 1845 1652; x_wconf 82' lang='lat' dir='ltr'>vero,</span> <span class='ocrx_word' id='word_1_128' title='bbox 1876 1575 1962 1636; x_wconf 90' lang='lat' dir='ltr'>mi</span> <span class='ocrx_word' id='word_1_129' title='bbox 1998 1574 2233 1650; x_wconf 86' lang='lat' dir='ltr'>Tiberi,</span> <span class='ocrx_word' id='word_1_130' title='bbox 2270 1578 2330 1634; x_wconf 86' lang='lat' dir='ltr'>et</span> <span class='ocrx_word' id='word_1_131' title='bbox 2346 1589 2398 1634; x_wconf 77' lang='lat'>1⁵</span> 
     </span>
     <span class='ocr_line' id='line_1_18' title="bbox 302 1648 2328 1739; baseline -0 -20"><span class='ocrx_word' id='word_1_132' title='bbox 302 1660 463 1720; x_wconf 80' lang='lat' dir='ltr'>inter</span> <span class='ocrx_word' id='word_1_133' title='bbox 521 1666 609 1721; x_wconf 88' lang='lat' dir='ltr'>tot</span> <span class='ocrx_word' id='word_1_134' title='bbox 657 1677 868 1719; x_wconf 89' lang='lat' dir='ltr'>rerum</span> <span class='ocrx_word' id='word_1_135' title='bbox 921 1657 1325 1737; x_wconf 76' lang='lat' dir='ltr'>difficultates</span> <span class='ocrx_word' id='word_1_136' title='bbox 1378 1654 1489 1723; x_wconf 85' lang='grc' dir='ltr'>καὶ</span> <span class='ocrx_word' id='word_1_137' title='bbox 1542 1651 1879 1739; x_wconf 80' lang='grc' dir='ltr'><strong><em>τοσαύτην</em></strong></span> <span class='ocrx_word' id='word_1_138' title='bbox 1932 1648 2328 1737; x_wconf 78' lang='grc' dir='ltr'><strong><em>ἄποθυμίαν</em></strong></span> 
     </span>
     <span class='ocr_line' id='line_1_19' title="bbox 303 1738 2328 1826; baseline -0.001 -22"><span class='ocrx_word' id='word_1_139' title='bbox 303 1740 438 1804; x_wconf 74' lang='grc' dir='ltr'>τῶν</span> <span class='ocrx_word' id='word_1_140' title='bbox 481 1738 1039 1824; x_wconf 80' lang='grc' dir='ltr'><strong><em>στρατευομένων</em></strong></span> <span class='ocrx_word' id='word_1_141' title='bbox 1080 1764 1205 1807; x_wconf 87' lang='lat' dir='ltr'>non</span> <span class='ocrx_word' id='word_1_142' title='bbox 1235 1746 1519 1826; x_wconf 81' lang='lat' dir='ltr'>potuisse</span> <span class='ocrx_word' id='word_1_143' title='bbox 1559 1761 1924 1826; x_wconf 83' lang='lat' dir='ltr'>quemquam</span> <span class='ocrx_word' id='word_1_144' title='bbox 1957 1743 2328 1823; x_wconf 81' lang='lat' dir='ltr'>prudentius</span> 
     </span>
     <span class='ocr_line' id='line_1_20' title="bbox 303 1827 2327 1909; baseline -0.001 -20"><span class='ocrx_word' id='word_1_145' title='bbox 303 1847 521 1908; x_wconf 75' lang='lat' dir='ltr'>yerere</span> <span class='ocrx_word' id='word_1_146' title='bbox 547 1847 616 1889; x_wconf 93' lang='lat' dir='ltr'>se</span> <span class='ocrx_word' id='word_1_147' title='bbox 643 1846 828 1908; x_wconf 90' lang='lat' dir='ltr'>quam</span> <span class='ocrx_word' id='word_1_148' title='bbox 857 1834 920 1887; x_wconf 89' lang='lat' dir='ltr'>tu</span> <span class='ocrx_word' id='word_1_149' title='bbox 947 1831 1257 1909; x_wconf 71' lang='lat' dir='ltr'>yesseris,</span> <span class='ocrx_word' id='word_1_150' title='bbox 1293 1831 1595 1892; x_wconf 73' lang='lat' dir='ltr'>existimo.</span> <span class='ocrx_word' id='word_1_151' title='bbox 1653 1827 1715 1890; x_wconf 90' lang='lat' dir='ltr'>Ii</span> <span class='ocrx_word' id='word_1_152' title='bbox 1743 1847 1984 1909; x_wconf 90' lang='lat' dir='ltr'>quoque</span> <span class='ocrx_word' id='word_1_153' title='bbox 2004 1830 2111 1908; x_wconf 91' lang='lat' dir='ltr'>qui</span> <span class='ocrx_word' id='word_1_154' title='bbox 2134 1834 2327 1889; x_wconf 90' lang='lat' dir='ltr'>tecum</span> 
     </span>
     <span class='ocr_line' id='line_1_21' title="bbox 296 1911 2284 1994; baseline 0 -22"><span class='ocrx_word' id='word_1_155' title='bbox 296 1911 554 1993; x_wconf 82' lang='lat' dir='ltr'>fuerunt</span> <span class='ocrx_word' id='word_1_156' title='bbox 587 1931 794 1975; x_wconf 87' lang='lat' dir='ltr'>omnes</span> <span class='ocrx_word' id='word_1_157' title='bbox 824 1914 1217 1994; x_wconf 83' lang='lat' dir='ltr'>confitentur,</span> <span class='ocrx_word' id='word_1_158' title='bbox 1250 1934 1498 1977; x_wconf 81' lang='lat' dir='ltr'>versum</span> <span class='ocrx_word' id='word_1_159' title='bbox 1529 1915 1700 1975; x_wconf 89' lang='lat' dir='ltr'>illum</span> <span class='ocrx_word' id='word_1_160' title='bbox 1726 1915 1791 1975; x_wconf 85' lang='lat' dir='ltr'>in</span> <span class='ocrx_word' id='word_1_161' title='bbox 1820 1920 1877 1976; x_wconf 85' lang='lat' dir='ltr'>te</span> <span class='ocrx_word' id='word_1_162' title='bbox 1900 1931 2096 1994; x_wconf 84' lang='lat' dir='ltr'>posse</span> <span class='ocrx_word' id='word_1_163' title='bbox 2125 1912 2253 1973; x_wconf 85' lang='lat' dir='ltr'>dici</span> <span class='ocrx_word' id='word_1_164' title='bbox 2262 1934 2284 1971; x_wconf 94' lang='lat'>.·</span> 
     </span>
    </p>

    <p class='ocr_par' dir='ltr' id='par_1_6' title="bbox 679 2003 2400 2082">
     <span class='ocr_line' id='line_1_22' title="bbox 679 2003 2400 2082; baseline -0.003 -22"><span class='ocrx_word' id='word_1_165' title='bbox 679 2003 834 2060; x_wconf 83' lang='lat' dir='ltr'>Unus</span> <span class='ocrx_word' id='word_1_166' title='bbox 871 2003 1029 2058; x_wconf 77' lang='lat' dir='ltr'>homo</span> <span class='ocrx_word' id='word_1_167' title='bbox 1067 2006 1221 2062; x_wconf 82' lang='lat' dir='ltr'>nobis</span> <span class='ocrx_word' id='word_1_168' title='bbox 1261 2007 1539 2082; x_wconf 75' lang='lat' dir='ltr'>viyilando</span> <span class='ocrx_word' id='word_1_169' title='bbox 1577 2006 1813 2061; x_wconf 78' lang='lat' dir='ltr'>restituit</span> <span class='ocrx_word' id='word_1_170' title='bbox 1843 2020 1982 2060; x_wconf 85' lang='lat' dir='ltr'>rem.</span> <span class='ocrx_word' id='word_1_171' title='bbox 2343 2011 2400 2054; x_wconf 74' lang='lat'>2⁰</span> 
     </span>
    </p>

    <p class='ocr_par' dir='ltr' id='par_1_7' title="bbox 303 2081 2328 2333">
     <span class='ocr_line' id='line_1_23' title="bbox 429 2081 2322 2166; baseline -0.001 -23"><span class='ocrx_word' id='word_1_172' title='bbox 429 2082 578 2144; x_wconf 79' lang='lat' dir='ltr'>Sive</span> <span class='ocrx_word' id='word_1_173' title='bbox 628 2083 780 2162; x_wconf 87' lang='lat' dir='ltr'>quid</span> <span class='ocrx_word' id='word_1_174' title='bbox 824 2081 1046 2144; x_wconf 85' lang='lat' dir='ltr'>incidit</span> <span class='ocrx_word' id='word_1_175' title='bbox 1094 2084 1172 2143; x_wconf 89' lang='lat' dir='ltr'>de</span> <span class='ocrx_word' id='word_1_176' title='bbox 1220 2104 1339 2166; x_wconf 91' lang='lat' dir='ltr'>quo</span> <span class='ocrx_word' id='word_1_177' title='bbox 1392 2087 1474 2147; x_wconf 88' lang='lat' dir='ltr'>sit</span> <span class='ocrx_word' id='word_1_178' title='bbox 1514 2084 1910 2165; x_wconf 73' lang='lat' dir='ltr'>coqitandum</span> <span class='ocrx_word' id='word_1_179' title='bbox 1948 2082 2322 2164; x_wconf 73' lang='lat' dir='ltr'>diliqentius,</span> 
     </span>
     <span class='ocr_line' id='line_1_24' title="bbox 303 2167 2328 2247; baseline 0 -19"><span class='ocrx_word' id='word_1_180' title='bbox 303 2167 436 2228; x_wconf 83' lang='lat' dir='ltr'>sive</span> <span class='ocrx_word' id='word_1_181' title='bbox 463 2168 612 2246; x_wconf 90' lang='lat' dir='ltr'>quid</span> <span class='ocrx_word' id='word_1_182' title='bbox 645 2168 1004 2228; x_wconf 74' lang='lat' dir='ltr'>stomachor</span> <span class='ocrx_word' id='word_1_183' title='bbox 1033 2169 1239 2247; x_wconf 86' lang='lat' dir='ltr'>valde,</span> <span class='ocrx_word' id='word_1_184' title='bbox 1269 2171 1508 2232; x_wconf 86' lang='lat' dir='ltr'>medius</span> <span class='ocrx_word' id='word_1_185' title='bbox 1537 2169 1757 2231; x_wconf 88' lang='lat' dir='ltr'>Fidius</span> <span class='ocrx_word' id='word_1_186' title='bbox 1795 2168 2103 2231; x_wconf 86' lang='lat' dir='ltr'>Tiberium</span> <span class='ocrx_word' id='word_1_187' title='bbox 2130 2186 2328 2228; x_wconf 88' lang='lat' dir='ltr'>meum</span> 
     </span>
     <span class='ocr_line' id='line_1_25' title="bbox 304 2250 1867 2333; baseline 0.001 -20"><span class='ocrx_word' id='word_1_188' title='bbox 304 2250 625 2327; x_wconf 86' lang='lat' dir='ltr'>desidero,</span> <span class='ocrx_word' id='word_1_189' title='bbox 653 2251 1085 2333; x_wconf 82' lang='lat' dir='ltr'>succurritque</span> <span class='ocrx_word' id='word_1_190' title='bbox 1111 2272 1335 2317; x_wconf 82' lang='lat' dir='ltr'>versus</span> <span class='ocrx_word' id='word_1_191' title='bbox 1367 2257 1471 2317; x_wconf 88' lang='lat' dir='ltr'>ille</span> <span class='ocrx_word' id='word_1_192' title='bbox 1498 2253 1867 2316; x_wconf 87' lang='lat' dir='ltr'>Homericus</span> 
     </span>
    </p>

    <p class='ocr_par' dir='ltr' id='par_1_8' title="bbox 541 2327 2401 2505">
     <span class='ocr_line' id='line_1_26' title="bbox 560 2327 2116 2420; baseline 0.002 -26"><span class='ocrx_word' id='word_1_193' title='bbox 560 2330 790 2396; x_wconf 83' lang='grc' dir='ltr'><strong><em>Τούτου</em></strong></span> <span class='ocrx_word' id='word_1_194' title='bbox 816 2327 865 2417; x_wconf 85' lang='lat' dir='ltr'>y’</span> <span class='ocrx_word' id='word_1_195' title='bbox 901 2335 1280 2416; x_wconf 80' lang='grc' dir='ltr'><strong><em>ἑσπομένοιο,</em></strong></span> <span class='ocrx_word' id='word_1_196' title='bbox 1317 2339 1421 2401; x_wconf 82' lang='grc' dir='ltr'>καὶ</span> <span class='ocrx_word' id='word_1_197' title='bbox 1456 2337 1520 2400; x_wconf 77' lang='grc' dir='ltr'>ἐκ</span> <span class='ocrx_word' id='word_1_198' title='bbox 1552 2330 1741 2420; x_wconf 80' lang='grc' dir='ltr'><strong><em>πυρὸς</em></strong></span> <span class='ocrx_word' id='word_1_199' title='bbox 1770 2336 2116 2418; x_wconf 81' lang='grc' dir='ltr'><strong><em>αἰθομένοιο</em></strong></span> 
     </span>
     <span class='ocr_line' id='line_1_27' title="bbox 541 2412 2401 2505; baseline 0.002 -26"><span class='ocrx_word' id='word_1_200' title='bbox 541 2412 760 2498; x_wconf 74' lang='grc' dir='ltr'><strong><em>’Ἀμφω</em></strong></span> <span class='ocrx_word' id='word_1_201' title='bbox 790 2413 1213 2503; x_wconf 80' lang='grc' dir='ltr'><strong><em>νοστήσαιμεν,</em></strong></span> <span class='ocrx_word' id='word_1_202' title='bbox 1247 2422 1374 2486; x_wconf 81' lang='grc' dir='ltr'><strong><em>ἐπεὶ</em></strong></span> <span class='ocrx_word' id='word_1_203' title='bbox 1403 2423 1666 2505; x_wconf 80' lang='grc' dir='ltr'><strong><em>περίοιδε</em></strong></span> <span class='ocrx_word' id='word_1_204' title='bbox 1694 2425 1926 2500; x_wconf 84' lang='grc' dir='ltr'><strong><em>νοῆσαι.</em></strong></span> <span class='ocrx_word' id='word_1_205' title='bbox 2344 2430 2401 2472; x_wconf 75' lang='lat'>25</span> 
     </span>
    </p>

    <p class='ocr_par' dir='ltr' id='par_1_9' title="bbox 303 2502 2395 2923">
     <span class='ocr_line' id='line_1_28' title="bbox 432 2502 2323 2572; baseline -0.001 -4"><span class='ocrx_word' id='word_1_206' title='bbox 432 2502 828 2568; x_wconf 84' lang='lat' dir='ltr'>Attenuatum</span> <span class='ocrx_word' id='word_1_207' title='bbox 870 2513 928 2569; x_wconf 90' lang='lat' dir='ltr'>te</span> <span class='ocrx_word' id='word_1_208' title='bbox 965 2526 1102 2570; x_wconf 90' lang='lat' dir='ltr'>esse</span> <span class='ocrx_word' id='word_1_209' title='bbox 1136 2511 1596 2572; x_wconf 87' lang='lat' dir='ltr'>continuatione</span> <span class='ocrx_word' id='word_1_210' title='bbox 1625 2508 1912 2570; x_wconf 88' lang='lat' dir='ltr'>laborum</span> <span class='ocrx_word' id='word_1_211' title='bbox 1947 2525 2083 2567; x_wconf 81' lang='lat' dir='ltr'>cum</span> <span class='ocrx_word' id='word_1_212' title='bbox 2129 2505 2323 2567; x_wconf 89' lang='lat' dir='ltr'>audio</span> 
     </span>
     <span class='ocr_line' id='line_1_29' title="bbox 303 2588 2320 2672; baseline 0.001 -23"><span class='ocrx_word' id='word_1_213' title='bbox 303 2595 364 2653; x_wconf 89' lang='lat' dir='ltr'>et</span> <span class='ocrx_word' id='word_1_214' title='bbox 405 2588 571 2670; x_wconf 72' lang='lat' dir='ltr'>leyo,</span> <span class='ocrx_word' id='word_1_215' title='bbox 604 2589 672 2651; x_wconf 88' lang='lat' dir='ltr'>di</span> <span class='ocrx_word' id='word_1_216' title='bbox 697 2611 792 2652; x_wconf 90' lang='lat' dir='ltr'>me</span> <span class='ocrx_word' id='word_1_217' title='bbox 814 2592 1089 2671; x_wconf 81' lang='lat' dir='ltr'>perdant</span> <span class='ocrx_word' id='word_1_218' title='bbox 1113 2596 1240 2657; x_wconf 87' lang='lat' dir='ltr'>nisi</span> <span class='ocrx_word' id='word_1_219' title='bbox 1267 2594 1651 2657; x_wconf 82' lang='lat' dir='ltr'>cohorrescit</span> <span class='ocrx_word' id='word_1_220' title='bbox 1683 2609 1914 2672; x_wconf 88' lang='lat' dir='ltr'>corpus</span> <span class='ocrx_word' id='word_1_221' title='bbox 1942 2609 2137 2651; x_wconf 89' lang='lat' dir='ltr'>meum</span> <span class='ocrx_word' id='word_1_222' title='bbox 2153 2615 2184 2661; x_wconf 91' lang='lat'>,·</span> <span class='ocrx_word' id='word_1_223' title='bbox 2235 2597 2320 2652; x_wconf 85' lang='lat' dir='ltr'>te·</span> 
     </span>
     <span class='ocr_line' id='line_1_30' title="bbox 304 2675 2326 2758; baseline 0 -23"><span class='ocrx_word' id='word_1_224' title='bbox 304 2692 420 2754; x_wconf 86' lang='lat' dir='ltr'>que</span> <span class='ocrx_word' id='word_1_225' title='bbox 459 2694 572 2736; x_wconf 89' lang='lat' dir='ltr'>oro</span> <span class='ocrx_word' id='word_1_226' title='bbox 615 2682 685 2736; x_wconf 87' lang='lat' dir='ltr'>ut</span> <span class='ocrx_word' id='word_1_227' title='bbox 715 2695 963 2755; x_wconf 81' lang='lat' dir='ltr'>parcas</span> <span class='ocrx_word' id='word_1_228' title='bbox 1006 2677 1149 2756; x_wconf 86' lang='lat' dir='ltr'>tibi,</span> <span class='ocrx_word' id='word_1_229' title='bbox 1199 2699 1276 2741; x_wconf 85' lang='lat' dir='ltr'>ne</span> <span class='ocrx_word' id='word_1_230' title='bbox 1301 2680 1360 2740; x_wconf 89' lang='lat' dir='ltr'>si</span> <span class='ocrx_word' id='word_1_231' title='bbox 1389 2687 1446 2741; x_wconf 91' lang='lat' dir='ltr'>te</span> <span class='ocrx_word' id='word_1_232' title='bbox 1477 2680 1774 2758; x_wconf 72' lang='lat' dir='ltr'>lanquere</span> <span class='ocrx_word' id='word_1_233' title='bbox 1810 2675 2222 2751; x_wconf 88' lang='lat' dir='ltr'>audierimus,</span> <span class='ocrx_word' id='word_1_234' title='bbox 2267 2681 2326 2736; x_wconf 89' lang='lat' dir='ltr'>et</span> 
     </span>
     <span class='ocr_line' id='line_1_31' title="bbox 303 2760 2318 2842; baseline 0.001 -24"><span class='ocrx_word' id='word_1_235' title='bbox 303 2776 415 2838; x_wconf 76' lang='lat' dir='ltr'>eyo</span> <span class='ocrx_word' id='word_1_236' title='bbox 449 2766 507 2821; x_wconf 88' lang='lat' dir='ltr'>et</span> <span class='ocrx_word' id='word_1_237' title='bbox 526 2768 726 2820; x_wconf 86' lang='lat' dir='ltr'>mater</span> <span class='ocrx_word' id='word_1_238' title='bbox 757 2769 866 2823; x_wconf 90' lang='lat' dir='ltr'>tua</span> <span class='ocrx_word' id='word_1_239' title='bbox 894 2763 1248 2842; x_wconf 70' lang='lat' dir='ltr'>expiremus</span> <span class='ocrx_word' id='word_1_240' title='bbox 1281 2772 1339 2825; x_wconf 89' lang='lat' dir='ltr'>et</span> <span class='ocrx_word' id='word_1_241' title='bbox 1366 2764 1444 2826; x_wconf 89' lang='lat' dir='ltr'>de</span> <span class='ocrx_word' id='word_1_242' title='bbox 1475 2780 1715 2824; x_wconf 86' lang='lat' dir='ltr'>summa</span> <span class='ocrx_word' id='word_1_243' title='bbox 1744 2760 1968 2840; x_wconf 82' lang='lat' dir='ltr'>imperi</span> <span class='ocrx_word' id='word_1_244' title='bbox 1991 2760 2093 2821; x_wconf 89' lang='lat' dir='ltr'>sui</span> <span class='ocrx_word' id='word_1_245' title='bbox 2114 2778 2318 2839; x_wconf 83' lang='lat' dir='ltr'>popu·</span> 
     </span>
     <span class='ocr_line' id='line_1_32' title="bbox 303 2842 2395 2923; baseline 0.001 -20"><span class='ocrx_word' id='word_1_246' title='bbox 303 2842 402 2904; x_wconf 87' lang='lat' dir='ltr'>lus</span> <span class='ocrx_word' id='word_1_247' title='bbox 427 2845 503 2904; x_wconf 89' lang='lat' dir='ltr'>R.</span> <span class='ocrx_word' id='word_1_248' title='bbox 532 2844 939 2923; x_wconf 81' lang='lat' dir='ltr'>periclitetur.</span> <span class='ocrx_word' id='word_1_249' title='bbox 2341 2858 2395 2899; x_wconf 86' lang='grc' dir='ltr'>3ο</span> 
     </span>
    </p>

    <p class='ocr_par' dir='ltr' id='par_1_10' title="bbox 423 2927 2201 3012">
     <span class='ocr_line' id='line_1_33' title="bbox 423 2927 2201 3012; baseline -0.001 -22"><span class='ocrx_word' id='word_1_250' title='bbox 423 2927 600 2991; x_wconf 79' lang='lat' dir='ltr'>Nihil</span> <span class='ocrx_word' id='word_1_251' title='bbox 625 2929 880 2992; x_wconf 88' lang='lat' dir='ltr'>interest</span> <span class='ocrx_word' id='word_1_252' title='bbox 909 2932 1158 2993; x_wconf 82' lang='lat' dir='ltr'>valeam</span> <span class='ocrx_word' id='word_1_253' title='bbox 1188 2933 1328 3012; x_wconf 85' lang='lat' dir='ltr'>ipse</span> <span class='ocrx_word' id='word_1_254' title='bbox 1353 2950 1573 3008; x_wconf 84' lang='lat' dir='ltr'>necne,</span> <span class='ocrx_word' id='word_1_255' title='bbox 1610 2930 1670 2991; x_wconf 91' lang='lat' dir='ltr'>si</span> <span class='ocrx_word' id='word_1_256' title='bbox 1696 2936 1760 2991; x_wconf 86' lang='lat' dir='ltr'>tu</span> <span class='ocrx_word' id='word_1_257' title='bbox 1788 2947 1914 2991; x_wconf 84' lang='lat' dir='ltr'>non</span> <span class='ocrx_word' id='word_1_258' title='bbox 1940 2927 2201 2991; x_wconf 82' lang='lat' dir='ltr'>valebis.</span> 
     </span>
    </p>

    <p class='ocr_par' dir='ltr' id='par_1_11' title="bbox 302 3012 2324 3180">
     <span class='ocr_line' id='line_1_34' title="bbox 421 3012 2324 3094; baseline 0.001 -22"><span class='ocrx_word' id='word_1_259' title='bbox 421 3012 593 3075; x_wconf 89' lang='lat' dir='ltr'>Deos</span> <span class='ocrx_word' id='word_1_260' title='bbox 623 3013 914 3094; x_wconf 88' lang='lat' dir='ltr'>obsecro,</span> <span class='ocrx_word' id='word_1_261' title='bbox 961 3023 1031 3077; x_wconf 93' lang='lat' dir='ltr'>ut</span> <span class='ocrx_word' id='word_1_262' title='bbox 1057 3024 1115 3079; x_wconf 92' lang='lat' dir='ltr'>te</span> <span class='ocrx_word' id='word_1_263' title='bbox 1140 3018 1322 3079; x_wconf 85' lang='lat' dir='ltr'>nobis</span> <span class='ocrx_word' id='word_1_264' title='bbox 1353 3021 1717 3078; x_wconf 83' lang='lat' dir='ltr'>conservent</span> <span class='ocrx_word' id='word_1_265' title='bbox 1745 3021 1803 3075; x_wconf 87' lang='lat' dir='ltr'>et</span> <span class='ocrx_word' id='word_1_266' title='bbox 1830 3015 2047 3075; x_wconf 82' lang='lat' dir='ltr'>valere</span> <span class='ocrx_word' id='word_1_267' title='bbox 2074 3031 2239 3074; x_wconf 86' lang='lat' dir='ltr'>nunc</span> <span class='ocrx_word' id='word_1_268' title='bbox 2266 3019 2324 3073; x_wconf 86' lang='lat' dir='ltr'>et</span> 
     </span>
     <span class='ocr_line' id='line_1_35' title="bbox 302 3099 1813 3180; baseline 0.001 -23"><span class='ocrx_word' id='word_1_269' title='bbox 302 3109 545 3171; x_wconf 73' lang='lat' dir='ltr'>semper</span> <span class='ocrx_word' id='word_1_270' title='bbox 565 3100 925 3178; x_wconf 83' lang='lat' dir='ltr'>patiantur,</span> <span class='ocrx_word' id='word_1_271' title='bbox 964 3101 1024 3161; x_wconf 89' lang='lat' dir='ltr'>si</span> <span class='ocrx_word' id='word_1_272' title='bbox 1048 3122 1170 3164; x_wconf 85' lang='lat' dir='ltr'>non</span> <span class='ocrx_word' id='word_1_273' title='bbox 1200 3102 1268 3163; x_wconf 94' lang='lat' dir='ltr'>P.</span> <span class='ocrx_word' id='word_1_274' title='bbox 1304 3102 1381 3161; x_wconf 88' lang='lat' dir='ltr'>R.</span> <span class='ocrx_word' id='word_1_275' title='bbox 1412 3099 1631 3180; x_wconf 85' lang='lat' dir='ltr'>perosi</span> <span class='ocrx_word' id='word_1_276' title='bbox 1654 3105 1813 3159; x_wconf 83' lang='lat' dir='ltr'>sunt.</span> 
     </span>
    </p>

    <p class='ocr_par' dir='ltr' id='par_1_12' title="bbox 300 3177 2394 3600">
     <span class='ocr_line' id='line_1_36' title="bbox 429 3177 2321 3266; baseline 0.003 -30"><span class='ocrx_word' id='word_1_277' title='bbox 429 3177 753 3242; x_wconf 88' lang='lat' dir='ltr'>Excessum</span> <span class='ocrx_word' id='word_1_278' title='bbox 785 3183 1035 3264; x_wconf 81' lang='lat' dir='ltr'>Augusti</span> <span class='ocrx_word' id='word_1_279' title='bbox 1065 3205 1179 3248; x_wconf 92' lang='lat' dir='ltr'>non</span> <span class='ocrx_word' id='word_1_280' title='bbox 1218 3188 1378 3266; x_wconf 87' lang='lat' dir='ltr'>prius</span> <span class='ocrx_word' id='word_1_281' title='bbox 1410 3185 1599 3264; x_wconf 90' lang='lat' dir='ltr'>palam</span> <span class='ocrx_word' id='word_1_282' title='bbox 1630 3184 1800 3261; x_wconf 81' lang='lat' dir='ltr'>fecit,</span> <span class='ocrx_word' id='word_1_283' title='bbox 1843 3201 2021 3262; x_wconf 19' lang='lat' dir='ltr'>‘quam</span> <span class='ocrx_word' id='word_1_284' title='bbox 2050 3181 2321 3260; x_wconf 87' lang='lat' dir='ltr'>Agrippa</span> 
     </span>
     <span class='ocr_line' id='line_1_37' title="bbox 304 3256 2394 3348; baseline 0.008 -34"><span class='ocrx_word' id='word_1_285' title='bbox 304 3256 512 3319; x_wconf 85' lang='lat' dir='ltr'>iuvene</span> <span class='ocrx_word' id='word_1_286' title='bbox 554 3264 923 3348; x_wconf 90' lang='lat' dir='ltr'>interempto.</span> <span class='ocrx_word' id='word_1_287' title='bbox 985 3271 1151 3332; x_wconf 89' lang='lat' dir='ltr'>Hunc</span> <span class='ocrx_word' id='word_1_288' title='bbox 1192 3271 1450 3332; x_wconf 88' lang='lat' dir='ltr'>tribunus</span> <span class='ocrx_word' id='word_1_289' title='bbox 1496 3268 1733 3329; x_wconf 89' lang='lat' dir='ltr'>militum</span> <span class='ocrx_word' id='word_1_290' title='bbox 1779 3277 1977 3330; x_wconf 91' lang='lat' dir='ltr'>custos</span> <span class='ocrx_word' id='word_1_291' title='bbox 2014 3267 2320 3346; x_wconf 88' lang='lat' dir='ltr'>appositus</span> <span class='ocrx_word' id='word_1_292' title='bbox 2340 3289 2394 3331; x_wconf 82' lang='lat'>35</span> 
     </span>
     <span class='ocr_line' id='line_1_38' title="bbox 306 3342 2319 3437; baseline 0.005 -38"><span class='ocrx_word' id='word_1_293' title='bbox 306 3342 548 3420; x_wconf 88' lang='lat' dir='ltr'>occidit,</span> <span class='ocrx_word' id='word_1_294' title='bbox 582 3345 749 3407; x_wconf 90' lang='lat' dir='ltr'>lectis</span> <span class='ocrx_word' id='word_1_295' title='bbox 786 3353 1094 3433; x_wconf 78' lang='lat' dir='ltr'>codicilliS,</span> <span class='ocrx_word' id='word_1_296' title='bbox 1131 3356 1338 3437; x_wconf 90' lang='lat' dir='ltr'>quibus</span> <span class='ocrx_word' id='word_1_297' title='bbox 1369 3363 1429 3414; x_wconf 92' lang='lat' dir='ltr'>ut</span> <span class='ocrx_word' id='word_1_298' title='bbox 1457 3353 1513 3413; x_wconf 92' lang='lat' dir='ltr'>id</span> <span class='ocrx_word' id='word_1_299' title='bbox 1541 3353 1766 3412; x_wconf 84' lang='lat' dir='ltr'>faceret</span> <span class='ocrx_word' id='word_1_300' title='bbox 1796 3352 2129 3421; x_wconf 89' lang='lat' dir='ltr'>iubebatur;</span> <span class='ocrx_word' id='word_1_301' title='bbox 2163 3369 2319 3430; x_wconf 85' lang='lat' dir='ltr'>quos</span> 
     </span>
     <span class='ocr_line' id='line_1_39' title="bbox 309 3423 2316 3524; baseline 0.007 -43"><span class='ocrx_word' id='word_1_302' title='bbox 309 3423 616 3524; x_wconf 77' lang='lat' dir='ltr'>codicillos</span> <span class='ocrx_word' id='word_1_303' title='bbox 649 3429 876 3496; x_wconf 91' lang='lat' dir='ltr'>dubium</span> <span class='ocrx_word' id='word_1_304' title='bbox 911 3439 1046 3516; x_wconf 83' lang='lat' dir='ltr'>fuit,</span> <span class='ocrx_word' id='word_1_305' title='bbox 1092 3439 1469 3519; x_wconf 84' lang='lat' dir='ltr'>Augustusne</span> <span class='ocrx_word' id='word_1_306' title='bbox 1497 3438 1751 3498; x_wconf 89' lang='lat' dir='ltr'>moriens</span> <span class='ocrx_word' id='word_1_307' title='bbox 1778 3438 2151 3517; x_wconf 85' lang='lat' dir='ltr'>reliquisset,</span> <span class='ocrx_word' id='word_1_308' title='bbox 2200 3453 2316 3514; x_wconf 90' lang='lat' dir='ltr'>quo</span> 
     </span>
     <span class='ocr_line' id='line_1_40' title="bbox 300 3514 2316 3600; baseline 0.009 -38"><span class='ocrx_word' id='word_1_309' title='bbox 300 3514 600 3568; x_wconf 77' lang='lat' dir='ltr'>materiam</span> <span class='ocrx_word' id='word_1_310' title='bbox 643 3518 912 3581; x_wconf 90' lang='lat' dir='ltr'>tumultus</span> <span class='ocrx_word' id='word_1_311' title='bbox 952 3534 1089 3595; x_wconf 84' lang='lat' dir='ltr'>post</span> <span class='ocrx_word' id='word_1_312' title='bbox 1134 3545 1200 3586; x_wconf 82' lang='lat' dir='ltr'>se</span> <span class='ocrx_word' id='word_1_313' title='bbox 1248 3524 1629 3593; x_wconf 88' lang='lat' dir='ltr'>subduceret;</span> <span class='ocrx_word' id='word_1_314' title='bbox 1676 3540 1747 3583; x_wconf 91' lang='lat' dir='ltr'>an</span> <span class='ocrx_word' id='word_1_315' title='bbox 1791 3523 2021 3583; x_wconf 89' lang='lat' dir='ltr'>nomine</span> <span class='ocrx_word' id='word_1_316' title='bbox 2063 3519 2316 3600; x_wconf 83' lang='lat' dir='ltr'>Augusti</span> 
     </span>
    </p>
   </div>
  </div>
 </body>
</html>
