2553 3960
226 1854 293 1909 12

311 238 433 301 214
467 252 529 304 ο.
552 252 854 301 summu
877 252 1134 312 TRANQ.
1168 252 1264 299 nn
1292 252 1460 300 vrrA
1493 250 1863 299 oAEsffluu
1892 250 2033 298 mn.
2067 249 2189 298 vn.

312 426 482 488 quam
521 408 884 470 matrimonio
921 407 1270 487 destinarat,
1319 404 1725 468 commendans
1766 404 2045 483 reliquias
2080 420 2216 464 suas
2253 413 2316 465 et

309 495 662 554 memoriam.
717 491 1007 572 Quidquid
1031 491 1241 553 deiude
1265 492 1643 573 epistularum
1666 498 1813 567 erat,
1838 507 1914 549 ne
1930 491 2019 549 cui
2047 488 2313 568 periculo

312 588 410 638 aut
431 595 624 638 noxae
651 576 805 657 apud
827 578 1109 637 victorem
1130 575 1363 655 forent,
1389 574 1800 637 concremavit.
1872 572 2084 633 Divisit
2118 581 2179 633 et
2212 590 2313 653 pe-

229 667 293 719 11
310 663 510 723 eunias
534 661 868 723 domesticis
914 679 990 721 ex
1025 662 1197 740 copia
1232 662 1548 742 praesenti.
1608 658 1804 738 Atque
1844 660 1923 718 ita
1962 665 2197 738 paratus
2229 659 2314 716 in-

309 754 620 825 tentusque
649 748 761 806 iam
784 747 987 822 morti,
1018 745 1254 806 tumultu
1278 747 1429 806 inter
1461 762 1654 805 moras
1689 752 1897 804 exorto
1938 751 1998 803 ut
2031 759 2172 819 eos,
2214 741 2311 820 qui
2342 765 2366 806 ε

310 829 618 891 discedere
644 838 703 890 et
725 829 887 890 abire
911 829 1298 909 coeptabant,
1335 830 1553 909 corripi
1590 830 1753 907 quasi
1796 827 2136 888 desertores
2170 825 2315 886 deti-

307 917 553 994 nerique
597 916 817 992 sensit,
871 911 1237 975 Adiciamus
1286 916 1472 993 inquit
1518 914 1687 974 vitae
1727 919 1788 973 et
1831 912 1998 973 hanc
2039 911 2315 973 noctetn!

311 999 433 1079 (his
456 1000 603 1080 ipsis
626 998 984 1077 totidemque
1006 998 1238 1076 verbis)
1273 1000 1571 1077 vetuitque
1607 999 1724 1057 vim
1764 998 2026 1076 cuiquam
2062 996 2219 1065 fieri;
2257 1002 2317 1054 et

310 1086 368 1144 in
390 1102 584 1143 serum
607 1100 792 1162 usque
816 1092 1054 1163 patente
1080 1083 1374 1160 cubiculo,
1404 1085 1452 1142 si
1477 1084 1607 1162 quis
1632 1081 1793 1142 adire
1817 1081 2031 1158 vellet,
2058 1088 2313 1160 potesta·

308 1177 424 1228 tem
451 1169 538 1226 sui
565 1166 850 1247 praebuit.
909 1166 1049 1227 Post
1065 1166 1180 1228 hoc
1207 1166 1411 1228 sedata
1431 1169 1526 1227 siti
1552 1165 1789 1244 gelidae
1827 1183 2017 1245 aquae
2055 1165 2312 1244 potione,
2336 1183 2390 1224 10

308 1252 550 1330 arripuit
573 1249 718 1310 duos
744 1252 1033 1330 pugiones
1056 1260 1115 1311 et
1144 1251 1450 1332 explorata
1475 1252 1769 1330 utriusque
1805 1251 1967 1326 acie,
2002 1267 2132 1310 cum
2171 1247 2315 1308 alte-

307 1353 431 1395 rum
469 1334 707 1414 pulvino
744 1334 1129 1413 subdidisset,
1177 1334 1404 1396 foribus
1441 1335 1742 1415 adopertis
1772 1335 2065 1395 artissimo
2111 1349 2314 1393 somno

310 1421 550 1498 quievit.
617 1418 695 1479 Et
725 1419 881 1480 circa
909 1420 1098 1480 lucem
1123 1419 1349 1480 demum
1383 1419 1870 1500 expergefactus,
1910 1435 2023 1479 uno
2052 1437 2117 1479 se
2142 1419 2312 1477 traie-

310 1504 391 1564 cit
413 1505 536 1564 ictu‘
568 1503 720 1564 infra
757 1503 980 1564 laevam
1015 1504 1331 1584 papillam,
1369 1502 1938 1584 irrumpentibusque
1968 1502 2039 1563 ad
2072 1502 2314 1582 primum

308 1590 587 1666 gemitum
609 1587 781 1648 modo
815 1589 1015 1649 celans
1040 1588 1213 1650 modo
1238 1588 1526 1667 detegens
1552 1587 1809 1668 plagam,
1845 1588 2203 1648 exanimatus
2224 1594 2315 1646 est
2336 1603 2385 1645 ιε

309 1680 370 1732 et
407 1671 685 1732 celeriter
722 1675 884 1753 (uam
925 1673 1001 1734 ita
1041 1672 1461 1753 praeceperat)
1503 1673 1836 1750 funeratus,
1881 1672 2217 1733 tricensimo
2255 1679 2315 1730 et

309 1765 524 1816 octavo
551 1758 757 1816 aetatis
781 1774 931 1817 anno
965 1767 1023 1817 et
1047 1759 1466 1836 nonagensimo
1492 1765 1551 1817 et
1582 1758 1784 1836 quinto
1809 1756 2047 1836 imperii·
2068 1755 2183 1816 die.

431 1838 617 1901 Tanto
646 1838 889 1901 Othonis
914 1843 1103 1902 auimo
1125 1858 1492 1921 nequaquam
1515 1859 1731 1921 corpus
1756 1851 1854 1901 aut
1886 1840 2116 1901 habitus
2156 1857 2311 1900 com·

309 1924 472 2005 petit.
521 1922 726 1986 Fuisse
752 1926 903 1988 enim
928 1934 986 1986 et
1006 1926 1269 1987 modicae
1295 1934 1548 1987 staturae
1579 1935 1643 1986 et
1670 1925 1822 1988 male
1861 1925 2102 2007 pedatus
2129 1942 2309 1985 scam·

305 2008 534 2089 busque
559 2009 832 2088 traditur,
872 2011 1267 2072 munditiarum
1301 2029 1449 2072 vero
1487 2029 1674 2092 paene
1712 2010 2104 2087 muliebrium,
2140 2010 2384 2076 vulso20

308 2110 585 2173 corpore,
626 2093 953 2172 galericulo
980 2097 1156 2176 capiti
1180 2105 1424 2176 propter
1466 2097 1761 2157 raritatem
1799 2096 2142 2175 capillorum
2179 2093 2310 2155 ada-

308 2185 469 2257 ptato
495 2185 554 2237 et
579 2177 837 2257 adnexo,
868 2188 930 2239 ut
960 2198 1131 2240 nemo
1168 2180 1534 2251 dinosceret;
1575 2182 1711 2259 quin
1753 2190 1812 2240 et
1844 2181 2054 2241 faciem
2100 2178 2311 2240 cotidie

304 2261 552 2321 rasitare
576 2279 648 2322 ac
684 2280 836 2341 pane
873 2264 1100 2325 madido
1140 2264 1327 2325 linere
1365 2273 1743 2340 consuetum,
1781 2265 1958 2343 idque
1994 2264 2309 2324 instituisse

304 2362 339 2405 a
370 2346 555 2424 prima
577 2345 875 2425 lanugine,
898 2367 973 2408 ne
997 2347 1273 2409 barbatus
1296 2367 1563 2428 umquam
1587 2357 1775 2420 esset;
1818 2366 1986 2410 sacra
2011 2350 2181 2409 etiam
2205 2347 2307 2408 Isi-

305 2427 394 2489 dis
419 2447 603 2508 saepe
639 2430 699 2490 in
738 2430 916 2492 lintea
950 2433 1355 2513 religiosaque
1390 2442 1561 2494 veste
1598 2434 1903 2513 propalam
1945 2432 2304 2494 celebrasse.
2325 2455 2381 2506 2⁵

303 2512 418 2574 Per
442 2530 592 2592 quae
614 2513 829 2575 factum
855 2526 1049 2596 putem
1065 2563 1082 2595 ,
1116 2526 1177 2577 ut
1209 2535 1367 2579 mors
1391 2520 1518 2578 eius
1545 2518 1775 2579 minime
1800 2535 2132 2595 congruens
2153 2518 2309 2577 vitae

303 2598 522 2659 maiore
554 2598 835 2660 miraculo
868 2601 1061 2662 fuerit.
1125 2602 1290 2664 Multi
1324 2603 1717 2682 praesentium
1752 2603 1989 2663 militum
2026 2620 2152 2662 cum
2185 2600 2308 2682 plu·

302 2682 450 2743 rimo
476 2681 615 2743 fletu
633 2701 834 2744 manus
859 2703 932 2747 ac
955 2686 1138 2766 pedes
1160 2687 1407 2748 iacentis
1432 2687 1760 2747 exosculati
1777 2732 1795 2764 ,
1821 2687 2194 2748 fortissimum
2225 2687 2307 2745 vi-

301 2783 447 2843 rum,
472 2769 701 2827 unicum
726 2768 1136 2849 imperatorem
1152 2770 1583 2851 praedicantes,
1608 2770 1822 2832 ibidem
1841 2772 2032 2832 statim
2045 2788 2160 2831 nec
2174 2787 2305 2851 pro-

305 2850 399 2910 cul
419 2869 451 2910 a
477 2868 628 2928 rogo
650 2853 766 2911 vim
791 2871 932 2914 suae
949 2857 1104 2916 vitae
1144 2855 1488 2926 attulerunt3
1527 2855 1687 2915 multi
1721 2864 1779 2916 et
1812 2857 2169 2933 absentium,
2214 2874 2306 2917 ac·
2327 2881 2378 2923 30

301 2942 479 3015 cepto
503 2937 724 3013 nuntio,
750 2955 893 3016 prae
915 2938 1121 3000 dolore
1141 2941 1312 3000 armis
1336 2940 1487 2999 iuter
1509 2957 1574 2999 se
1596 2939 1669 3000 ad
1691 2940 2148 3001 internecionem
2171 2957 2304 3000 con-

301 3028 623 3080 currerunt.
689 3019 956 3102 Denique
995 3042 1204 3102 magna
1240 3042 1379 3104 pars
1418 3023 1742 3101 hominum,
1785 3023 2132 3085 incolumem
2174 3041 2304 3102 gra-

298 3100 536 3162 vissime
560 3103 877 3183 detestata,
921 3117 1202 3169 mortuum
1239 3107 1506 3169 laudibus
1527 3108 1689 3186 tulit,
1731 3117 1793 3169 ut
1823 3108 2004 3186 vulgo
2038 3110 2306 3170 iactatum

299 3183 376 3243 sit
410 3185 615 3263 etiam,
673 3189 912 3250 Galbam
954 3191 1026 3252 ab
1062 3209 1135 3252 eo
1176 3210 1294 3253 non
1336 3202 1450 3253 tam
1486 3193 1810 3254 dominandi
1846 3211 2014 3273 quam
2038 3194 2123 3253 rei
2156 3213 2211 3274 p.
2236 3211 2307 3254 ac

298 3264 582 3326 libertatis
604 3274 999 3337 restituendae
1027 3295 1199 3338 causa
1223 3278 1650 3357 interemptum.
2308 3292 2358 3335 ⁸5
