2553 3960
955 173 1163 223 mvus
1209 173 1594 224 Anous‘rus.
2209 163 2290 224 65

276 326 687 403 convaluerat,
740 335 983 388 statuam
1028 346 1168 389 aere
1212 329 1446 390 conlato
1492 331 1651 390 iuxta
1697 330 1927 408 signum
1969 329 2295 409 Aesculapi

276 418 617 474 statuerunt.
673 409 950 472 Nonnulli
985 422 1209 491 patrum
1237 412 1577 475 familiarum
1609 422 1957 476 testamento
1989 422 2286 492 caverunt,

276 506 337 559 ut
379 495 453 557 ab
494 493 809 555 heredibus
855 496 977 555 suis
1021 497 1283 576 praelato
1323 497 1491 557 titulo
1533 500 1802 559 victimae
1840 501 1899 558 in
1945 495 2289 578 Capitolium

278 582 628 649 ducerentur
666 588 981 658 votumque
1022 597 1130 659 pro
1177 600 1243 642 se
1288 581 1654 660 solveretur,
1718 582 1875 662 quod
1916 583 2289 663 superstitem

228 686 259 726 s
278 667 602 743 Augustum
637 662 1028 743 reliquissent.
1093 665 1389 741 Quaedam
1419 665 1622 727 Italiae
1659 668 1924 729 civitates
1954 667 2139 744 diem,
2171 683 2287 746 qno

278 752 519 829 primum
559 746 632 808 ad
668 765 734 806 se
764 750 1055 826 venisset,
1102 750 1320 810 initium
1352 752 1482 812 anni
1512 751 1799 811 fecerunt.
1855 751 2288 812 Provinciarum

280 834 599 914 pleraeque
640 849 819 909 super
863 832 1081 912 templa
1114 842 1172 893 et
1203 852 1333 896 aras
1364 835 1535 896 ludos
1565 852 1798 916 quoque
1827 835 2286 915 quinquennales

279 934 466 998 paene
505 915 823 995 oppidatim
866 918 1303 979 constituerunt.
1380 919 1583 997 Reges
1622 922 1789 980 amici
1828 928 2002 999 atque
2041 920 2190 979 socii
2229 920 2373 979 et60

278 999 494 1080 singuli
519 1002 577 1059 in
606 1017 713 1061 suo
750 1002 996 1080 quisque
1024 1019 1213 1080 regno
1248 1001 1572 1064 Caesareas
1607 1002 1783 1064 urbes
1818 1004 2201 1065 condiderunt
2229 1013 2289 1064 et

207 1102 260 1144 ιο
281 1087 471 1147 cuncti
503 1084 669 1144 simul
699 1084 902 1146 aedem
935 1083 1093 1145 Iovis
1125 1085 1376 1167 Olympii
1403 1085 1680 1166 Athenis,
1712 1089 2023 1167 antiquitus
2050 1087 2285 1149 inchoa·

278 1180 423 1247 tam,
461 1169 753 1249 perficere
798 1171 1078 1229 communi
1107 1180 1336 1250 sumptu
1370 1170 1802 1234 destinaverunt
1831 1172 2131 1252 Genioque
2162 1172 2286 1232 eius

279 1255 580 1323 dedicare;
628 1272 701 1315 ac
744 1271 925 1333 saepe
964 1255 1164 1332 regnis
1196 1255 1451 1332 relictis,
1493 1272 1609 1316 non
1635 1256 1858 1317 Romae
1887 1256 2059 1317 modo
2092 1255 2198 1316 sed
2228 1264 2288 1316 et
2373 1265 2376 1268 “

279 1339 613 1420 provincias
656 1339 989 1416 peragranti
1032 1339 1321 1400 cotidiana
1367 1340 1563 1401 officia
1604 1342 1791 1419 togati
1829 1358 1900 1400 ac
1943 1342 2069 1401 sine
2110 1340 2286 1416 regio

278 1424 490 1502 insigni
507 1468 526 1500 ,
554 1438 718 1482 more
750 1422 1041 1483 clientium
1070 1424 1504 1502 praestiterunt.

207 1532 262 1573 ιε,
412 1507 727 1584 Quoniam,
770 1506 956 1583 qualis
995 1509 1053 1567 in
1081 1509 1322 1587 imperis
1354 1527 1422 1569 ac
1453 1501 1882 1586 magistratibus
1912 1507 2288 1586 regendaque
2304 1508 2367 1561 61

280 1612 387 1674 per
414 1601 695 1652 terrarum
724 1590 928 1650 orbem
957 1609 1107 1670 pace
1138 1591 1414 1671 belloque
1444 1612 1509 1653 re
1539 1612 1597 1673 p.
1630 1592 1836 1670 fuerit,
1868 1591 2148 1671 exposui:
2194 1608 2285 1651 re-

282 1678 465 1739 feram
502 1693 656 1736 nunc
698 1676 1034 1735 interiorem
1076 1694 1148 1737 ac
1191 1675 1528 1738 familiarem
1564 1678 1689 1737 eius
1720 1678 1928 1754 vitam,
1965 1674 2288 1756 quibusque

281 1760 535 1822 moribus
587 1768 759 1839 atque
804 1759 1033 1820 fortuna
1076 1760 1228 1821 domi
1273 1770 1333 1821 et
1369 1763 1521 1822 inter
1565 1778 1705 1822 snos
1748 1762 1939 1838 egerit
1983 1778 2017 1820 a
2056 1760 2287 1819 iuventa

282 1863 464 1925 usque
500 1844 573 1906 ad
608 1860 938 1923 supremum
972 1846 1127 1906 vitae
1161 1846 1331 1907 diem.
2084 1883 2087 1886 ι

207 1948 263 1991 ao
405 1929 662 2003 Matrem⁴
699 1928 886 1990 amisit
933 1930 991 1990 in
1044 1931 1229 2009 primo
1287 1930 1620 2007 consulatu,
1681 1947 1947 1992 sororem
1994 1927 2289 1989 Octaviam

282 2013 855 2097 quinquagensimum
900 2023 960 2074 et
1000 2025 1260 2094 quartum
1305 2033 1491 2093 agens
1522 2016 1730 2076 aetatis
1761 2033 1985 2076 annum.
2043 2012 2287 2090 Utrique

285 2118 412 2162 cum
462 2099 777 2179 praecipua
822 2098 1017 2159 officia
1071 2101 1239 2160 vivae
1291 2100 1710 2179 praestitisset,
1765 2101 1937 2161 etiam
1980 2097 2288 2158 defunctae

282 2185 539 2246 bonores
568 2184 855 2244 maximos
886 2181 1100 2244 tribuit.

410 2269 695 2348 Sponsam
734 2265 1015 2329 habuerat
1056 2267 1402 2329 adulescens
1441 2268 1505 2328 P.
1552 2269 1765 2329 Servili
1804 2268 2049 2328 Isaurici
2091 2266 2284 2340 filiam,
2304 2261 2372 2315 62

210 2377 266 2419 ιε
283 2353 389 2416 sed
416 2351 831 2413 reconciliatus
867 2360 1005 2431 post
1031 2354 1268 2431 primam
1298 2353 1647 2414 discordiam
1674 2353 1931 2414 Antonio
1948 2398 1965 2429 ,
2010 2358 2286 2431 expostu-

285 2435 533 2499 lantibus
576 2437 873 2515 utriusque
915 2435 1191 2497 militibus
1222 2446 1284 2497 ut
1315 2446 1376 2498 et
1407 2438 1835 2498 necessitudine
1864 2436 2056 2515 aliqua
2084 2437 2285 2512 iunge·

283 2530 516 2598 rentur,
550 2520 874 2600 privignam
905 2521 1031 2581 eius
1063 2520 1378 2600 Claudiam,
1404 2521 1645 2582 Fulviae
1673 2540 1749 2581 ex
1775 2520 1839 2580 P.
1866 2519 2073 2581 Clodio
2094 2518 2286 2592 filiam,

284 2607 447 2668 duxit
470 2622 712 2665 uxorem
740 2605 972 2665 vixdum
991 2605 1266 2683 nubilem,
1301 2624 1373 2666 ac
1402 2605 1690 2665 simultate
1723 2621 1851 2665 cnm
1878 2602 2082 2664 Fulvia
2114 2618 2288 2661 socru

286 2699 413 2752 orta
454 2689 666 2750 dimisit
690 2689 960 2750 intactam
989 2689 1177 2751 adhuc
1210 2700 1269 2750 et
1305 2691 1606 2768 virginem.
1666 2688 1806 2750 Mox
1837 2686 2199 2749 Scriboniam
2230 2685 2288 2744 in

213 2775 702 2836 somatrimonium
746 2773 1007 2853 accepit,
1053 2783 1286 2854 nuptam
1326 2783 1459 2835 ante
1491 2772 1715 2834 duobus
1749 2769 2181 2847 consularibus,
2212 2787 2289 2830 ex

286 2859 472 2920 altero
511 2860 681 2918 etiam
710 2866 967 2918 matrem.
1026 2856 1169 2919 Cum
1197 2859 1311 2920 hac
1345 2875 1577 2939 quoque
1607 2857 1911 2918 divortium
1942 2856 2111 2933 fecit,
2159 2872 2288 2934 per·

285 2953 518 3017 taesus,
564 2951 625 3002 ut
670 2937 912 3020 scribit,
950 2959 1172 3003 morum
1203 2944 1648 3022 perversitatem
1682 2943 1835 3020 eius,
1884 2958 1955 3002 ac
1985 2939 2177 3000 statim
2203 2938 2290 2999 Li-

286 3027 438 3088 viam
468 3024 781 3088 Drusillam
821 3028 1181 3088 matrimonio
1214 3027 1415 3088 Tiberi
1442 3026 1697 3087 Neronis
1743 3035 1804 3087 et
1849 3024 2078 3104 quidem
2123 3042 2290 3104 prae·

285 3118 559 3189 gnantem
602 3110 872 3189 abduxit,
921 3111 1236 3190 dilexitque
1284 3121 1344 3171 et
1390 3111 1661 3191 probavit
1701 3112 1871 3172 unice
1914 3126 1983 3170 ac
2013 3126 2290 3188 perseve-

213 3218 270 3260 ss
286 3203 502 3256 ranter.

413 3277 510 3339 Ex
539 3278 845 3341 Scribonia
874 3280 1104 3357 Iuliam,
1153 3298 1229 3339 ex
1258 3280 1421 3341 Livia
1445 3278 1585 3339 nibil
1615 3277 1932 3339 liberorum
1961 3278 2118 3352 tulit,
2167 3292 2294 3335 cum
2310 3281 2379 3335 63

286 3364 537 3425 maxime
574 3373 838 3444 cuperet.
900 3364 1129 3441 Infans,
1171 3364 1269 3442 qni
1300 3373 1623 3441 conceptus
1651 3370 1807 3440 erat,
1847 3363 2176 3422 immaturus
2206 3364 2296 3416 est

291 3446 499 3510 editus.
556 3445 758 3510 Iuliam
803 3451 1043 3529 primum
1072 3447 1357 3509 Marcello
1377 3493 1395 3525 ,
1440 3446 1720 3507 Octaviae
1751 3446 1976 3587 sorori5s
2005 3457 2145 3501 suae
2175 3437 2294 3499 filio

394 3552 707 3593 susa-osius.
