2553 3960
884 224 1308 275 rasurum.
1865 229 2009 280 xxv
2075 213 2080 217 ’

169 381 325 454 dico,
369 381 866 456 Copesianum,
926 382 1359 455 Hulsianum,
1407 384 1850 456 Beruensem,
1892 386 2003 444 Pa‹

171 465 441 523 latinos
511 474 693 536 tres,
766 465 1311 540 viterbiensem,
1386 467 2008 543 Guelferbytanum

171 542 583 628 primumn).
658 549 726 606 Hi
772 566 962 607 omnes
993 568 1044 625 p.
1081 550 1224 623 128,
1272 551 1350 609 16
1395 555 1467 609 de
1511 555 1675 610 caelo
1720 557 1872 611 venit
1911 572 1984 613 no

176 636 262 691 bis
314 650 453 711 rex,
480 641 539 689 et
592 651 646 708 p.
694 633 847 707 168,
903 634 984 692 33
1040 642 1240 692 rectas
1287 635 1478 707 facite
1537 636 1692 710 quasi
1745 639 2011 713 interpre-

176 716 325 775 tandi
364 734 525 775 causa
567 718 956 791 interponunt,
1001 736 1056 791 p.
1091 717 1236 790 224,
1284 719 1319 776 7
1353 723 1641 778 incertum
1684 728 1889 791 sponte
1932 741 2008 780 an

177 809 455 860 evocatus
498 800 778 873 scribunt,
823 819 877 877 p.
910 801 1058 875 245,
1103 802 1140 859 9
1184 806 1244 859 in
1279 807 1604 875 provinciis
1646 806 1924 862 omittunt.

316 981 407 1048 14)
441 981 701 1033 Mediceus
743 983 968 1049 primus,
1015 981 1174 1048 plutei
1216 983 1285 1035 66
1332 998 1542 1034 numero
1573 986 1669 1046 39,
1713 985 1903 1037 saeculi
1937 984 2012 1036 XI

178 1050 444 1101 Gronovio
496 1050 790 1112 videbatur3
841 1049 1062 1101 Bandini
1110 1066 1247 1102 saec.
1291 1050 1413 1102 xm
1464 1053 1684 1103 ineuntis
1735 1054 1902 1106 docet.
1953 1077 1992 1093 -·

176 1119 560 1169 Tornacensem
612 1118 838 1168 codicem
889 1126 1240 1184 pervetustum
1283 1134 1313 1168 e
1355 1120 1667 1170 monasterio
1713 1118 1768 1172 S.
1811 1121 2012 1172 Martini

177 1185 409 1236 ablatum
465 1184 750 1236 Gulielmus
816 1184 1095 1235 Montioius
1154 1185 1357 1251 Anglus
1424 1201 1560 1237 anno
1625 1188 1822 1239 circiter
1880 1191 2012 1241 1515

181 1254 428 1312 Erasmo,
473 1251 721 1303 Erasmus
757 1267 805 1303 a.
844 1255 977 1304 1530
1012 1252 1260 1302 Glareano
1305 1253 1443 1305 dono
1479 1254 1635 1305 dedit.
1704 1256 1890 1306 Postea
1935 1267 2012 1307 ta·

180 1336 301 1370 men
336 1334 368 1370 a
400 1319 808 1370 Tornacensibus
842 1321 1153 1386 reciperatas
1196 1330 1299 1380 est,
1342 1336 1460 1370 cum
1496 1332 1546 1372 et
1579 1321 1749 1373 Delrio
1795 1321 1883 1388 (ad
1918 1323 2011 1374 Se-

181 1401 361 1440 necam
397 1389 649 1453 tragicum
684 1403 736 1454 p.
774 1386 896 1451 239)
943 1401 1057 1437 eum
1094 1387 1279 1438 viderit
1312 1398 1363 1438 et
1396 1389 1696 1440 Torrentius
1733 1404 1867 1441 nova
1901 1393 2011 1441 eius

181 1456 457 1507 collatione
497 1471 625 1506 usus
671 1455 755 1510 sit.
824 1454 1221 1506 Desiderabatur
1262 1455 1316 1504 iu
1362 1470 1423 1506 eo
1458 1455 1744 1507 Domitiani
1787 1459 2013 1508 maxima

180 1539 308 1590 pars
342 1537 374 1572 a
409 1538 523 1589 cap.
546 1525 596 1574 2.
630 1554 699 1565 -
731 1521 933 1572 Henrici
966 1521 1168 1588 Copesii
1200 1520 1387 1572 librum
1422 1525 1731 1574 nitidissime
1764 1526 2013 1591 scriptum

181 1592 434 1643 Graevius
477 1590 693 1640 contulit
734 1590 1011 1652 eademque
1053 1589 1325 1640 collatione
1376 1605 1502 1640 usus
1550 1601 1629 1642 est
1669 1590 2010 1645 Burmannus.

182 1659 266 1709 Ad
303 1658 565 1708 saeculum
586 1657 709 1707 Xlll
739 1657 1038 1717 retulerunt,
1075 1657 1169 1707 sed
1202 1656 1272 1706 ad
1308 1656 1409 1707 XV
1430 1658 1511 1707 vel
1547 1672 1702 1707 unum
1737 1657 1862 1708 illud
1897 1661 2018 1725 quoi

183 1741 281 1793 pro
318 1728 402 1776 eui
434 1725 588 1775 scribi
625 1724 832 1776 solitum
877 1724 1047 1775 trahit.
1085 1749 1150 1762 —-
1186 1723 1355 1774 Hulsii
1390 1724 1619 1775 consulis
1656 1725 1907 1790 Hagensis
1954 1727 2013 1775 li·

182 1794 360 1855 brutn,
410 1794 498 1855 qui
544 1793 665 1842 item
702 1792 995 1842 recentioris
1031 1791 1211 1842 aetatis
1254 1789 1380 1853 fuit,
1423 1791 1748 1842 Burmannus
1783 1793 2014 1845 adhibuit

181 1875 214 1911 a
249 1860 531 1912 Stavereno
567 1858 824 1913 collatum.
891 1858 1137 1909 Hulsiana
1170 1857 1477 1909 bibliotheca
1511 1874 1626 1909 cnm
1662 1875 1709 1910 a.
1747 1862 1877 1913 1730
1911 1862 2012 1911 Ha-

184 1944 286 1996 gae
321 1928 561 1988 venierit,
607 1927 852 1994 Haganus
895 1922 982 1977 ille
1015 1927 1206 1986 codex,
1251 1940 1402 1990 quem
1447 1928 1498 1977 in
1533 1927 1770 1978 auctione
1803 1928 2011 1996 Longo-

183 1998 287 2048 lins
324 1998 472 2056 emit,
509 2005 690 2062 postea
715 1995 1004 2059 Harlessjns
1038 1995 1270 2061 possedit
1304 2006 1355 2045 et
1377 1994 1628 2057 Wolfius,
1664 2012 1800 2046 nunc
1823 1998 2013 2048 Beroli·

185 2065 368 2116 nensis
389 2063 697 2115 bibliotheca
719 2063 889 2130 habet,
924 2062 1276 2112 membraneus
1300 2061 1540 2113 foliorum
1563 2065 1631 2114 46
1653 2066 2012 2126 maximorum,
2089 2123 2092 2126 ¹

184 2134 325 2183 idem
361 2147 478 2182 esse
512 2131 672 2181 videri
710 2139 882 2196 potest
913 2139 1068 2193 atque
1101 2129 1397 2183 Hulsianus.
1454 2130 1635 2181 Mirum
1669 2142 1836 2182 tamen
1874 2135 2012 2195 quod

185 2198 417 2251 Wolflns
441 2199 581 2263 dicit,
617 2199 784 2265 prima
805 2197 960 2248 verba
994 2213 1111 2247 esse
1134 2198 1334 2248 Annum
1356 2213 1514 2263 opens
1542 2205 1741 2250 sextum
1776 2202 2014 2250 decimum

187 2277 241 2319 et
273 2283 372 2333 per
408 2267 578 2317 omnia
610 2266 839 2316 codicem
883 2265 1188 2315 Memmiano
1230 2264 1545 2315 simillimum
1580 2281 1696 2317 esse
1736 2267 2015 2333 (intellige-

188 2336 278 2386 bat
320 2334 474 2385 credo
511 2332 772 2399 Obsopoei
814 2332 1161 2392 collationem,
1207 2347 1310 2395 qua
1353 2342 1403 2383 et
1444 2334 1561 2399 ipsa
1603 2334 1856 2399 utebatur)
1898 2349 2014 2384 cum

191 2402 475 2453 Hulsianus
511 2402 710 2452 Annum
742 2415 901 2466 apem
936 2400 1134 2450 Caesar
1163 2415 1209 2450 s.
1246 2402 1299 2451 d.
1346 2400 1593 2451 habuerit.
1627 2427 1696 2438 —
1728 2400 2014 2452 Beruenses

191 2469 520 2536 (Bremenses
567 2468 691 2518 nulli
723 2467 868 2530 sunt)
910 2467 1013 2517 dno
1049 2466 1238 2517 saeculi
1273 2466 1416 2529 XIV,
1460 2468 1588 2518 alter
1630 2468 1749 2518 olim
1787 2469 2015 2520 Danielis

191 2549 243 2589 et
285 2537 588 2602 Bongarsii‚
630 2550 770 2585 nnnc
811 2547 1023 2585 numero
1062 2536 1161 2586 104
1202 2534 1504 2597 distinctus,
1547 2536 1674 2585 alter
1714 2550 1798 2586 no.
1832 2538 1933 2588 206
1968 2548 2018 2586 et

193 2604 414 2670 originis
450 2605 697 2668 incertae,
745 2617 778 2652 a
812 2602 1014 2652 Bremio
1052 2612 1102 2652 et
1136 2600 1399 2652 Ochsnero
1434 2601 1613 2652 Wolfli
1649 2604 1815 2668 gratia
1847 2604 2016 2652 collati

194 2683 345 2737 snut,
393 2683 528 2721 certe
561 2686 656 2738 per
689 2669 804 2719 Divi
838 2669 953 2719 Iulii
985 2669 1161 2719 vitam.
1232 2668 1348 2734 Ego
1381 2682 1498 2718 cnm
1545 2667 1824 2734 Steigeri
1858 2670 1923 2720 V.
1959 2670 2016 2721 O.

194 2739 537 2791 benivolentia
579 2747 852 2803 utrumque
892 2737 1033 2787 domi
1075 2735 1340 2797 haberem,
1391 2736 1563 2800 priore
1605 2744 1817 2802 propter
1855 2738 2017 2788 incre-

195 2808 405 2858 dibilem
455 2806 734 2857 litterarum
786 2804 1059 2855 exilitatem
1111 2816 1330 2870 prorsus
1379 2803 1628 2864 abstinui,
1683 2805 2018 2870 posteriorem

196 2876 280 2926 hic
314 2875 421 2925 illic
453 2873 675 2939 inspexi.
734 2873 782 2922 Is
810 2872 1000 2924 Graeca
1034 2871 1223 2935 ubique
1255 2872 1610 2937 praetermittit
1641 2872 1694 2922 in
1729 2871 1926 2928 lacuna.
1952 2899 2019 2910 -—

197 2943 544 2994 Palatinornm
568 2941 719 2991 trium
743 2939 1001 2998 codicum,
1038 2940 1126 3001 qui
1159 2938 1246 2989 illo
1271 2948 1502 3005 tempore
1522 2939 1884 3006 Heidelbergae
1903 2940 2018 2991 fne-

198 3020 334 3072 rnnt,
358 3023 498 3060 nunc
515 3009 709 3058 Romae
725 3008 1081 3058 custodiuntur
1102 3007 1326 3056 numeris
1344 3005 1505 3061 Palat.
1519 3008 1620 3058 896
1643 3022 1759 3070 sqq.
1776 3009 2018 3070 distincti,

200 3086 441 3144 excerpta
486 3077 741 3139 quaedam
784 3074 944 3125 edidit
974 3075 1126 3124 Ianus
1167 3073 1411 3124 Gruterus
1446 3088 1492 3126 a.
1534 3076 1689 3134 1611,
1735 3088 1898 3140 paene
1939 3076 2015 3124 in-

201 3145 368 3204 utilia,
406 3158 523 3194 cum
548 3158 653 3193 non
675 3142 929 3205 aequabili
963 3141 1227 3206 diligentia
1250 3142 1652 3207 percucurrerit,
1689 3142 1782 3192 sed
1816 3143 1869 3192 in
1892 3142 2018 3193 locis

202 3212 547 3264 controversis
581 3220 634 3261 et
666 3211 920 3276 suspectis
956 3208 1109 3259 modo
1143 3208 1453 3274 inspexerit3
1499 3207 1706 3259 fuerunt
1737 3210 1838 3260 nisi
1873 3209 2022 3261 fallor

204 3296 338 3333 saec.
370 3278 499 3331 x1v
534 3289 586 3328 et
617 3276 736 3328 XV.
767 3301 841 3315 -
868 3275 1206 3327 viterbiensis
1242 3277 1379 3334 libri,
1416 3290 1565 3338 quem
1600 3276 1757 3327 Italus
1793 3278 2018 3340 quidam,

205 3350 347 3399 cuius
373 3361 560 3398 nomen
586 3344 779 3395 elutum
803 3354 903 3402 est.
930 3345 1170 3396 Perusini
1189 3345 1331 3394 aeris
1349 3343 1553 3407 sapiens
1575 3345 1915 3409 intemperiem
1933 3381 1948 3395 .
1970 3383 1985 3398 .
2005 3381 2019 3396 .
2070 3396 2077 3403 ,

212 3415 429 3468 Vieerbii
467 3417 523 3467 in
563 3414 801 3481 propriis
842 3411 1053 3465 aedibus
1095 3427 1275 3463 annum
1318 3426 1477 3476 aqens
1525 3413 1714 3462 aetatis
1755 3411 2026 3461 XXVII!
