2553 3960
335 199 461 271 228
510 211 570 258 c,
597 209 900 258 sumom
925 208 1180 268 TRANQ.
1206 208 1304 254 DE
1335 209 1501 255 vrrA
1528 181 1896 256 CAESARUM
1925 208 2063 254 Lm.
2094 209 2241 256 vm.

457 364 628 444 Apud
650 363 921 424 Iudaeam
946 362 1195 424 Carmeli
1222 363 1317 424 dei
1347 363 1641 424 oraculum
1667 362 2065 423 consulentem
2087 364 2167 422 ita
2195 379 2329 421 con-

337 453 641 511 firmavere
675 457 901 525 sortes,
949 457 1011 507 ut
1053 447 1329 527 quidquid
1370 449 1659 525 cogitaret
1697 445 2083 523 volveretque
2117 446 2329 524 animo,

341 532 652 614 quamlibet
685 550 985 609 magnum,
1030 531 1088 590 id
1136 550 1271 593 esse
1313 540 1725 611 proventurum
1774 529 2219 608 pollicerentur;
2271 539 2330 590 et

338 637 482 681 unus
513 635 590 676 ex
618 615 914 681 nobilibus
949 616 1192 694 captivis
1232 615 1516 693 Iosepus,
1562 632 1687 677 cum
1735 615 2069 677 coiceretur
2111 614 2168 672 in
2208 616 2328 672 vin·

342 702 490 778 cula,
527 700 990 761 constantissime
1023 701 1386 759 asseveravit
1416 699 1545 759 fore
1577 707 1636 757 ut
1678 696 1749 758 ab
1785 697 1992 757 eodem
2024 696 2188 761 brevi
2213 698 2329 757 sol·
2349 722 2371 760 5

338 793 608 862 veretur,
656 802 856 845 verum
901 784 1011 843 iam
1055 783 1427 862 imperatore.
1497 780 1914 847 Nuntiabantur
1960 789 2017 841 et
2065 799 2140 841 ex
2188 781 2329 841 urbe

340 870 671 950 praesagia,
701 867 996 928 Neronem
1025 866 1229 927 diebus
1258 866 1468 927 ultimis
1500 868 1770 927 monitum
1805 884 1914 945 per
1945 868 2228 946 quietem,
2275 875 2332 925 ut

337 963 562 1014 tensam
592 952 748 1012 Iovis
773 951 984 1030 Optimi
1013 950 1246 1012 Maximi
1279 969 1312 1010 e
1352 952 1612 1012 sacrario
1644 950 1702 1010 in
1732 948 1959 1011 domum
1981 950 2328 1029 Vespasiani

337 1046 395 1097 et
424 1035 557 1097 inde
583 1038 638 1095 in
670 1037 884 1096 circum
912 1035 1255 1104 deduceret;
1305 1053 1375 1095 ac
1406 1053 1522 1097 non
1557 1034 1734 1097 multo
1764 1043 1930 1112 post,
1968 1035 2195 1093 comitia
2239 1052 2327 1092 se-

338 1121 505 1181 cundi
546 1118 875 1180 consulatus
906 1121 1138 1179 ineunte
1169 1118 1381 1195 Galba,
1416 1128 1659 1178 statuam
1689 1117 1822 1177 Divi
1861 1117 1967 1178 Iuli
2009 1118 2082 1178 ad
2127 1117 2325 1177 Orien-
2347 1139 2395 1180 10

334 1215 450 1265 tem
474 1211 684 1281 sponte
708 1220 1080 1271 conversam;
1114 1204 1358 1281 acieque
1381 1202 1761 1280 Betriacensi,
1795 1202 1954 1282 prius
1978 1220 2148 1285 quam
2174 1220 2326 1262 com-

334 1289 677 1364 mitteretur,
710 1284 853 1346 duas
882 1287 1110 1366 aquilas
1141 1288 1199 1346 in
1224 1296 1546 1365 conspectu
1571 1288 1818 1346 omnium
1851 1286 2212 1362 conflixisse,
2245 1288 2327 1345 vi-

338 1381 548 1450 ctaque
579 1368 762 1431 altera
790 1373 1205 1449 supervenisse
1235 1371 1464 1431 tertiam
1489 1370 1561 1433 ab
1599 1370 1742 1435 solis
1772 1378 1977 1429 exortu
2022 1388 2093 1431 ac
2135 1371 2326 1430 victri-

281 1463 315 1517 6
336 1475 463 1518 cem
494 1453 791 1532 abegisse.
870 1454 998 1515 Nec
1034 1464 1225 1515 tamen
1256 1456 1562 1537 quicquam
1598 1463 1731 1515 ante
1766 1457 2100 1533 temptavit,
2136 1471 2326 1534 prom-

336 1539 611 1620 ptissimis
644 1549 815 1618 atque
846 1541 1016 1599 etiam
1050 1538 1394 1599 instantibus
1422 1541 1573 1616 suis,
1609 1556 1778 1617 quam
1808 1538 2154 1598 sollicitatus
2186 1555 2396 1617 quo-15

336 1624 571 1685 rundam
605 1631 668 1682 et
692 1625 1026 1700 ignotorum
1062 1633 1121 1683 et
1149 1622 1468 1683 absentium
1501 1624 1740 1683 fortuito
1773 1623 1996 1682 favore.

460 1708 741 1769 Moesiaci
772 1710 1065 1767 exercitus
1096 1706 1225 1766 bina
1262 1725 1296 1766 e
1329 1706 1510 1767 tribus
1554 1706 1882 1784 legionibus
1928 1705 2113 1783 milia,
2154 1710 2328 1766 missa

338 1792 552 1853 auxilio
585 1791 816 1868 Othoni,
849 1801 1156 1871 postquam
1187 1791 1474 1868 ingressis
1505 1793 1616 1852 iter
1639 1793 1950 1853 nuntiatum
1977 1798 2086 1866 est,
2116 1791 2327 1850 victum

336 1894 467 1937 eum
495 1894 565 1937 ac
596 1876 709 1934 vim
739 1876 892 1936 vitae
927 1894 1067 1936 suae
1100 1874 1398 1953 attulisse,
1440 1875 1617 1936 nihilo
1652 1875 1831 1939 setius
1860 1873 2188 1953 Aquileiam
2238 1893 2325 1934 us-

339 1979 451 2042 que
501 1969 1067 2041 perseveraverunt,
1127 1960 1291 2039 quasi
1331 1961 1545 2020 rumori
1589 1959 1771 2020 minus
1816 1958 2141 2019 crederent.
2240 1956 2327 2019 Ibi
2345 1975 2398 2015 20

337 2063 445 2124 per
475 2043 847 2105 occasionem
877 2062 945 2104 ac
968 2044 1257 2105 licentiam
1283 2046 1432 2105 omni
1463 2046 1791 2123 rapinarum
1812 2061 2032 2120 genere
2055 2044 2326 2120 grassati,

339 2146 467 2194 cum
494 2128 761 2188 timerent
806 2145 879 2187 ne
921 2127 1031 2187 sihi
1079 2131 1338 2188 reversis
1386 2128 1682 2188 reddenda
1726 2129 1869 2189 ratio
1919 2145 1990 2187 ac
2031 2125 2327 2186 subeunda

337 2230 528 2292 poena
558 2219 749 2287 esset,
784 2212 1086 2290 consilium
1115 2212 1363 2272 inierunt
1392 2212 1645 2290 eligendi
1691 2211 2039 2290 creandique
2084 2210 2326 2289 impera-

333 2297 508 2363 toris;
556 2313 747 2373 neque
790 2298 938 2355 enim
983 2295 1308 2357 deteriores
1350 2315 1483 2357 esse
1528 2305 1623 2356 aut
1650 2295 2020 2374 Hispaniensi
2066 2295 2324 2354 exercitu

338 2381 432 2460 qui
463 2378 723 2458 Galbam,
757 2388 854 2439 aut
884 2381 1256 2460 praetoriano
1296 2383 1392 2459 qui
1424 2379 1727 2458 Othonem,
1765 2388 1862 2439 aut
1887 2378 2324 2440 Germaniciano
2345 2398 2398 2438 25

336 2464 432 2544 qui
465 2463 763 2525 Vitellium
792 2464 1091 2527 fecissent.
1166 2465 1492 2544 Propositis
1523 2467 1716 2543 itaque
1750 2462 2070 2524 nominibus
2099 2462 2324 2539 legato·

334 2567 459 2608 rum
494 2548 903 2624 consularium,
938 2557 1079 2628 quot
1108 2547 1322 2628 ubique
1355 2560 1490 2610 tunc
1523 2557 1709 2625 erant,
1745 2567 1871 2608 cum
1902 2558 2131 2607 ceteros
2153 2546 2327 2606 alium

335 2633 446 2693 alia
474 2633 548 2693 de
582 2650 754 2693 causa
785 2632 1214 2711 improbarent,
1253 2643 1312 2693 et
1342 2631 1568 2711 quidam
1594 2652 1626 2693 e
1661 2632 1897 2710 legione
1930 2631 2128 2709 tertia,
2177 2647 2325 2708 quae

334 2717 440 2777 suh
474 2718 632 2778 exitu
658 2715 912 2796 Neronis
941 2717 1216 2779 translata
1255 2736 1331 2777 ex
1363 2718 1528 2792 Syria
1559 2717 1617 2776 in
1645 2715 1924 2777 Moesiam
1955 2715 2174 2790 fuerat,
2209 2716 2324 2775 Ve-

333 2803 664 2880 spasianum
697 2800 963 2861 laudibus
993 2803 1235 2879 ferrent,
1270 2819 1580 2861 assensere
1617 2800 1807 2861 cuncti
1837 2817 2163 2878 nomenque
2196 2799 2322 2857 eius
2344 2817 2399 2858 30

333 2885 564 2947 vexillis
605 2884 867 2946 omnibus
910 2885 1035 2945 sine
1079 2903 1240 2946 mora
1284 2886 1722 2965 inscripserunt.
1798 2883 1873 2947 Et
1916 2893 2050 2944 tunc
2094 2883 2321 2962 quidem

333 2988 672 3050 compressa
700 2988 797 3029 res
827 2978 936 3045 est,
972 2971 1267 3030 revocatis
1300 2969 1372 3030 ad
1400 2971 1654 3030 officium
1697 2970 1947 3030 numeris
1991 2984 2322 3046 parumper.

333 3053 603 3114 Ceterum
633 3053 931 3131 divulgato
961 3054 1142 3130 facto,
1176 3053 1444 3114 Tiberius
1480 3052 1818 3115 Alexander
1846 3051 2179 3132 praefectus
2205 3051 2322 3109 Ae-

330 3140 495 3217 gypti
534 3139 748 3217 primus
776 3140 833 3197 in
866 3137 1049 3197 verba
1073 3138 1424 3217 Vespasiani
1453 3137 1722 3218 legiones
1752 3136 1947 3214 adegit
1969 3135 2062 3195 Kl.
2091 3134 2195 3194 Iul.
2225 3134 2325 3212 qui

331 3222 686 3299 principatus
724 3220 849 3281 dies
883 3224 942 3281 in
966 3231 1263 3301 posterum
1290 3221 1635 3286 observatus
1661 3230 1767 3282 est.
1819 3220 2086 3280 Iudaicus
2110 3216 2325 3278 deinde
2346 3233 2401 3273 35

329 3305 624 3363 exercitus
653 3307 728 3365 V.
760 3305 895 3366 Idus
920 3305 1026 3367 Iul.
1061 3306 1215 3387 apud
1245 3308 1431 3387 ipsum
1462 3307 1688 3371 iuravit.

461 3386 766 3447 Plurimum
797 3392 1025 3470 coeptis
1059 3391 1424 3452 contulerunt
1454 3393 1721 3454 iactatum
1764 3387 2065 3468 exemplar
2108 3387 2326 3465 epistu-

329 3467 421 3525 lae
448 3486 627 3528 verae
657 3471 780 3528 sive
810 3473 994 3534 falsae
1035 3474 1291 3535 defuncti
1328 3474 1570 3538 Othonis
1610 3480 1681 3536 ad
1720 3472 2177 3554 Vespasianum,
2222 3488 2326 3529 ex-
