2553 3960
334 193 413 252 14
499 203 563 251 ο.
593 201 899 251 sumom
935 201 1192 261 ΤΒΑΝρ.
1224 201 1321 248 ΒΕ
1352 200 1517 249 νΙΤΑ
1547 198 1918 248 CAESARUM
1948 199 2090 248 mn.
2123 201 2172 249 1.

331 358 535 438 populi
557 357 936 433 adimeretur,
967 365 1062 417 aut
1082 366 1143 416 ut
1173 351 1358 417 ceteri
1388 373 1620 436 quoque
1654 357 2039 434 imperatores
2067 354 2141 415 ab
2173 373 2344 415 exer-

333 442 542 502 citibus
567 440 965 511 discederent;
1001 442 1283 519 confisus,
1315 450 1376 501 ut
1408 449 1633 519 putant,
1664 439 1893 502 facilius
1922 457 2023 516 se,
2060 438 2229 500 simul
2260 455 2342 499 au-

332 545 444 605 que
487 527 782 602 libuisset,
818 533 1131 585 veteranos
1168 534 1617 586 convocaturum
1661 541 1829 602 quam
1859 523 2201 601 Pompeium
2238 539 2341 583 no-

329 628 439 671 vos
484 611 713 670 milites.
804 606 946 669 Cum
998 608 1348 671 adversariis
1396 617 1583 669 autem
1639 608 1897 686 pepigit,
1945 616 2042 684 ut,
2089 607 2343 667 dimissis

331 705 466 755 octo
499 694 829 772 legionibus
860 692 1360 772 Transalpinaque
1405 691 1620 768 Gallia,
1656 688 1804 751 duae
1837 691 1952 751 sibi
1981 691 2255 770 legiones
2283 698 2391 753 ets

332 778 627 858 Cisalpina
659 778 995 857 provincia,
1041 776 1137 836 vel
1166 778 1339 837 etiam
1368 794 1480 836 uua
1508 776 1669 852 legio
1702 794 1829 836 cum
1860 774 2100 850 Illyrico
2129 792 2344 835 conce·-

246 864 601 940 3oderetur,
649 862 841 941 quoad
884 860 1086 921 consul
1131 862 1318 921 fieret.
1405 861 1623 921 Verum
1673 877 1867 938 neque
1918 867 2121 920 senatu
2165 860 2342 918 inter-

328 949 600 1008 veniente
638 955 697 1005 et
733 945 1086 1005 adversariis
1129 944 1508 1022 negantibus,
1554 943 1727 1005 ullam
1767 961 1835 1003 se
1878 942 1952 1003 de
1996 961 2063 1004 re
2104 942 2344 1023 publica

328 1033 589 1093 facturos
622 1032 982 1108 pactionem,
1031 1030 1252 1089 transiit
1293 1030 1349 1088 in
1395 1029 1725 1088 citeriorem
1766 1026 2050 1103 Galliam,
2086 1044 2341 1088 couven-

328 1116 597 1193 tibusque
646 1115 900 1191 peractis
926 1115 1241 1173 Ravennae
1286 1112 1569 1189 substitit,
1612 1111 1775 1172 bello
1816 1111 2243 1189 vindicaturus,
2289 1111 2343 1171 si
2364 1131 2420 1173 ιο

330 1198 466 1278 quid
508 1197 579 1256 de
612 1197 851 1257 tribunis
884 1195 1077 1275 plebis
1117 1194 1612 1256 intercedentibus
1649 1212 1759 1275 pro
1795 1214 1862 1256 se
1903 1196 2142 1273 gravius
2176 1214 2212 1256 a
2246 1213 2341 1255 se-

327 1292 463 1342 natu
501 1282 864 1341 constitutum
901 1289 1078 1340 esset.

455 1365 531 1425 Et
583 1373 945 1444 praetextum
993 1364 1220 1442 quidem
1269 1363 1355 1424 illi
1406 1363 1657 1424 civilium
1704 1373 1989 1424 armorum
2040 1363 2156 1423 hoc
2197 1363 2340 1433 fuit3

332 1467 538 1514 causas
585 1457 772 1509 autem
814 1447 959 1512 alias
997 1448 1178 1508 fuisse
1212 1448 1538 1526 opinantur.
1630 1445 1861 1508 Gnaeus
1901 1447 2213 1526 Pompeius
2261 1449 2343 1508 ita

331 1533 657 1609 dictitabat,
701 1531 857 1610 quod
902 1550 1095 1610 neque
1138 1549 1323 1611 opera
1369 1549 1769 1592 consummare
1807 1549 1957 1610 quae
1993 1532 2341 1608 instituerat,
2365 1548 2417 1590 ιι

330 1636 523 1697 neque
552 1617 755 1695 populi
786 1617 1288 1695 expectationem,
1337 1633 1508 1694 quam
1545 1615 1618 1675 de
1660 1614 1910 1677 adventu
1946 1633 2052 1676 suo
2089 1616 2341 1692 fecerat,

330 1704 570 1782 privatis
594 1700 806 1780 opibus
837 1700 1083 1780 explere
1115 1708 1353 1779 posset,
1386 1699 1618 1760 turbare
1651 1701 1842 1760 omnia
1872 1718 1943 1760 ac
1980 1702 2341 1778 permiscere

331 1786 608 1846 voluisse.
696 1784 816 1844 Alii
850 1786 1107 1845 timuisse
1138 1784 1361 1860 dicunt,
1395 1802 1468 1845 ne
1513 1800 1750 1861 eorum,
1794 1801 1943 1862 quae
1979 1785 2164 1863 primo
2201 1800 2341 1843 cou-

330 1870 516 1930 sulatu
542 1868 823 1929 adversus
847 1871 1104 1947 auspicia
1135 1868 1423 1947 legesque
1453 1877 1515 1928 et
1543 1868 1998 1929 intercessiones
2027 1868 2341 1946 gessisset,

327 1955 609 2015 rationem
638 1952 888 2014 reddere
920 1961 1163 2031 cogeret
1202 1970 1259 2022 ι·;
1297 1970 1423 2013 cum
1444 1951 1521 2015 M.
1549 1949 1695 2014 Cato
1727 1951 2037 2014 identidem
2070 1971 2182 2013 nec
2212 1953 2341 2013 siue
2361 1969 2415 2012 πο

329 2041 452 2100 iure
487 2037 725 2098 iurando
757 2038 1145 2114 denuntiaret,
1228 2036 1509 2097 elaturum
1544 2055 1612 2097 se
1651 2054 1862 2097 nomeu
1900 2039 2025 2098 eius
2067 2036 2234 2098 simul
2270 2054 2344 2097 ac

331 2124 572 2202 primum
611 2122 929 2182 exercitum
966 2121 1304 2190 dimisisset;
1355 2139 1601 2200 cumque
1633 2120 1814 2200 vulgo
1859 2122 1991 2183 fore
2037 2121 2339 2201 praedica-

329 2215 491 2282 rent,
541 2213 601 2264 ut
636 2207 685 2264 si
727 2206 984 2284 privatus
1017 2205 1295 2282 redisset,
1331 2205 1566 2266 Milonis
1603 2205 1877 2285 exemplo
1911 2205 2341 2284 circumpositis

330 2291 563 2353 armatis
606 2307 836 2350 causam
878 2289 1031 2369 apud
1065 2290 1287 2350 iudices
1329 2290 1568 2350 diceret.
1658 2289 1827 2365 Quod
1864 2290 2224 2370 probabilius
2253 2289 2337 2350 fa-

331 2376 408 2434 cit
453 2373 690 2433 Asinius
743 2373 967 2450 Pollio,
1025 2374 1362 2435 Pharsalica
1413 2375 1541 2435 acie
1598 2392 1811 2435 caesos
1868 2375 2413 2454 profligatosqueas

329 2459 700 2520 adversarios
746 2459 1203 2537 prospicientem
1242 2459 1391 2518 haec
1430 2477 1559 2518 eum
1603 2458 1676 2519 ad
1725 2458 1961 2519 verbum
1996 2459 2215 2519 dixisse
2244 2475 2338 2517 re·

327 2543 556 2602 ferens:
594 2540 732 2603 Hoc
766 2542 1131 2613 voluerunl‚·
1173 2542 1365 2603 tantis
1405 2541 1597 2603 rebus
1634 2544 1828 2623 qestis
1857 2543 2058 2604 Gaius
2092 2541 2343 2604 Caesar

329 2626 770 2688 condemnatus
805 2645 999 2688 essem
1014 2672 1031 2703 ,
1074 2626 1201 2687 nisi
1238 2624 1322 2686 ab
1365 2626 1642 2688 exercitu
1686 2628 1989 2689 auxilium
2021 2628 2339 2706 petissem.

330 2711 573 2787 Quidam
628 2719 826 2791 putant
880 2720 1109 2790 captum
1161 2711 1391 2790 imperii
1446 2712 1862 2773 consuetudine
1916 2714 2343 2792 pensitatisque

330 2797 447 2855 suis
481 2806 538 2855 et
572 2796 930 2855 inimicorum
961 2795 1209 2871 viribus,
1251 2813 1413 2856 usum
1457 2796 1772 2857 occasione
1812 2796 2127 2876 rapiendae
2159 2796 2340 2857 domi·
2362 2816 2414 2859 so

329 2881 603 2956 nationis,
647 2898 816 2958 quam
851 2888 1044 2940 aetate
1074 2880 1256 2958 prima
1292 2881 1683 2959 concupisset.
1774 2880 1942 2956 Quod
1973 2881 2342 2941 existimasse

328 2963 630 3025 videbatur
665 2973 722 3024 et
750 2961 994 3041 Cicero,
1042 2964 1308 3024 scribens
1339 2963 1411 3023 de
1443 2963 1666 3025 Officiis
1700 2967 1872 3027 tertio
1916 2965 2067 3025 libro
2102 2983 2342 3044 semper

330 3044 642 3109 Caesarem
693 3049 750 3107 in
812 3065 916 3108 ore
968 3047 1242 3108 habuisse
1293 3049 1409 3126 [est
1457 3050 1515 3107 in
1556 3048 1921 3123 Phoenissis:
1977 3051 2162 3129 εἰπερ
2205 3037 2340 3147 γὰρ

329 3121 585 3192 ἀδικεῖν
611 3123 737 3210 χρή
752 3177 770 3210 ,
804 3130 1207 3212 τυραννίδος
1235 3127 1387 3211 πέρι
1416 3123 1775 3194 κάλλιστον
1806 3123 2095 3214 ἀδίκημα
2113 3153 2128 3167 ·
2161 3152 2245 3193 τα
2271 3121 2344 3194 δ’

328 3203 498 3314 ἄλλᾳ
527 3204 831 3294 εὐσεβεῖν
859 3207 1098 3297 χρεών]
1132 3216 1427 3296 Euripidis
1458 3235 1695 3296 versus,
1729 3236 1880 3297 quos
1914 3219 2000 3279 sic
2035 3220 2166 3299 ipse
2199 3233 2409 3278 con-ss

331 3308 531 3358 verm·

638 3386 782 3442 Nam
823 3389 877 3443 si
912 3389 1223 3445 violandum
1267 3395 1352 3446 est
1384 3391 1498 3460 im,
1533 3391 1807 3464 raynaudi
1836 3394 2019 3465 qratia

648 3467 971 3529 Violandum
1010 3480 1115 3531 est.-
1154 3475 1276 3531 aliis
1314 3474 1478 3532 rebus
1507 3476 1767 3548 pietatem
1807 3478 1978 3534 colas·
2029 3512 2040 3523 ·
