2553 3960
478 263 629 310 LXII
1156 256 1576 304 PRAEFATIO.

481 420 683 491 diano,
724 425 784 475 ut
829 435 901 474 ex
942 416 1223 474 simillimo
1269 417 1459 488 aliquo
1508 415 1632 472 eius
1668 415 2032 473 descendisse
2083 415 2169 473 illi
2201 418 2303 474 de-

478 506 665 561 beant.
754 502 1000 574 Namque
1042 502 1094 558 is
1134 501 1290 558 solus
1323 500 1391 556 de
1426 500 1606 556 tribus
1649 517 1706 573 p.
1741 504 1879 567 260,
1908 506 1977 559 25
2015 517 2298 573 qramma-

478 590 616 658 tica,
647 606 702 662 p.
734 592 875 656 264,
918 591 987 645 36
1020 587 1339 656 superiore,
1379 602 1434 657 p.
1468 589 1604 655 266,
1636 587 1704 643 14
1741 582 1938 654 verbo,
1983 600 2129 656 quae
2164 602 2300 642 vera

478 677 637 743 sunt,
686 688 808 727 cum
851 668 1233 726 deterioribus
1266 668 1427 724 libris
1468 667 1747 740 servavit3
1803 667 1934 723 item
1978 670 2134 725 solus
2177 686 2300 725 cum

478 756 595 813 illis
635 758 776 812 haec
822 758 1087 826 corrupta
1134 770 1190 825 p.
1236 758 1372 822 259,
1404 758 1469 812 11
1515 756 1659 823 tam,
1706 758 1773 811 13
1818 753 1985 823 ipsiS,
2039 759 2104 812 15
2137 754 2299 822 aliaS,

477 858 535 913 p.
565 845 694 910 264,
736 848 768 898 5
810 837 1082 910 improbi,
1126 854 1182 910 p.
1214 841 1350 905 271,
1386 841 1453 895 16
1494 836 1829 905 adoranter,
1862 840 1919 890 et
1961 834 2297 910 interpolata

368 928 370 930 ’
477 942 535 997 p.
565 930 700 994 262,
731 929 802 983 38
829 928 908 989 et,
951 938 1004 993 p.
1037 926 1176 992 264,
1207 927 1271 980 11
1302 919 1550 990 domino,
1596 925 1654 975 et
1683 918 1944 975 omissum
1975 936 2030 992 p.
2061 926 2196 991 265,
2234 927 2300 980 19

469 1023 707 1079 puerum
743 1005 1024 1070 ostendit;
1056 1004 1298 1077 denique
1328 1020 1383 1076 p.
1424 1008 1550 1075 267,
1584 1007 1647 1059 11
1678 1002 1887 1059 omisso
1918 1004 1974 1058 iu
2007 1004 2206 1060 ordine
2243 1011 2299 1060 et

475 1092 739 1164 suppleto
770 1092 838 1146 ad
868 1090 1174 1159 marginem
1204 1088 1479 1145 vocabulo
1508 1103 1726 1155 omnes,
1760 1092 1816 1143 et
1843 1103 1900 1159 p.
1933 1093 2070 1157 268,
2099 1086 2172 1146 14
2201 1088 2298 1144 ubi

475 1175 701 1231 Latinos
727 1176 899 1231 habet
925 1173 982 1228 iu
1014 1173 1245 1242 ordine,
1286 1172 1482 1227 Latine
1521 1171 1604 1244 ·s·
1674 1172 1730 1226 in
1767 1171 2054 1243 margine,
2086 1172 2301 1228 deteri·

477 1276 635 1316 orum
669 1259 940 1314 librorum
967 1256 1350 1313 diversitatem
1378 1255 1602 1311 facilem
1631 1254 1816 1311 reddit
1848 1256 2151 1328 explicatu.

604 1343 688 1398 De
719 1341 861 1414 ipsis
897 1341 1060 1396 libris
1091 1341 1364 1411 probatae
1397 1339 1527 1395 fidei
1556 1338 1735 1396 tribus
1756 1339 2047 1395 Leidensis
2074 1338 2297 1396 minime

475 1443 648 1500 saepe
684 1427 974 1483 erroribus
1003 1424 1256 1480 turbatus
1289 1429 1410 1494 est,
1444 1424 1546 1479 sed
1588 1440 1657 1479 ne
1692 1423 1742 1480 is
1773 1422 1993 1495 quidem
2026 1430 2134 1479 tam
2179 1424 2296 1480 siu-

477 1527 641 1567 cerus
671 1517 747 1580 ut,
780 1509 873 1566 ubi
906 1509 1063 1564 solus
1096 1514 1289 1564 eontra
1313 1508 1566 1578 reliquos
1589 1523 1781 1567 omnes
1811 1512 1940 1577 stat,
1976 1507 2026 1562 ei
2057 1507 2298 1564 maxime

478 1595 892 1651 concedendum
924 1608 1050 1648 esse
1079 1591 1353 1648 videatur.
1441 1589 1574 1646 Nam
1607 1591 1699 1663 qui
1735 1606 1856 1646 eum
1889 1606 1994 1663 pro
2027 1591 2298 1664 primario

476 1681 719 1735 habeant
759 1686 814 1733 et
858 1685 1130 1748 tamquam
1163 1676 1510 1747 reliquorum
1543 1675 1781 1731 omnium
1812 1679 2097 1745 parentem
2127 1691 2298 1732 reve·

478 1770 726 1831 reantur,
758 1762 867 1817 iam
905 1762 1091 1817 nullos
1122 1759 1295 1816 hodie
1331 1775 1457 1816 esse
1486 1758 1677 1828 video,
1710 1763 1767 1814 et
1794 1774 1931 1815 sane
1960 1757 2293 1830 deponenda

475 1846 607 1901 talis
651 1847 842 1919 opinio
889 1845 995 1900 fuit
1037 1845 1107 1900 de
1154 1843 1353 1900 codice
1400 1859 1469 1898 ne
1508 1842 1684 1899 semel
1722 1842 1943 1914 quidem
1986 1842 2295 1915 exscripto.

473 1929 751 1987 Pontanus
784 1928 955 2001 igitur
989 1944 1151 1985 omne
1182 1927 1448 1985 vitiorum
1478 1943 1657 1999 genus
1690 1924 1940 1984 librariis
1969 1932 2292 1987 consuetum

471 2014 572 2070 sed
602 2030 731 2070 raro
770 2012 1064 2070 commisit.
1151 2012 1425 2068 Nonnulla
1472 2011 1786 2067 festinando
1819 2012 2123 2084 depravata
2169 2012 2296 2084 ipse

472 2098 807 2168 emendavit,
834 2104 895 2152 ut
925 2115 980 2168 p.
1013 2101 1138 2166 257,
1167 2102 1220 2155 4.
1269 2102 1395 2168 259,
1426 2101 1528 2161 21;
1560 2100 1648 2156 34.
1691 2101 1818 2166 260,
1849 2104 1920 2160 53
1949 2102 2035 2156 35.
2082 2101 2207 2166 262,
2240 2105 2296 2154 5.

469 2185 594 2251 264,
631 2187 725 2247 12;
755 2187 852 2246 24;
894 2185 980 2241 27.
1023 2186 1147 2251 266,
1178 2186 1264 2240 20.
1299 2185 1422 2252 269,
1448 2185 1549 2245 28;
1580 2179 1782 2252 quibus
1817 2179 1963 2238 locis
1993 2180 2299 2252 discipulis,

456 2271 761 2336 parentum
790 2270 1119 2330 nostrorum,
1142 2263 1404 2336 Opimius,
1429 2265 1576 2319 duas
1608 2264 1836 2335 litterae,
1858 2270 2296 2336 peremptorum,

467 2347 739 2420 coyimus,
781 2357 832 2404 et
858 2349 1165 2404 doctrinam
1180 2391 1195 2421 ,
1238 2349 1524 2404 versiculis
1537 2387 1555 2418 ,
1597 2348 1959 2404 exercitanda
1988 2348 2296 2404 docentium

470 2446 701 2505 qenera,
728 2433 904 2503 filium
934 2435 1237 2504 comitatus,
1266 2432 1515 2488 absoluta
1548 2438 1890 2505 properante
1914 2433 2126 2489 calamo
2148 2433 2297 2489 scri-

473 2521 567 2589 pta
601 2516 727 2588 ipse
764 2516 842 2572 ita
893 2516 1141 2572 restituit
1174 2517 1253 2572 uti
1292 2516 1440 2589 apud
1489 2530 1593 2572 nos
1637 2515 1914 2588 leguntur.
2003 2516 2132 2572 Alia
2178 2531 2294 2573 nou

474 2599 726 2656 correxit
757 2605 952 2674 aperte
998 2600 1066 2655 ab
1114 2600 1243 2672 ipso
1291 2606 1559 2671 peccata,
1603 2605 1663 2653 ut
1696 2617 1750 2671 p.
1784 2606 1921 2672 258,
1949 2605 2018 2661 26
2051 2599 2295 2664 Laccus,

471 2700 527 2756 p.
568 2689 707 2755 260,
737 2691 770 2744 9
797 2685 1020 2751 Πίοηίε,
1053 2700 1108 2756 p.
1143 2690 1280 2754 261,
1314 2688 1379 2742 14
1424 2682 1674 2751 Varone,
1707 2701 1762 2755 p.
1795 2689 1919 2755 263,
1954 2692 2022 2743 10
2054 2684 2296 2755 Crateri,

471 2785 528 2840 p.
560 2772 696 2836 269,
726 2776 792 2827 15
824 2783 1139 2824 anascenas
1175 2773 1227 2822 et
1254 2773 1611 2837 catascenas,
1654 2785 1709 2839 p.
1743 2773 1869 2839 270,
1903 2775 1974 2827 10
1999 2769 2298 2839 Atracino,

473 2867 580 2906 uec
613 2851 875 2907 omissum
914 2870 968 2925 p.
1003 2857 1129 2922 267,
1172 2857 1207 2910 3
1247 2853 1346 2922 qui
1374 2865 1498 2905 cum
1529 2852 1832 2924 supplevit.
1922 2851 2054 2908 Tum
2095 2852 2298 2908 conie-

471 2935 673 2990 ctando
707 2951 928 3008 quoque
956 2935 1255 2992 Pontanum
1286 2934 1590 2990 indulsisse
1626 2936 1868 3008 produnt
1895 2951 2062 3009 supra
2093 2935 2298 3007 pristi-
2343 2965 2368 2986 .

471 3035 594 3074 nam
625 3019 955 3091 scripturam
987 3019 1171 3075 addita
1214 3020 1386 3075 haec:
1422 3035 1479 3091 p.
1518 3024 1644 3091 257,
1681 3023 1715 3079 7
1749 3025 1934 3076 notum
1971 3025 2051 3076 est
2076 3036 2175 3091 ac,
2220 3026 2299 3081 23

470 3107 854 3173 retrectarent,
885 3110 955 3163 28
982 3103 1200 3160 Vectius
1231 3109 1285 3157 et
1306 3100 1372 3169 Q.
1417 3119 1473 3175 p.
1492 3108 1615 3173 262,
1646 3109 1715 3164 36
1743 3103 2007 3175 Miretur,
2039 3122 2094 3177 p.
2115 3110 2240 3174 265,
2256 3111 2295 3165 9

468 3192 521 3241 et
548 3187 606 3240 in
634 3187 719 3256 iis,
749 3204 803 3260 p.
837 3192 973 3257 266,
1002 3193 1073 3245 20
1099 3187 1405 3254 textrinas,
1450 3204 1505 3259 p.
1540 3191 1678 3256 271,
1710 3193 1775 3248 17
1807 3188 2079 3245 adornate
2104 3193 2167 3244 ut
2193 3203 2292 3259 ne,

471 3274 527 3323 et
553 3285 611 3341 p.
645 3274 781 3339 262,
809 3277 876 3330 31
907 3271 1002 3327 ubi
1031 3273 1343 3342 qeorqustio
1370 3287 1407 3325 α
1448 3267 1687 3345 γεωργῶ
1722 3273 1838 3327 colo
1867 3280 2080 3327 terram
2116 3288 2291 3345 repo-

470 3353 705 3408 nendum
738 3369 866 3410 esse
910 3354 1267 3411 existimavit.
1356 3354 1535 3410 Etiam
1574 3355 1630 3410 in
1677 3355 1861 3411 libelli
1902 3356 2067 3412 titulo
2107 3356 2288 3413 verba

468 3435 555 3491 De
574 3438 708 3491 viris
737 3438 1034 3493 illustribus
1064 3439 1200 3493 liber
1228 3444 1286 3494 et
1318 3438 1676 3495 Grammatici
1698 3441 1942 3496 illustres
1974 3440 2106 3511 quin
2137 3438 2289 3496 idem

469 3518 768 3589 addiderit,
799 3521 1054 3578 dubitare
1085 3539 1194 3579 uon
1229 3523 1417 3578 sinunt
1447 3540 1511 3579 ea
1546 3540 1687 3595 quae
1716 3524 1864 3582 infra
1892 3542 1947 3597 p.
1978 3529 2082 3584 288
2117 3539 2290 3595 prae-
