2553 3960
939 274 1149 322 mvus
1186 275 1568 325 AUGUSTUS.
1846 349 1858 363 ,
2153 270 2232 331 ’73

227 428 329 506 ibi,
359 426 551 488 donec
577 427 807 488 residua
833 426 1025 488 diurni
1047 438 1209 489 actus
1239 438 1335 490 aut
1365 432 1553 491 omnia
1582 440 1678 492 aut
1701 451 1777 492 ex
1798 436 2040 495 maxima
2066 446 2233 515 parte

230 513 584 589 conficeret,
624 511 697 572 ad
741 511 973 572 multam
1008 521 1240 572 noctem
1281 514 1679 592 permanebat.
1736 516 1802 576 In
1843 517 2054 578 lectum
2096 519 2232 580 inde

228 597 663 673 transgressus,
696 612 812 655 non
842 595 1087 674 amplius
1116 615 1242 656 cum
1270 596 1574 675 plurimum
1605 616 1774 677 quam
1800 610 2027 680 septem
2057 602 2232 663 horas

231 679 586 757 dormiebat,
624 697 699 740 ac
741 697 818 738 ne
857 697 960 740 eas
1000 679 1228 758 quidem
1264 683 1596 759 continuas,
1641 683 1748 743 sed
1783 686 1928 744 utin
1959 685 2063 745 illo
2091 696 2230 746 tem-

184 784 212 825 s
235 765 398 844 poris
441 765 631 843 spatio
670 773 766 824 ter
795 772 892 824 aut
928 772 1133 843 quater
1161 765 1697 843 expergisceretur.
1762 769 1824 827 Si
1852 768 2232 848 interruptum

230 865 488 909 somnum
534 850 908 927 reciperare,
953 857 1014 907 ut
1059 850 1283 925 evenit,
1332 866 1447 908 non
1490 853 1725 929 posset,
1775 850 2097 913 lectoribus
2138 863 2235 913 aut

229 931 656 993 fabulatoribus
688 932 989 993 arcessitis
1016 932 1380 1009 resumebat,
1425 933 1904 1013 producebatque
1935 935 2084 996 ultra
2119 938 2231 1016 pri-

227 1035 376 1077 mam
423 1032 605 1094 saepe
653 1015 862 1076 lucem.
942 1014 1072 1075 Nec
1117 1018 1181 1076 in·
1219 1017 1478 1076 tenebris
1517 1018 1780 1095 vigilavit
1819 1027 2082 1098 umquam
2123 1021 2232 1080 nisi

229 1099 523 1160 assidente
568 1100 786 1178 aliquo.
871 1099 1144 1161 Matutina
1189 1100 1387 1178 vigilia
1431 1101 1861 1173 offendebatur;
1920 1122 1991 1164 ac
2039 1105 2089 1163 si
2133 1103 2231 1164 vel

159 1202 210 1244 ιο
230 1184 414 1245 officii
462 1183 558 1242 vel
606 1184 761 1243 sacri
809 1202 983 1245 causa
1029 1186 1304 1244 maturius
1355 1185 1744 1262 evigilandum
1796 1196 1988 1265 esset,
2045 1206 2118 1247 ne
2174 1187 2232 1247 id

230 1276 434 1330 contra
476 1267 834 1328 commodum
875 1269 1132 1344 faceret,
1178 1270 1236 1327 in
1279 1270 1547 1346 proximo
1590 1271 2001 1353 cuiuscumque
2035 1270 2229 1332 dome·
2327 1329 2334 1335 ,

229 1353 508 1413 sticorum
558 1351 873 1412 caenaculo
928 1352 1214 1412 manebat.
1299 1353 1398 1412 Sic
1448 1369 1683 1432 quoque
1736 1372 1917 1433 saepe
1960 1354 2231 1433 indigens

141 1513 145 1518 q
229 1435 450 1512 somni,
505 1443 565 1493 et
615 1434 745 1495 dum
794 1454 904 1515 per
948 1436 1113 1496 vicos
1157 1435 1565 1514 deportaretur
1604 1446 1663 1497 et
1710 1437 1976 1516 deposita
2018 1438 2228 1498 lectica

230 1521 381 1578 inter
407 1518 634 1597 aliquas
661 1536 855 1579 moras
887 1519 1344 1579 condormiebat.

162 1618 211 1659 ιε
351 1602 561 1663 Forma
602 1602 706 1662 fuit
742 1603 951 1671 eximia
987 1612 1045 1663 et
1085 1621 1194 1682 per
1223 1619 1425 1663 omnes
1459 1605 1665 1664 aetatis
1694 1603 1911 1681 gradus
1947 1607 2228 1666 venustis·
2245 1618 2314 1674 79

231 1690 401 1755 sima;
444 1703 785 1765 quamquam
827 1696 886 1746 et
929 1689 1112 1747 omnis
1155 1686 1432 1746 lenocinii
1480 1687 1810 1765 neglegens
1849 1696 1909 1747 et
1947 1688 2005 1747 in
2037 1691 2229 1768 capite

232 1770 518 1830 comendo
556 1779 672 1830 tam
717 1771 1076 1848 incuriosus,
1122 1779 1182 1830 ut
1221 1771 1430 1849 raptim
1470 1770 1864 1850 compluribus
1898 1771 2063 1831 simul
2104 1780 2228 1831 ton·
2325 1789 2328 1794 ’

232 1853 466 1914 soribus
505 1871 746 1933 operam
789 1853 985 1929 daret,
1031 1872 1103 1915 ac
1131 1853 1306 1914 modo
1337 1854 1607 1915 tonderet
1630 1854 1806 1915 modo
1841 1854 2075 1915 raderet
2098 1856 2228 1915 bar·

225 1938 393 2015 bam,
437 1955 628 2016 eoque
666 1939 797 2018 ipso
825 1947 1092 2018 tempore
1126 1947 1222 1998 aut
1251 1938 1484 2015 legeret
1511 1937 1729 2017 aliquid
1760 1947 1856 2000 aut
1886 1940 2057 1999 etiam
2086 1940 2229 2000 scri-

157 2022 420 2092 aberet.
477 2021 654 2082 Vultu
692 2031 819 2083 erat
851 2023 947 2083 vel
987 2023 1043 2081 in
1076 2040 1345 2083 sermone
1378 2022 1473 2083 vel
1503 2024 1714 2083 tacitus
1744 2023 1892 2084 adeo
1917 2024 2229 2102 tranquillo

231 2122 599 2184 serenoque,
643 2115 702 2166 ut
750 2106 980 2185 quidam
1019 2125 1054 2166 e
1089 2105 1438 2185 primoribus
1470 2105 1781 2168 Galliarum
1820 2107 2126 2168 confessus
2156 2108 2231 2167 sit

229 2191 382 2249 inter
429 2205 601 2266 suos,
650 2207 726 2249 eo
771 2209 838 2250 se
884 2190 1179 2250 inhibitum
1219 2208 1290 2250 ac
1328 2190 1705 2266 remollitum‚
1750 2207 1865 2269 quo
1915 2191 2127 2268 minus,
2167 2200 2231 2250 ut

154 2319 161 2328 .
230 2272 578 2349 destinarat,
633 2274 692 2332 in
746 2275 989 2334 transitu
1033 2274 1266 2354 Alpium
1298 2291 1428 2351 ,per
1471 2274 1891 2334 simulationem
1933 2274 2229 2354 conloquii

231 2356 479 2437 propius
506 2355 806 2434 admissus,
837 2359 894 2417 in
924 2359 1326 2437 praecipitium
1361 2357 1745 2437 propelleret.
1788 2357 2005 2418 Oculos
2035 2357 2231 2419 habuit
2323 2434 2328 2438 ο

158 2459 214 2499 2⁸
234 2440 432 2501 claros
486 2457 556 2500 ac
600 2440 845 2518 nitidos,
898 2441 1106 2520 quibus
1155 2442 1327 2501 etiam
1379 2442 1694 2502 existimari
1746 2441 1984 2501 volebat
2031 2444 2229 2502 inesse

232 2523 500 2604 quiddam
539 2523 713 2584 divini
743 2527 996 2603 vigoris,
1042 2524 1483 2603 gaudebatque,
1530 2527 1578 2584 si
1609 2525 1707 2602 qui
1737 2524 1846 2584 sibi
1872 2527 2063 2585 acrius
2094 2543 2228 2586 con-

225 2609 410 2668 tuenti
447 2608 610 2686 quasi
657 2608 732 2668 ad
780 2609 1071 2686 fulgorem
1123 2609 1265 2668 solis
1317 2607 1531 2667 vultum
1576 2609 1977 2677 summitteret3
2028 2608 2134 2668 sed
2173 2610 2231 2667 in

230 2701 469 2753 senecta
511 2693 742 2753 sinistro
781 2694 966 2752 minus
1005 2693 1175 2763 vidit3
1218 2692 1425 2751 dentes
1452 2708 1618 2750 raros
1647 2699 1707 2750 et
1734 2692 1981 2768 exiguos
2012 2699 2070 2750 et
2102 2709 2228 2750 sca-

230 2776 403 2845 bros;
436 2776 711 2855 capillum
738 2775 948 2851 leviter
979 2776 1248 2837 inflexum
1282 2784 1341 2835 et
1367 2773 1713 2844 subflavum
1750 2773 2064 2853 supercilia
2095 2790 2229 2844 con-

160 2861 460 2930 sciuncta3
490 2860 820 2919 mediocres
848 2878 1051 2928 aures:
1088 2878 1288 2920 nasum
1313 2868 1373 2919 et
1402 2876 1434 2918 a
1464 2875 1683 2918 summo
1715 2858 2147 2917 eminentiorem
2173 2865 2231 2917 et

233 2943 307 3017 ab
356 2945 470 3003 imo
519 2943 938 3013 deductiorem;
993 2944 1253 3005 colorem
1299 2945 1449 3003 inter
1490 2941 1742 3021 aquilum
1786 2941 2228 3020 candidumque:

231 3036 506 3088 staturam
533 3027 808 3106 brevem,
841 3029 1040 3109 (quam
1067 3037 1257 3088 tamen
1285 3026 1463 3086 Iulius
1489 3026 1822 3100 Marathus‚-
1843 3021 2091 3085 libertus
2114 3034 2170 3085 et
2197 3043 2233 3086 a

230 3113 508 3171 memoria
542 3111 699 3189 eius,
729 3114 980 3191 quinque
1010 3110 1220 3190 pedum
1252 3119 1311 3170 et
1339 3109 1635 3170 dodrantis
1666 3110 1846 3168 fuisse
1879 3108 2084 3187 tradit)
2126 3108 2232 3169 sed

232 3212 383 3275 quae
426 3192 832 3257 commoditate
877 3205 935 3255 et
979 3194 1268 3274 aequitate
1312 3192 1698 3254 membrorum
1734 3193 2132 3268 occuleretur,
2170 3202 2230 3253 ut

157 3299 212 3340 ³5
230 3278 461 3339 nonnisi
491 3297 568 3339 ex
599 3280 1035 3358 comparatione
1057 3277 1297 3338 astantis
1319 3277 1563 3353 alicuius
1587 3277 1946 3355 procerioris
1967 3277 2228 3351 intellegi

272 3370 454 3422 osset.
1964 3403 1967 3409 ,

229 3381 268 3442 p
309 3444 587 3525 'Corpore
620 3445 874 3506 traditur
925 3446 1255 3519 maculosae,
1311 3444 1592 3521 dispersis
1643 3461 1751 3522 per
1796 3451 2007 3522 pectus
2057 3448 2314 3514 atqueso

229 3529 420 3591 alvum
470 3528 763 3607 genetivis
813 3529 967 3590 notis
1018 3530 1076 3587 in
1128 3527 1356 3588 modum
1407 3535 1468 3586 et
1515 3524 1772 3588 ordinem
1824 3542 1895 3586 ac
1933 3536 2225 3581 numerum
