2553 3960
560 253 1114 304 DnPERm'ronuu
1158 254 1521 302 mmmmm
1571 255 1973 315 nanmAE.
2148 241 2262 305 281

392 407 491 467 III.
549 400 758 504 Περὶ
796 427 946 468 του
986 397 1186 469 κατὰ
1217 395 1666 487 Ῥωμαίους
1712 402 2103 469 ἐνιαυτοῦ
2150 410 2273 490 βι-

266 491 361 571 βλ
379 491 506 551 ίον
553 483 630 552 α’.
679 428 975 553 <²Suidas.

391 573 614 634 Annum
641 584 961 635 vertentem
988 576 1208 636 Romae
1235 577 1484 637 Licinius
1516 575 1743 655 quidem
1762 574 1960 635 Macer
1982 585 2041 635 et
2068 586 2273 655 postea
2316 589 2326 597 ·

263 658 597 720 Fenestella
638 661 824 718 statim
868 660 939 719 ab
983 661 1144 719 initio
1186 660 1490 721 duodecim
1527 677 1781 718 mensum
1811 658 1991 719 fuisse
2023 662 2272 740 scripse-

220 761 243 798 5
266 751 411 820 runt,
445 742 548 801 sed
582 746 765 819 magis
793 742 1320 804 Iunio-Gracchano
1359 753 1415 803 et
1437 743 1642 805 Fulvio
1677 751 1733 802 et
1766 744 2013 803 Varroni
2045 753 2104 802 et
2133 744 2272 804 Sue-

265 827 423 886 tonio
475 825 719 904 aliisque
774 826 1154 903 credendum,
1215 830 1310 905 qui
1373 826 1575 887 decem
1625 843 1881 885 mensum
1934 836 2275 904 putaverunt

264 908 478 986 fuisse,
515 918 574 969 ut
605 917 738 968 tunc
774 908 1017 971 Albanis
1043 918 1197 984 erat,
1238 910 1390 970 unde
1421 913 1530 971 orti
1565 911 1826 971 Romani.
1899 908 2276 971 Censorinus

344 1037 490 1137 IV.
547 1072 758 1156 Περὶ
812 1095 971 1137 των
1024 1073 1110 1138 ἐν
1155 1084 1325 1148 τοῖς
1377 1075 1742 1157 βιβλίοις
1788 1075 2154 1156 σημείων
2194 1068 2271 1138 α’.

197 1179 246 1221 ¹0
399 1160 521 1210 Inde
559 1169 678 1211 sunt
717 1160 933 1211 fortasse
969 1169 1234 1227 excerpta,
1274 1177 1404 1225 quae
1437 1162 1502 1212 de
1535 1165 1667 1214 notis
1714 1161 1989 1214 Probiana
2029 1177 2058 1211 e
2103 1161 2275 1212 codice

263 1226 492 1279 Parisino
529 1228 665 1281 7530
690 1228 832 1284 Sacc.
868 1230 1001 1281 VIII.
1036 1230 1193 1280 edidit
1227 1230 1525 1281 Theodorus
1561 1230 1867 1291 Mommsen,
1910 1237 2274 1280 commentatus

263 1304 358 1414 (ᾗδὲ.
364 1295 658 1417 Τῖιῖιοῖιέωε
683 1297 852 1364 Bergk
882 1300 934 1347 in
956 1298 1240 1349 zeitschrift
1267 1299 1305 1349 f.
1338 1299 1389 1349 d.
1425 1297 2092 1349 Alterthumswissenschaft
2120 1298 2271 1349 1845.

390 1433 464 1493 V.
532 1434 646 1494 Πε
660 1426 920 1512 ρὶτῆς
970 1429 1449 1532 Κικέρωνος
1505 1432 1929 1505 πολιτείας
1986 1428 2063 1496 α’.
2139 1423 2276 1494 α’ν-

197 1510 580 1595 ιετιλέγει
629 1451 712 1577 δὲ
750 1514 850 1599 τῷ
885 1509 1246 1599 Διδύμῳ.
1337 1516 1593 1578 SuidaS.

402 1598 557 1665 [Inter
596 1580 995 1665 AIexanflrinos]
1038 1600 1391 1652 Chalcenterus
1427 1602 1633 1651 eminuit
1669 1600 1944 1665 Didymus,
1983 1601 2273 1666 multiplicis

264 1667 500 1717 sclemiae
522 1669 723 1733 scriptis
746 1669 1102 1719 memorabilis.
1137 1668 1232 1728 Qui
1262 1669 1314 1717 in
1343 1670 1441 1719 illis
1464 1685 1559 1719 sex
1581 1669 1742 1729 libris,
1776 1669 1863 1719 ubi
1895 1682 2273 1748 nonnumquam

261 1733 555 1801 imperfecte
585 1736 805 1786 Tullium
828 1736 1150 1803 reprehendit
1172 1736 1512 1803 sillographos
1536 1738 1785 1798 imitatus,
1822 1737 2092 1801 scriptores
2115 1738 2272 1787 male-

263 1802 432 1865 dicos,
481 1804 665 1854 iudicio
700 1805 957 1855 doctarum
993 1807 1190 1855 aurium
1216 1805 1475 1855 incusatur
1504 1814 1557 1855 ut
1582 1806 1819 1855 immania
1848 1804 2140 1855 frementem
2167 1805 2272 1856 leo-

192 1875 245 1917 20
265 1886 380 1921 nem
404 1872 649 1938 putidulis
673 1874 882 1924 vocibus
912 1875 1048 1924 canis
1076 1874 1270 1924 catulus
1302 1874 1505 1941 longius
1539 1875 1933 1924 circumlatrans.
1987 1873 2273 1925 Ammianus

262 1939 596 1994 Marcellinus
644 1944 973 2030 2216316.

388 2009 488 2071 v1.
546 1979 754 2091 Περὶ
810 1978 1253 2111 ονοματων
1307 2031 1445 2072 και
1489 2005 1726 2109 ἰδέας
1772 2002 2271 2108 ε’σθηματων

261 2085 393 2152 καὶ
455 2081 1017 2175 ὑποδηματων
1078 2088 1213 2156 καὶ
1265 2113 1426 2155 των
1481 2081 1752 2155 ἄλλων
1802 2083 1929 2166 οἷς
1968 2114 2090 2166 τις
2131 2082 2272 2174 ἆμ-

260 2172 726 2255 φιέννυται.
816 2179 1071 2240 SuidaS.

183 2284 238 2325 25
386 2257 699 2361 Νουμᾶς,
733 2251 770 2324 ὁ
799 2256 910 2324 καὶ
941 2263 1350 2343 Πομπίλιος,
1387 2309 1400 2323 .
1425 2258 1823 2341 ,δέξαμενος
1856 2251 2272 2357 πρεσβευτας

263 2337 337 2403 ἐκ
388 2341 502 2442 τῆς
551 2364 643 2423 χω
690 2366 766 2418 ας
812 2344 948 2407 τῶν
989 2341 1375 2446 λεγομένων
1417 2309 1822 2445 Πελασγῶν,
1883 2342 2152 2445 φοροῦν
2156 2365 2270 2416 τας

260 2420 599 2506 χλαμύδας
666 2421 912 2526 χούσας
953 2429 1189 2509 ταβλία
1216 2422 1517 2525 ρούσεα,
1546 2421 1854 2528 καθάπερ
1902 2426 1973 2490 οἰ
1998 2418 2128 2490 ἄπο
2132 2426 2271 2527 τῆς

268 2508 598 2590 Ἰσαυρίας
624 2503 872 2610 χώρας,
906 2506 1017 2574 καὶ
1046 2507 1364 2611 τερφθεὶς
1391 2510 1517 2574 τού
1547 2505 1908 2614 σχήματος,
1951 2504 2272 2591 ἐπενόησε

184 2696 241 2738 ³0
259 2586 1770 2779 &⁰253nggfflffigoxggffizffigv{3355
1786 2589 2272 2781 τῖἱιὲὲζιῗῖέῒ

259 2759 722 2862 συγκλητικῶν
761 2757 872 2825 καὶ
910 2760 1044 2824 τῶν
1092 2753 1318 2825 αλλων
1367 2762 1502 2826 τῶν
1540 2761 1615 2825 ἐν
1655 2726 1867 2839 ἀξίαις
1908 2756 2019 2825 καὶ
2064 2776 2270 2841 στρα-

257 2842 461 2916 τείαις
507 2839 844 2925 χλαμύδας
882 2839 1188 2945 ἐχούσας,
1205 2840 1589 2928 σήμαντρον
1619 2845 1746 2946 τῆς
1758 2844 2105 2942 βασιλικῆς
2136 2865 2270 2925 φο-

256 2926 480 3007 ρεσίας
508 2929 744 3028 ταβλία
772 2927 1114 3031 πορφυρᾶ,
1147 2920 1342 3007 αξίαν
1372 2929 1709 3011 δηλοῦντα
1729 2920 2094 3011 Ῥωμαῖκῆς
2140 2948 2269 2991 πο-

256 3010 502 3083 λιτείας
551 3006 662 3074 καὶ
700 3003 1079 3114 υποταγήν,
1123 3009 1445 3093 κελεύσας
1479 3011 1732 3113 μηδένα
1773 3016 2270 3112 συγχωρεῖσθαι
2330 3020 2333 3025 “

184 3117 235 3158 35
260 3094 584 3167 είςελθεῖν
617 3096 709 3170 εἰς
735 3088 811 3160 τὰ
840 3062 1188 3161 Παλάτιον
1222 3098 1370 3178 δίχα
1405 3097 1527 3160 τοῦ
1561 3091 1890 3179 σχήματος
1919 3095 2034 3177 τῆς
2063 3088 2269 3196 αὐτῆς

256 3172 606 3279 χλαμύδος.
665 3177 776 3244 καὶ
807 3171 892 3243 οὐ
919 3175 1354 3281 συνεχώρουν
1381 3202 1532 3243 τινα
1562 3181 1886 3256 εἰςελθεζν
1915 3179 1988 3243 οῖ
2007 3175 2269 3262 φυλάτ-

255 3279 481 3335 τοντες
507 3253 584 3325 τὸ
610 3259 986 3343 Παλάτιον,
1020 3265 1083 3327 εί
1105 3256 1195 3346 μὴ
1230 3258 1479 3363 ἐφόρει
1489 3258 1808 3364 χλαμύδα
1834 3264 2121 3345 ἔχουσαν
2150 3285 2269 3343 φι-

257 3344 560 3442 λοτιμίαν
591 3346 939 3447 βασιλικῆς
965 3346 1262 3447 ἐσθῆτος,
1295 3339 1521 3421 καθως
1550 3338 1586 3410 ὁ
1616 3363 2002 3448 σοφωτατος
2036 3351 2269 3424 Σουη-

257 3447 491 3502 τωνιος
532 3424 961 3513 Τράγκυλλος
979 3422 1328 3513 Ῥωμαίων
1371 3425 1887 3514 ιστοριογράφος
1930 3425 2269 3509 συνεγρά-

256 3517 448 3583 ψατο.
511 3511 782 3577 Ioannes
814 3516 1093 3580 Malalas
1123 3535 1188 3597 p.
1232 3525 1308 3578 33
1340 3515 1539 3579 Bonn.
1573 3515 1921 3578 Chronicon
1962 3513 2268 3594 paschale
