2553 3960
258 218 377 281 148
465 230 528 279 c.
552 228 853 279 sumom
885 229 1141 291 TRANQ.
1167 231 1262 278 DE
1294 230 1463 279 vrrA
1494 229 1861 281 cfflsARtm
1891 231 2030 279 Lm.
2056 232 2124 281 v,

253 386 347 466 pia
389 385 649 446 decrevit
693 392 751 443 et
795 382 1116 445 Germanici
1169 402 1497 463 cognomen
1541 386 1653 465 ipsi
1700 387 2071 465 posterisque
2117 387 2264 448 eius.

249 470 458 531 Fuisse
491 478 679 530 autem
711 468 963 528 creditur
992 486 1106 529 non
1136 470 1321 529 minus
1352 469 1602 546 gloriosi
1634 486 1803 548 quam
1840 470 2028 530 civilis
2060 473 2262 543 animi;

136 591 139 595 -
250 572 381 615 nam
411 572 484 613 ex
512 554 683 613 hoste
713 570 891 631 super
936 554 1213 613 victorias
1256 555 1446 631 opima
1488 570 1722 631 quoque
1755 554 1947 632 spolia
1990 563 2264 633 captasse

251 654 587 717 summoque
629 638 865 715 saepius
906 635 1234 696 discrimine
1281 636 1459 696 duces
1505 635 1917 697 Germanorum
1968 646 2088 698 tota
2133 642 2263 699 acie

249 724 594 792 insectatus;
661 737 774 779 nec
822 719 1218 781 'dissimulasse
1269 737 1534 799 umquam
1596 720 1895 799 pristinum
1947 739 2014 781 se
2065 723 2153 782 rei
2201 742 2262 803 p.
2287 750 2313 789 5

250 813 488 883 statum,
551 803 896 884 quandoque
959 812 1195 883 posset,
1259 801 1671 864 restituturum:
1760 805 1929 867 Unde
1991 807 2263 866 existimo

248 888 560 950 nonnullos
596 887 829 949 tradere
871 905 1080 966 ausos,
1144 898 1479 968 suspectum
1534 907 1660 948 eum
1709 887 1976 966 Augusto
2019 905 2263 951 revoca·

248 983 480 1052 tumque
524 992 600 1033 ex
643 972 944 1051 provincia
1002 981 1059 1032 et
1104 973 1238 1052 quia
1282 981 1681 1050 cunctaretur,
1734 973 2118 1052 interceptum
2163 991 2262 1034 ve-

248 1074 419 1117 neno.
522 1056 689 1131 Quod
757 1056 1021 1134 equidem
1083 1056 1269 1133 magis
1328 1074 1402 1116 ne
1460 1057 1985 1136 praetermitterem
2042 1056 2260 1133 rettuli,

250 1158 419 1219 quam
474 1140 606 1219 quia
669 1158 870 1199 verum
925 1146 1021 1199 aut
1071 1141 1198 1199 veri
1260 1139 1447 1199 simile
1501 1148 1729 1219 putem,
1784 1158 1910 1201 cum
1963 1139 2334 1218 Augustusu

247 1232 406 1285 tanto
441 1240 625 1303 opere
670 1232 727 1282 et
767 1224 960 1283 vivum
991 1222 1289 1301 dilexerit,
1350 1232 1409 1283 ut
1453 1222 1806 1284 coheredem
1845 1224 2079 1303 seinper
2125 1224 2261 1285 filiis

245 1308 584 1384 instituerit,
644 1308 792 1367 sicut
836 1305 1122 1386 quondam
1167 1308 1225 1366 in
1270 1316 1473 1368 senatu
1516 1308 1823 1387 professus
1870 1316 1993 1385 est,
2053 1315 2110 1367 et
2161 1307 2259 1368 de-

245 1392 500 1451 functum
541 1392 618 1451 ita
662 1409 769 1470 pro
813 1391 1099 1451 concione
1143 1390 1497 1470 laudaverit,
1564 1400 1624 1451 ut
1666 1392 1809 1451 deos
1843 1400 2119 1471 precatus
2155 1393 2261 1469 sit,

246 1475 480 1536 similes
509 1475 568 1536 ei
599 1472 913 1538 Caesares
965 1492 1115 1537 suos
1143 1473 1462 1553 facerent,
1508 1474 1751 1554 sibique
1777 1481 1904 1536 tam
1942 1474 2263 1536 honestum

247 1559 617 1639 quandoque
658 1560 887 1622 exitum
919 1558 1147 1619 darent
1175 1576 1360 1638 quam
1393 1559 1488 1620 illi
1523 1558 1855 1619 dedissent.
1944 1558 2072 1619 Nec
2122 1576 2258 1619 con·
2285 1580 2334 1621 ιε

245 1651 436 1704 tentus
497 1643 751 1721 elogium
808 1644 1023 1704 tumulo
1079 1645 1204 1704 eius
1261 1642 1527 1704 versibus
1582 1662 1614 1704 a
1667 1662 1732 1703 se
1785 1643 2127 1722 compositis
2180 1643 2259 1701 in-

247 1727 605 1807 sculpsisse,
659 1730 829 1789 etiam
860 1729 1012 1789 vitae
1042 1729 1377 1788 memoriam
1410 1744 1586 1805 prosa
1618 1728 1882 1788 oratione
1915 1728 2259 1806 composuit.

365 1810 458 1871 Ex
491 1811 740 1873 Antonia
774 1812 996 1884 minore
1043 1810 1375 1889 complures
1419 1810 1648 1891 quidem
1684 1810 1906 1871 liberos
1945 1810 2102 1887 tulit,
2160 1828 2260 1869 ve-

244 1914 368 1955 rum
407 1904 528 1955 tres
572 1895 802 1955 omnino
835 1894 1105 1974 reliquit:
1151 1893 1574 1972 Germanicum,
1624 1888 1907 1972 Livillam,
1941 1893 2259 1955 Claudium.

177 1988 214 2043 2
374 1976 648 2041 Claudius
677 1989 843 2040 natus
875 1989 964 2040 est
991 1978 1138 2040 Iulio
1176 1978 1467 2057 Antonio,
1528 1977 1713 2040 Fabio
1746 1977 2026 2040 Africano
2062 1996 2255 2038 consS.
2280 2001 2334 2041 20

243 2064 337 2127 Kl.
381 2062 535 2141 Aug.
566 2062 896 2140 Luguduni,
966 2081 1038 2123 eo
1077 2065 1209 2144 ipso
1265 2064 1359 2124 die
1411 2081 1525 2143 quo
1582 2065 1824 2143 primum
1869 2081 1968 2125 ara
2019 2062 2099 2122 ibi
2142 2061 2260 2122 Au-

245 2157 418 2225 gusto
453 2147 719 2206 dedicata
765 2155 886 2224 est,
934 2148 1380 2227 appellatusque
1415 2147 1683 2209 Tiberius
1717 2146 1990 2208 Claudius
2017 2147 2260 2206 DrusuS.

242 2231 381 2292 Mox
421 2230 601 2290 fratre
640 2231 860 2291 maiore
902 2231 960 2290 in
994 2231 1196 2291 Iuliam
1246 2230 1520 2292 familiam
1570 2231 1877 2311 adoptato,
1936 2230 2262 2292 Germanici

246 2331 576 2392 cognomen
606 2316 932 2393 assumpsit.
1017 2314 1214 2375 Infans
1245 2324 1434 2376 autem
1463 2314 1703 2375 relictus
1738 2333 1770 2375 a
1801 2324 1964 2395 patre
1983 2360 2000 2392 ‚
2053 2332 2124 2374 ac
2153 2332 2263 2391 per

247 2416 415 2458 omne
449 2398 577 2458 fere
610 2400 892 2476 pueritiae
926 2408 1098 2478 atque
1130 2399 1564 2460 adulescentiae
1594 2407 1822 2478 tempus
1854 2400 2027 2459 variis
2077 2407 2134 2457 et
2174 2407 2259 2456 te·
2280 2419 2334 2459 25

242 2481 483 2542 nacibus
543 2480 760 2542 morbis
821 2482 1184 2544 conflictatus
1238 2492 1361 2559 est,
1426 2483 1573 2542 adeo
1628 2492 1688 2543 ut
1740 2483 1929 2542 animo
1988 2481 2154 2542 simul
2204 2489 2262 2540 et

245 2583 497 2646 corpore
528 2565 835 2644 hebetato,
896 2585 969 2627 ne
1015 2585 1335 2647 progressa
1381 2565 1612 2645 quidem
1655 2575 1846 2627 aetate
1878 2564 1979 2624 ulli
2018 2564 2259 2644 publico

243 2651 600 2730 privatoque
645 2653 866 2710 muneri
908 2650 1118 2711 habilis
1173 2651 1618 2710 existimaretur.
1705 2650 1817 2709 Diu
1862 2658 2035 2728 atque
2089 2649 2261 2709 etiam

241 2743 381 2815 post
411 2735 647 2796 tutelam
680 2744 981 2813 receptam
1016 2735 1189 2796 alieni
1229 2734 1451 2794 arbitrii
1483 2743 1541 2794 et
1585 2733 1690 2794 sub
1724 2734 2080 2813 paedagogo
2120 2732 2257 2801 fuit;

243 2836 413 2898 quem
453 2817 761 2879 barbarum
803 2828 860 2878 et
903 2819 1038 2879 olim
1081 2820 1655 2899 superiumentarium
1697 2836 1774 2877 ex
1819 2817 2100 2876 industria
2149 2814 2261 2875 sibi
2281 2829 2334 2871 30

216 2901 597 2983 appositum,
660 2911 722 2962 ut
750 2921 814 2962 se
850 2903 1308 2981 quibuscumque
1355 2902 1426 2961 de
1479 2903 1668 2962 causis
1716 2919 1886 2980 quam
1920 2900 2263 2961 saevissime

243 2996 586 3064 coerceret,
644 2989 777 3067 ipse
812 2987 1059 3066 quodam
1094 2986 1300 3047 libello
1336 2987 1728 3066 conqueritur.
1819 2984 1907 3045 Ob
1943 2984 2093 3045 hanc
2125 3001 2262 3043 ean-

242 3069 373 3129 dem
424 3070 795 3132 valitudinem
847 3080 904 3130 et
959 3070 1306 3148 gladiatorio
1364 3088 1634 3147 munere,
1698 3068 1852 3148 quod
1905 3067 2072 3128 simul
2133 3085 2264 3127 cum

240 3153 422 3212 fratre
451 3157 765 3216 memoriae
796 3156 976 3234 patris
1020 3153 1262 3231 edebat,
1325 3153 1661 3233 palliolatus
1690 3170 1846 3214 novo
1893 3169 2058 3213 more
2089 3169 2261 3230 prae·

209 3270 214 3275 -
243 3235 421 3304 sedit;
463 3246 521 3295 et
549 3247 728 3315 togae
758 3238 1066 3298 virilis'die
1105 3239 1260 3298 circa
1291 3237 1536 3298 mediam
1566 3246 1800 3297 noctem
1832 3239 1955 3297 sine
1989 3235 2258 3295 sollemni
2280 3247 2333 3288 3⁵

173 3331 209 3385 3
242 3320 443 3381 officio
501 3319 712 3382 lectica
768 3323 824 3380 in
874 3319 1223 3402 Capitolium
1281 3322 1429 3382 latus
1482 3330 1590 3382 est.
1676 3320 2017 3400 Disciplinis
2069 3327 2260 3378 tamen

241 3402 581 3464 liberalibus
627 3404 698 3463 ab
735 3414 924 3466 aetate
959 3408 1139 3485 prima
1191 3423 1308 3465 non
1340 3405 1696 3466 mediocrem
1723 3406 1968 3485 'operam
1999 3402 2157 3462 dedit
2187 3419 2263 3461 ac

243 3503 427 3566 saepe
488 3487 886 3564 experimenta
941 3492 1219 3570 cuiusque
1271 3491 1443 3551 etiam
1487 3488 1824 3571 publicavit.
1912 3489 2132 3550 Verum
2182 3503 2262 3545 ne
