2553 3960
325 276 444 338 104
483 286 544 335 c.
582 284 884 335 sumom
915 284 1170 345 mmo.
1202 284 1300 331 DE
1329 284 1494 332 vrrs
1526 283 1894 333 cassanum
1923 287 2063 334 mn.
2091 288 2197 336 111.

322 442 701 524 provinciam,
735 440 902 501 alteri
931 440 1361 520 praefecturam
1391 438 1553 498 urhis
1578 439 1886 499 confestim
1915 440 2138 518 detulit,
2172 442 2338 503 codi-

322 527 472 588 cillis
516 542 751 606 quoque
790 523 1235 583 iucundissimos
1280 533 1339 583 et
1375 524 1622 583 omnium
1649 522 1920 584 horarum
1950 525 2170 586 amicos
2195 543 2336 605 pro-

319 614 530 673 fessus.
595 611 787 670 Sestio
819 607 986 669 Gallo
1007 653 1025 685 ,
1073 607 1387 667 libidinoso
1435 624 1506 668 ac
1559 607 1814 686 prodigo
1867 609 2024 686 seni,
2080 608 2215 668 olim
2258 609 2336 671 ab

314 697 583 774 Augusto
625 693 940 772 ignominia
981 700 1182 753 notato
1223 701 1284 751 et
1315 709 1349 752 a
1378 709 1444 751 se
1474 700 1607 750 ante
1642 708 1867 771 paucos
1895 691 2022 752 dies
2056 692 2210 772 apud
2238 711 2334 754 se·

314 790 504 841 natum
533 778 841 857 increpito,
873 793 1110 836 caenam
1135 793 1204 836 ea
1231 776 1369 853 lege
1401 774 1676 851 condixit,
1706 791 1782 834 ne
1813 776 1947 856 quid
1977 795 2053 836 ex
2084 793 2334 839 consue·
2357 795 2385 836 s

315 864 508 925 tudine
554 865 874 922 immutaret
906 870 1002 920 aut
1029 860 1321 937 demeret,
1366 868 1542 938 utque
1572 858 1741 919 nudis
1771 860 1981 938 puellis
2010 861 2334 922 ministran-

314 949 465 1011 tibus
490 955 851 1007 caenaretur.
882 944 1313 1023 Ignotissimum
1332 952 1679 1023 quaesturae
1706 942 2067 1005 candidatum
2091 942 2334 1004 nobilis-

315 1035 472 1094 simis
512 1031 843 1109 anteposuit
874 1028 951 1088 ob
984 1038 1216 1108 epotam
1248 1031 1307 1087 in
1340 1028 1643 1104 convivio,
1691 1029 2038 1107 propinante
2069 1045 2168 1106 se,
2214 1030 2335 1088 vini

315 1114 668 1195 amphoram.
758 1112 990 1172 Asellio
1043 1112 1260 1173 Sabino
1315 1112 1588 1171 sestertia
1640 1111 1888 1172 ducenta
1935 1111 2170 1172 donavit
2223 1129 2335 1192 pro

316 1199 553 1276 dialogo
574 1244 592 1275 ,
640 1197 697 1255 in
743 1213 858 1276 quo
890 1195 1075 1256 boleti
1100 1205 1158 1255 et
1182 1194 1468 1256 ficedulae
1498 1204 1558 1255 et
1591 1204 1827 1255 ostreae
1858 1204 1916 1256 et
1956 1195 2105 1256 turdi
2145 1205 2333 1257 certa·
2358 1213 2412 1255 ιο

313 1302 445 1344 men
474 1281 798 1341 induxerat.
857 1279 1085 1340 Novum
1114 1279 1365 1359 denique
1394 1279 1649 1339 officium
1679 1279 1922 1339 instituit
1958 1298 1992 1341 a
2020 1279 2333 1360 voluptati-

234 1381 300 1434 43
316 1368 452 1445 bus,
480 1365 821 1446 praeposito
855 1366 1048 1443 equite
1081 1365 1152 1425 R.
1180 1364 1246 1424 Τ.
1288 1363 1578 1425 Caesonio
1608 1363 1834 1424 Prisco.
1902 1364 2156 1424 Secessu
2187 1380 2334 1424 vero

318 1450 639 1531 Capreensi
682 1450 852 1510 etiam
895 1447 1132 1509 sellaria
1171 1449 1566 1526 excogitavit,
1609 1447 1807 1508 sedem
1835 1465 2175 1508 arcanarum
2203 1447 2333 1507 libi-

316 1536 536 1610 dinum,
579 1534 636 1592 in
670 1551 837 1612 quam
865 1532 1117 1613 undique
1145 1534 1491 1613 conquisiti,
1523 1531 1842 1611 puellarum
1871 1540 1931 1592 et
1962 1532 2333 1592 exoletorum

316 1637 540 1699 greges
578 1619 1007 1696 monstrosique
1054 1616 1396 1678 concubitus
1439 1625 1808 1696 repertores,
1867 1632 2017 1696 quos
2059 1616 2336 1695 spintrias
2360 1632 2409 1671 n.

316 1701 684 1783 appellabat,
728 1702 942 1781 triplici
974 1703 1126 1762 serie
1161 1702 1403 1778 conexi,
1451 1702 1505 1759 in
1536 1702 1725 1761 vicem
1748 1702 2105 1760 incestarent
2136 1716 2333 1760 coram

316 1790 483 1867 ipso,
514 1795 575 1846 ut
604 1795 847 1864 aspectu
871 1785 1195 1846 deficientis
1227 1785 1500 1845 libidines
1525 1785 1831 1845 excitaret.
1891 1782 2170 1845 Cubicula
2204 1782 2333 1863 plu—

315 1871 570 1931 rifariam
614 1868 900 1948 disposita
933 1868 1167 1930 tabellis
1197 1887 1269 1929 ac
1298 1869 1509 1947 sigillis
1541 1868 2050 1928 lascivissimarum
2080 1868 2330 1948 pictura·

315 1973 439 2016 rum
478 1963 538 2015 et
583 1954 892 2032 figurarum
928 1953 1231 2014 adornavit
1271 1953 1554 2034 librisque
1594 1951 1998 2033 Elephantidis
2041 1952 2329 2030 instruxit,

314 2058 388 2100 ne
421 2040 511 2099 cui
534 2040 592 2097 in
623 2056 806 2117 opera
838 2037 1062 2098 edenda
1088 2024 1392 2117 exemplar
1420 2039 1736 2117 imperatae
1767 2036 2043 2097 schemae
2073 2037 2327 2097 deesset.
2349 2051 2405 2092 20

314 2123 379 2184 In
423 2122 587 2181 silvis
632 2138 866 2201 quoque
911 2139 982 2180 ac
1029 2121 1363 2181 nemoribus
1400 2123 1616 2202 passim
1649 2122 1940 2182 Venerios
1973 2120 2142 2182 locos
2175 2137 2327 2180 com·

314 2214 539 2266 mentus
571 2213 690 2282 est,
729 2206 1159 2285 prostantisque
1191 2224 1302 2285 per
1325 2216 1486 2267 antra
1518 2216 1575 2266 et
1608 2225 1781 2267 cavas
1809 2223 1989 2285 rupes
2019 2223 2095 2266 ex
2123 2207 2328 2264 utrius·

317 2308 428 2370 que
492 2307 669 2349 sexus
717 2289 870 2369 pube
922 2287 1298 2350 Paniscorum
1346 2299 1404 2349 et
1445 2289 1836 2369 Nympharum
1886 2289 2116 2365 habitu,
2177 2306 2328 2368 quae

317 2374 506 2453 palam
533 2373 643 2433 iam
669 2382 727 2433 et
755 2372 969 2451 vulgo,
1003 2375 1232 2434 nomine
1255 2374 1479 2435 insulae
1509 2373 1845 2450 abutentes,
1883 2371 1930 2433 C
1948 2375 2328 2452 aprineum

315 2456 667 2535 dictitabant.
2346 2476 2399 2516 2⁸

230 2543 301 2597 44
436 2541 659 2602 Maiore
687 2539 874 2602 adhuc
905 2560 976 2603 ac
1005 2543 1267 2622 turpiore
1300 2543 1529 2603 infamia
1559 2543 1860 2620 flagravit,
1903 2543 2003 2601 vix
2029 2550 2090 2600 ut
2118 2540 2327 2600 referri

315 2626 612 2703 audirive,
651 2626 858 2686 nedum
908 2626 1067 2686 credi
1111 2626 1199 2686 fas
1242 2627 1347 2703 sit,
1394 2628 1558 2705 quasi
1603 2643 1823 2705 pueros
1867 2626 2086 2706 primae
2114 2626 2324 2685 teneri-

316 2710 555 2787 tudinis,
601 2727 747 2789 quos
795 2710 1116 2790 pisciculos
1150 2710 1435 2788 vocabat,
1480 2712 1837 2787 institueret,
1880 2719 1943 2771 ut
1971 2711 2184 2770 natanti
2216 2708 2324 2768 sibi

315 2797 465 2855 inter
493 2795 705 2856 femina
731 2804 1108 2855 versarentur
1133 2812 1206 2855 ac
1234 2794 1518 2871 luderent,
1544 2794 1741 2872 lingua
1769 2810 2081 2882 morsuque
2113 2793 2323 2853 sensim

313 2879 686 2958 adpetentem
740 2888 914 2958 atque
966 2881 1138 2939 etiam
1193 2879 1358 2958 quasi
1410 2879 1660 2939 infantes
1707 2880 2029 2954 firmiores,
2083 2876 2324 2937 necdum
2345 2895 2398 2936 30

313 2972 504 3025 tamen
539 2963 693 3023 lacte
730 2962 1044 3041 depulsos,
1090 2964 1310 3042 inguini
1342 2980 1448 3023 ceu
1482 2963 1737 3041 papillae
1776 2962 2145 3030 admoveret;
2190 2977 2322 3040 pro-

313 3049 442 3106 nior
486 3065 625 3108 sane
672 3047 743 3107 ad
789 3046 847 3106 id
888 3065 1076 3124 genus
1115 3046 1369 3107 lihidinis
1415 3056 1475 3106 et
1517 3056 1718 3107 natura
1758 3056 1817 3106 et
1859 3053 2069 3107 aetate.
2132 3045 2325 3119 Quare

314 3128 542 3190 Parrasi
574 3148 806 3211 quoque
837 3129 1120 3208 tabulam,
1153 3132 1209 3190 in
1244 3149 1356 3210 qua
1384 3130 1689 3209 Meleagro
1719 3130 1990 3191 Atalanta
2017 3145 2122 3188 ore
2152 3129 2323 3189 mori·

315 3214 869 3291 geratur,'legatam
898 3213 1008 3273 sibi
1038 3214 1145 3273 sub
1177 3214 1547 3291 conditione,
1588 3223 1649 3274 ut
1683 3217 1734 3274 si
1765 3221 2107 3293 argumento
2143 3212 2322 3273 offen·

315 3294 549 3355 deretur
570 3295 772 3356 decies
795 3315 905 3376 pro
931 3317 1001 3359 ea
1027 3301 1356 3358 sestertium
1370 3299 1687 3378 acciperet,
1703 3316 1819 3359 non
1839 3297 2011 3359 modo
2031 3295 2323 3376 praetulit,
2344 3318 2396 3360 ss

316 3377 421 3438 sed
474 3386 534 3437 et
573 3379 630 3438 in
677 3380 946 3442 cubiculo
999 3381 1307 3443 dedicavit.
1374 3382 1582 3444 Fertur
1627 3385 1799 3444 etiam
1839 3384 1899 3441 in
1938 3378 2324 3441 sacrificando

316 3461 601 3539 quondam
637 3469 840 3539 captus
873 3464 1025 3526 facie
1056 3468 1298 3526 ministri
1333 3484 1594 3527 acerram
1627 3466 2015 3546 praeferentis
2050 3463 2324 3543 nequisse

316 3541 641 3619 abstinere,
680 3546 813 3621 quin
847 3564 1033 3624 paene
1064 3550 1299 3611 vixdum
1333 3569 1400 3611 re
1425 3550 1614 3611 divina
1637 3559 1878 3630 peracta
1899 3547 2113 3609 ibidem
2135 3549 2322 3607 statim
