2553 3960
917 186 1334 236 PRAEFATIO.
1851 188 2023 238 thx

212 346 385 418 pilium
415 343 553 400 Gud.
594 336 606 421 Ι
648 351 714 404 31
745 346 861 400 eius
882 344 1034 401 delet
1063 344 1382 402 NHeinsius
1419 339 1431 423 Ι
1465 351 1535 407 32
1562 360 1632 401 ne
1658 360 1818 420 quem
1849 344 2006 402 SGe-

215 429 386 484 leuius
421 434 476 482 et
501 428 719 484 Statius
751 444 854 500 pro
883 443 1057 501 neque
1094 427 1105 502 Ι
1142 436 1212 490 33
1241 429 1522 485 Catulinae
1555 444 1635 485 ms
1650 429 1838 499 Statii,
1869 428 2006 486 Gud.

212 511 264 567 in
297 511 514 580 ordine,
547 510 705 568 Leid.
735 528 903 584 supra
926 528 1148 568 versum
1179 529 1285 584 pro
1309 513 1568 569 Catilinae
1605 508 1615 588 Ι
1652 518 1722 573 36
1749 512 2015 584 inferiore

213 594 351 651 Leid.
386 594 624 651 edFlor.
672 587 685 675 Ι
732 601 802 655 36
829 594 1205 667 hemicyclium
1240 595 1377 651 Gud.
1412 613 1493 652 ms
1513 594 1676 653 Statii
1710 612 1815 668 pro
1844 595 2013 651 hemi·

212 679 412 749 cyclum
445 669 463 758 Ι
497 683 575 737 38
607 677 914 735 Crassicius
944 678 1080 735 Gud.
1116 694 1220 751 pro
1250 679 1563 736 Crassitius.

317 766 452 832 265,
482 768 518 821 3
554 763 798 835 perqula
830 761 1054 818 edVen.
1091 769 1148 818 et
1174 762 1480 819 Beroaldus
1521 777 1624 835 pro
1657 763 1899 832 parcula
1928 763 2019 818 vel

207 846 432 914 percule
471 838 481 921 Ι
520 851 558 904 3
596 851 653 901 ot
694 853 726 905 5
768 843 1048 916 Zmyrnae
1090 852 1147 901 et
1184 845 1431 917 Zmyrna
1470 845 1605 901 Gud.
1648 843 1799 901 Harl.
1846 844 2016 901 Paris.

215 942 306 999 pro
350 926 633 999 Smyrnae
674 934 732 984 et
770 926 1015 1000 Smyrna
1050 920 1063 1006 Ι
1110 935 1144 989 9
1191 927 1376 984 Iulum
1419 928 1611 998 Wolf,
1657 927 1759 984 sed
1801 928 1906 984 cfr.
1947 927 2021 984 ad

214 1027 261 1081 p·
292 1016 423 1080 148,
465 1017 538 1070 20
589 1003 604 1090 Ι
656 1019 717 1070 11
764 1010 944 1067 Sextii
983 1010 1216 1069 NFaber
1266 1004 1279 1091 Ι
1331 1016 1395 1070 19
1425 1025 1670 1083 puerum
1711 1010 1864 1067 Leid.
1913 1011 2022 1068 edd

212 1092 348 1148 Flor.
379 1094 495 1153 Ino.
531 1095 792 1151 omittunt
819 1095 1026 1167 reliqui
1063 1084 1075 1171 Ι
1110 1102 1178 1155 25
1207 1095 1396 1150 Licino
1433 1095 1619 1166 Bergk
1646 1110 1751 1167 pro
1789 1095 2016 1162 Licinio,

215 1175 308 1231 etr.
337 1175 773 1233 Orelli-Henzen
807 1178 1085 1250 inseriptt.
1116 1194 1187 1234 no
1217 1185 1337 1238 644.
1367 1184 1521 1238 3124.
1553 1183 1707 1238 3260.
1740 1185 1776 1239 3
1804 1179 2016 1252 p.3161

213 1264 274 1318 35
316 1258 432 1326 Quo
475 1262 762 1333 delegante
804 1260 1014 1318 Statius
1055 1277 1160 1334 pro
1205 1260 1363 1328 Quod
1398 1264 1710 1334 eleyantem.

329 1348 461 1414 266,
491 1351 522 1403 l
565 1344 940 1400 inscribuntur
982 1345 1133 1401 Leid.
1177 1343 1314 1400 Gud.
1354 1345 1587 1401 Vinetus
1622 1362 1727 1418 pro
1765 1345 2018 1401 scribun-

216 1430 297 1480 tur
342 1420 351 1505 Ι
400 1432 471 1485 14
518 1428 685 1483 verbo
732 1427 870 1484 Gud.
912 1428 1064 1483 Harl.
1111 1427 1281 1483 Paris.
1324 1445 1427 1501 pro
1468 1428 1632 1484 verba
1688 1421 1699 1507 Ι
1752 1433 1818 1489 17
1862 1430 2022 1485 deicit

216 1507 548 1581 SGelenius,
582 1511 804 1583 quidam
839 1511 985 1583 apud
1017 1510 1400 1566 Casaubonum
1438 1505 1448 1587 Ι
1487 1518 1552 1571 19
1582 1511 1863 1567 Remmius
1893 1512 2021 1568 Sta-

218 1590 333 1648 tius.
389 1593 683 1650 Reminius
710 1594 863 1650 Leid.
907 1595 963 1649 in
997 1594 1191 1650 ordine
1227 1610 1330 1665 pro
1366 1593 1687 1650 Rhemmius
1732 1587 1743 1671 Ι
1796 1601 1860 1654 19
1904 1594 2012 1649 Pu·

216 1675 414 1731 laemon
442 1676 627 1735 Aldus
660 1693 767 1750 pro
792 1675 1056 1732 Palemon
1094 1668 1107 1755 Ι
1146 1683 1210 1736 19
1236 1675 1511 1732 Vicetinus
1522 1676 1758 1733 Vinetus
1788 1694 1861 1733 ex
1889 1677 2023 1735 Hie-

218 1773 437 1829 ronymo
484 1777 595 1832 pro
638 1761 947 1816 Vicentinus
984 1753 995 1839 Ι
1033 1768 1101 1821 30
1126 1767 1495 1832 praesayence
1525 1760 1746 1816 edVen.
1778 1775 2019 1830 praesa·

213 1843 377 1912 yiente
409 1845 727 1901 Beroaldus
768 1836 779 1921 Ι
814 1851 880 1904 31
904 1844 1137 1916 Vergilio
1169 1842 1306 1899 Gud.
1348 1839 1358 1920 Ι
1398 1850 1467 1903 33
1483 1845 1803 1914 pepercisse
1827 1844 1979 1900 Leid.
2007 1841 2044 1918 Ι,

219 1929 280 1985 38
304 1927 521 1983 insitam
562 1928 631 1984 ed
646 1927 759 1984 Ino.
809 1934 866 1984 et
895 1928 933 1985 S
953 1927 1214 1985 Gelenius
1250 1934 1307 1983 et
1334 1928 1634 1984 Mommsen
1665 1942 1769 2000 pro
1808 1929 2019 1984 institu-

221 2015 318 2064 tam
352 2004 364 2087 Ι
399 2018 470 2071 38
492 2011 741 2069 CCCLX
773 2027 909 2068 uvas
937 2011 1172 2068 Ursinus
1212 2028 1316 2085 pro
1362 2010 1661 2069 CCCLXV
1694 2027 1851 2068 vasa.

325 2100 425 2155 267
440 2137 458 2165 ‚
506 2102 579 2153 10
612 2102 886 2165 repeteret
925 2095 1187 2151 Sehottus
1229 2111 1333 2167 pro
1374 2101 1627 2167 repetere
1661 2086 1673 2174 Ι
1725 2102 1787 2153 11
1834 2109 2021 2152 omnes

221 2181 474 2234 contemni
497 2177 656 2235 Leid.
684 2178 867 2235 Berol.
895 2180 963 2235 ed
978 2179 1446 2248 Flomcontemni,
1478 2179 1533 2234 in
1562 2178 1814 2250 margine
1835 2192 2022 2235 omnes

223 2258 349 2316 Gud.
398 2276 461 2318 se
492 2263 771 2317 contemni
807 2262 957 2318 Harl.
1001 2262 1175 2318 Paris.
1226 2263 1459 2318 eddlne.
1491 2263 1630 2318 Ven.
1683 2255 1694 2340 Ι
1744 2268 1806 2322 17
1850 2278 2020 2319 unum

222 2343 297 2398 vel
329 2347 562 2401 alterum
593 2345 749 2401 Leid.
783 2345 852 2401 ed
865 2346 1012 2401 Flor.
1044 2346 1147 2401 sed
1172 2345 1276 2400 cfr.
1306 2362 1360 2417 p.
1381 2351 1498 2415 113,
1532 2352 1617 2405 11.
1660 2350 1786 2419 227,
1813 2351 1867 2407 6.
1895 2350 2020 2414 269,

224 2430 302 2484 22.
340 2434 462 2499 297,
492 2434 568 2490 34
605 2429 613 2503 Ι
655 2433 721 2487 18
750 2429 1145 2500 pomeridianis
1185 2428 1365 2485 Aldus
1402 2421 1413 2507 Ι
1450 2435 1520 2488 20
1532 2445 1801 2500 perraro.
1846 2429 2022 2487 Nimis

225 2524 394 2578 pauca
421 2513 663 2568 vinetus
699 2518 756 2567 et
786 2512 993 2568 Statius
1024 2528 1126 2583 pro
1147 2527 1396 2583 perraro
1422 2514 1603 2569 nimis.
1646 2514 1835 2572 Pauca

335 2600 457 2666 268,
482 2602 522 2654 2
564 2598 929 2667 yrammatica
956 2610 1081 2650 sero
1109 2596 1416 2651 Beroaldus
1455 2588 1466 2669 Ι
1503 2603 1537 2656 3
1563 2599 1799 2668 paululo
1827 2597 1978 2654 Leid.
2010 2600 2021 2664 Ι

226 2683 255 2733 5
291 2676 345 2733 S.
370 2680 427 2736 C.
459 2685 522 2735 et
552 2679 609 2734 C.
642 2677 894 2734 omittunt
926 2678 1086 2747 libri,
1121 2678 1337 2735 addidit
1378 2679 1695 2750 Stephanus
1733 2696 1803 2735 ex
1840 2679 2022 2735 Gellio

229 2765 313 2830 15,
345 2769 420 2820 ll.
470 2760 533 2817 S.
573 2760 701 2832 Cvf.
744 2767 872 2833 post
908 2761 1215 2816 rhetoribus
1256 2778 1308 2817 v.
1339 2768 1374 2821 8
1411 2761 1706 2818 addiderat
1737 2762 1807 2819 ed
1822 2762 1959 2818 Ven.
2006 2766 2016 2831 Ι

228 2848 281 2899 ll
327 2846 400 2899 ita
438 2846 739 2902 edixerunt
774 2845 957 2902 Berol.
1009 2845 1079 2899 ed
1094 2846 1238 2901 Ven.
1293 2861 1398 2916 pro
1448 2847 1523 2900 ita
1566 2846 1853 2912 dixerunt,
1896 2849 2021 2901 item

228 2925 502 2994 (iniverunt,
551 2929 673 2983 item
725 2929 1020 2983 edixerunt
1066 2920 1076 3006 Ι
1125 2934 1192 2987 12
1240 2932 1608 2986 renuntiatum
1649 2932 1718 2987 ed
1732 2931 1870 2986 Ven.
1917 2946 2020 3002 pro

226 3023 322 3064 nae
359 3008 488 3086 (ne)
520 3013 890 3067 renuntiatum
926 3004 936 3087 Ι
977 3016 1044 3069 14
1076 3014 1400 3069 conveniant
1426 3013 1579 3070 Leid.
1632 3007 1642 3090 Ι
1702 3020 1770 3072 14
1796 3013 2023 3068 latinos

230 3091 351 3149 Gud.
381 3096 568 3153 Berol.
600 3095 820 3150 edVeu.
851 3095 1044 3150 Latine
1070 3095 1132 3166 -f
1132 3132 1144 3145 ·
1173 3096 1262 3152 vel
1285 3098 1487 3152 scilicet
1509 3095 1645 3152 Gud.
1672 3096 1727 3151 in
1752 3097 2020 3166 margine,

228 3173 364 3233 Leid.
403 3179 554 3237 Harl.
597 3177 774 3235 Paris.
819 3179 925 3234 edd
945 3179 1058 3234 lue.
1101 3179 1250 3234 Flor.
1290 3171 1301 3249 Ι
1350 3185 1419 3238 20
1459 3185 1794 3235 consuerunt
1831 3180 2015 3236 Berol.

231 3258 445 3319 edFlor.
478 3278 583 3335 pro
612 3268 1013 3317 consueverunt
1049 3253 1060 3338 Ι
1098 3268 1167 3321 20
1193 3264 1365 3316 visum
1388 3269 1470 3317 est
1485 3262 1798 3334 Stephanus
1828 3281 1858 3318 e
1889 3262 2022 3318 Gel-

233 3339 301 3396 lio
315 3351 394 3416 15,
425 3338 808 3424 11Ι21ηοεινα
838 3347 1101 3401 sententia
1122 3344 1257 3401 Gud.
1284 3346 1526 3401 secunda
1557 3362 1717 3402 manu
1752 3353 1806 3401 et
1834 3346 2020 3416 Guye·

231 3427 307 3479 tus
341 3421 350 3503 Ι
385 3435 449 3491 25
479 3428 795 3486 consulibus
826 3430 978 3485 delet
1004 3427 1242 3485 NFaber
1276 3420 1290 3507 Ι
1326 3435 1389 3488 31
1422 3428 1501 3482 bis
1528 3444 1738 3502 quoque
1767 3429 1906 3484 Gud-
