2553 3960
289 160 371 237 84
479 185 540 236 0.
572 186 874 235 sus-rom
903 179 1161 247 mmo.
1193 186 1289 233 DE
1320 185 1488 234 vrrA
1520 182 1891 233 cAEsARUM
1922 185 2061 235 Lm.
2095 186 2175 236 11.

1578 340 1634 401 εἰ
1661 339 1726 403 δέ
1752 364 1811 401 τι

621 426 746 506 ἔχοι
775 421 970 501 weil-&9
997 418 1065 488 τὸ
1090 425 1403 526 ποῖίγνιον,
1435 418 1651 505 κρότον
1684 420 1816 486 δότε

621 510 724 572 καὶ
752 508 971 586 πάντες
999 503 1159 591 ἡμᾶς
1185 501 1350 589 μετὰ
1355 512 1546 589 χαρᾶς
1573 509 1981 591 προπέμψατε.

290 596 567 657 Omnibus
608 597 818 659 deinde
849 597 1133 675 dimissiS‚
1184 596 1316 656 dum
1346 595 1725 656 advenientes
1756 595 1830 655 ab
1861 596 2006 655 urbe
2034 596 2108 657 de
2137 596 2312 657 Drusi

288 683 405 743 filia
434 700 615 761 aegra
643 684 989 761 interrogat,
1021 690 1267 763 repente
1299 682 1356 739 in
1387 681 1607 740 osculis
1633 681 1828 741 Liviae
1859 689 1918 739 et
1944 682 2002 740 in
2027 682 2134 742 hac
2158 700 2312 743 voce
2337 698 2363 738 5

288 766 537 827 defecit:
573 763 780 844 Livia,
804 766 1008 829 nostri
1026 766 1278 847 coniuyi
1295 783 1526 827 memor
1547 765 1721 842 vive,
1755 783 1834 826 ac
1861 766 2042 826 vale!
2073 768 2312 827 sortitus

289 853 506 913 exitum
535 852 771 912 facilem
807 861 864 912 et
896 853 1125 931 qualem
1168 863 1406 931 semper
1438 859 1766 929 optaverat.
1832 849 1979 910 Nam
2009 852 2137 911 fere
2170 868 2309 951 quo-

286 938 437 997 tiens
493 936 750 997 audisset
801 938 916 997 cito
976 956 1047 998 ac
1089 937 1249 997 nullo
1292 937 1549 995 cruciatu
1592 935 1920 996 defunctum
1961 938 2309 1036 quempiam,

287 1020 399 1081 sibi
443 1029 500 1080 et
542 1023 663 1082 suis
695 1009 1119 1083 εὖθανασίαν
1154 1020 1398 1081 similem
1432 1020 1579 1101 (hoc
1612 1022 1763 1080 enim
1796 1030 1854 1080 et
1884 1021 2069 1081 verbo
2104 1022 2185 1080 uti
2215 1038 2307 1081 so-

284 1103 476 1183 lebat)
523 1106 888 1185 precabatur.
960 1107 1150 1168 Unum
1198 1106 1431 1166 omnino
1472 1114 1602 1165 ante
1648 1105 1904 1166 efflatam
1946 1108 2214 1166 animam.
2235 1106 2309 1165 si·
2332 1122 2380 1163 10

286 1207 461 1268 gnum
519 1190 806 1251 alienatae
858 1192 1067 1251 mentis
1119 1189 1401 1267 ostendit,
1455 1189 1612 1268 quod
1657 1190 1847 1250 subito
1889 1191 2312 1270 pavefactusa

211 1279 220 1285 '
287 1273 667 1353 quadraginta
696 1294 762 1335 se
793 1276 1098 1336 iuvenibus
1129 1274 1319 1353 abripi
1351 1283 1591 1353 questus
1623 1283 1732 1335 est.
1774 1274 1840 1335 Id
1865 1292 2100 1355 quoque
2124 1276 2311 1351 magis

283 1361 653 1439 praesagium
686 1377 856 1439 quam
883 1362 1092 1420 mentis
1123 1359 1436 1420 deminutio
1468 1360 1602 1437 fuit,
1636 1359 1917 1439 siquidem
1950 1360 2189 1420 totidem
2210 1360 2309 1418 mi-

200 1454 305 1508 100
327 1442 461 1504 lites
495 1446 851 1523 praetoriani
882 1446 1213 1506 extulerunt
1242 1462 1373 1505 eum
1406 1446 1465 1503 in
1498 1443 1810 1523 publicum.
1873 1444 2028 1504 Obiit
2059 1446 2115 1504 in
2152 1443 2309 1504 cubi·

288 1527 420 1589 culo
451 1529 694 1607 eodem,
730 1547 845 1609 quo
877 1539 1047 1610 pater
1079 1528 1389 1607 Octavius,
1425 1528 1653 1589 duobus
1685 1530 1905 1607 Sextis,
1936 1528 2221 1608 Pompeio
2253 1536 2313 1588 et
2332 1542 2381 1584 ιι

283 1612 606 1713 Appuleio,
641 1632 806 1675 cons.
846 1614 1033 1676 XIIII.
1058 1614 1189 1675 Kal.
1217 1613 1518 1693 Septemb.
1552 1613 1700 1674 hora
1732 1613 1847 1673 diei
1876 1631 2049 1693 nona,
2080 1622 2310 1694 septua-

285 1699 516 1777 gesimo
551 1708 608 1759 et
639 1709 809 1760 sexto
842 1701 1050 1760 aetatis
1081 1715 1263 1776 anno,
1297 1698 1504 1758 diebus
1533 1699 1607 1759 V
1636 1706 1697 1758 et
1726 1698 1914 1759 XXX.
1934 1717 2024 1761 mr
2010 1700 2152 1759 '.nus

413 1780 643 1862 Corpus
701 1783 1053 1845 decuriones
1093 1784 1536 1862 municipiorum
1576 1791 1635 1843 et
1677 1781 2036 1844 coloniarum
2083 1801 2116 1844 a
2156 1781 2310 1843 Nola

282 1866 543 1928 Bovillas
586 1885 771 1946 usque
815 1868 1227 1948 deportarunt,
1281 1868 1550 1928 noctibus
1594 1876 1843 1946 propter
1887 1870 2018 1928 anni
2062 1875 2308 1947 tempus,

287 1969 416 2013 cum
446 1953 694 2013 interdiu
720 1955 779 2013 in
809 1953 1052 2014 basilica
1085 1956 1364 2032 cuiusque
1401 1951 1603 2032 oppidi
1633 1952 1730 2013 vel
1763 1954 1820 2013 in
1857 1952 2083 2014 aedium
2114 1970 2309 2014 sacra·
2328 1964 2384 2008 20

284 2055 409 2097 rum
440 2039 687 2098 maxima
719 2048 1126 2117 reponeretur.
1184 2038 1240 2098 A
1268 2037 1514 2100 Bovillis
1546 2048 1822 2117 equester
1854 2039 1999 2100 ordo
2027 2039 2309 2116 suscepit,

284 2120 531 2201 urbique
570 2122 758 2182 intulit
786 2132 961 2201 atque
994 2125 1052 2183 in
1084 2122 1379 2183 vestibulo
1411 2123 1614 2184 domus
1649 2122 2000 2184 conlocavit.
2063 2125 2312 2185 Senatus

286 2215 345 2267 et
378 2208 435 2265 in
464 2205 669 2266 funere
701 2206 962 2267 ornando
999 2215 1059 2268 et
1088 2209 1147 2267 in
1176 2209 1456 2268 memoria
1486 2207 1823 2268 honoranda
1854 2225 1927 2268 eo
1960 2207 2150 2268 studio
2185 2227 2311 2268 cer-

283 2292 446 2352 tatim
486 2305 842 2369 progressus
885 2301 1008 2370 est,
1051 2301 1111 2352 ut
1148 2294 1300 2352 inter
1342 2291 1455 2353 alia
1489 2292 1791 2371 complura
1821 2295 2154 2352 censuerint
2189 2294 2309 2371 qui·

285 2375 445 2452 dam,
478 2375 648 2435 funus
679 2376 1010 2456 triumphali
1043 2385 1213 2455 porta
1241 2375 1595 2453 ducendum,
1630 2376 2024 2455 praecedente
2048 2378 2312 2438 Victoria
2332 2398 2388 2438 25

286 2478 436 2540 quae
467 2468 557 2519 est
590 2460 649 2520 in
677 2462 864 2539 curia,
900 2461 1242 2522 canentibus
1270 2463 1498 2521 neniam
1522 2462 1846 2540 principum
1871 2460 2072 2521 liberis
2101 2463 2309 2521 utrius-

288 2563 403 2624 que
439 2563 646 2616 sexus;
681 2544 809 2622 alii,
840 2547 1212 2627 exequiarum
1245 2546 1338 2607 die
1372 2546 1678 2624 ponendos
1712 2546 1915 2606 anulos
1949 2562 2162 2605 aureos
2193 2546 2308 2605 fer-

285 2647 544 2708 reosque
588 2630 930 2702 sumendos;
985 2631 1280 2707 nonnulli,
1324 2647 1461 2690 ossa
1507 2629 1760 2708 legenda
1813 2649 1920 2709 per
1965 2629 2310 2689 sacerdotes

286 2731 638 2775 summorum
670 2715 1079 2794 collegiorum.
1138 2715 1270 2775 Fuit
1305 2725 1363 2775 et
1396 2716 1494 2794 qui
1526 2714 1818 2792 suaderet,
1852 2714 2308 2793 appellationem

286 2801 504 2859 mensis
510 2792 836 2876 Augusti
818 2819 876 2859 ιιι
905 2799 1313 2879 Septembrem
1346 2799 1837 2876 transferendam,
1872 2799 2026 2879 quod
2059 2799 2174 2858 hoc
2204 2817 2305 2876 ge·
2330 2820 2386 2860 ao

285 2885 439 2945 nitus
474 2882 807 2963 Augustus,
851 2885 956 2945 illo
999 2883 1307 2945 defunctus
1343 2893 1533 2953 esset;
1584 2884 1760 2961 alius,
1794 2893 1855 2943 ut
1885 2900 2053 2944 omne
2082 2892 2310 2961 tempus

288 2985 323 3026 a
365 2970 556 3047 primo
588 2968 680 3030 die
715 2969 888 3031 natali
921 2969 993 3030 ad
1023 2970 1240 3029 exitum
1269 2970 1393 3029 eius
1426 2969 1723 3029 saeculum
1743 2931 2075 3046 ’Augustum
2107 2966 2308 3046 appel-

286 3049 510 3131 laretur
542 3062 600 3112 et
632 3056 711 3116 ita
741 3057 800 3114 in
826 3055 1014 3116 fastos
1042 3054 1383 3114 referretur.
1451 3055 1669 3114 Verum
1701 3053 1958 3114 adhibito
1991 3051 2311 3113 honoribus

287 3132 503 3212 modo,
541 3135 806 3200 bifariam
836 3138 1097 3201 laudatus
1133 3145 1253 3199 est:
1287 3155 1396 3216 pro
1433 3136 1581 3198 aede
1611 3138 1743 3199 Divi
1772 3138 1880 3199 Iuli
1920 3156 1952 3197 a
1982 3136 2219 3197 Tiberio
2251 3144 2310 3196 et

289 3233 400 3294 pro
428 3221 639 3279 rostris
671 3223 969 3283 veteribus
1001 3242 1033 3283 a
1059 3222 1251 3282 Druso
1281 3221 1480 3284 Tiberi
1511 3221 1654 3300 filio,
1687 3241 1757 3283 ac
1794 3231 2124 3282 senatorum
2151 3239 2307 3280 ume-
2332 3235 2388 3278 35

289 3300 372 3360 ris
415 3300 641 3362 delatus
686 3307 742 3365 in
775 3306 1052 3387 Campum
1097 3316 1521 3408 crematusque.
1579 3306 1710 3367 Nec
1745 3307 1927 3367 defuit
1954 3308 2045 3367 vir
2077 3314 2310 3385 praeto-

290 3385 429 3462 rius,
455 3386 551 3464 qui
586 3405 650 3446 se
684 3390 940 3466 effigiem
973 3392 1211 3452 cremati
1242 3401 1474 3452 euntem
1502 3393 1560 3451 in
1585 3391 1807 3453 caelum
1833 3391 2053 3451 vidisse
2076 3392 2310 3451 iuraret.

292 3465 597 3546 Reliquias
651 3471 922 3548 legerunt
972 3477 1259 3553 primores
1313 3478 1604 3555 equestris
1661 3477 1907 3558 ordinis,
1962 3475 2199 3537 tunicati
2254 3481 2313 3534 et
