2553 3960
339 205 421 267 30
510 216 572 264 c.
604 216 906 266 stm'rom
943 217 1200 278 TRANQ.
1232 217 1329 267 mc
1359 218 1526 267 vrrA
1557 217 1927 267 cassanum
1955 218 2096 265 Lus.
2128 218 2176 266 1.

338 388 502 448 vum,
543 372 640 451 qui
668 389 876 432 necem
910 390 1069 433 suam
1099 390 1207 451 per
1236 391 1521 434 venenum
1546 373 1790 433 inimicis
1817 373 2198 452 promiserat,
2231 390 2350 433 non

332 457 574 533 gravius
618 473 788 535 quam
832 457 1080 535 simplici
1125 466 1315 517 morte
1363 459 1573 536 puniit;
1629 459 1688 517 iu
1741 455 2003 517 Publium
2057 454 2346 533 Clodium,

336 538 652 620 Pompeiae
675 542 877 600 uxoris
905 558 1046 601 suae
1073 539 1394 602 adulterum
1418 550 1591 621 atque
1614 541 1818 602 eadem
1848 539 1920 601 de
1952 559 2127 602 causa
2155 540 2347 620 pollu-

335 632 519 686 tarum
561 626 1040 686 caerimoniarum
1074 642 1263 703 reum,
1309 627 1476 686 testis
1515 628 1754 702 citatus,
1798 627 2037 703 negavit
2078 642 2145 685 se
2184 626 2346 703 quic-

336 726 505 789 quam
544 711 942 792 comperisse,
982 711 1245 788 quamvis
1291 718 1350 768 et
1390 720 1574 771 mater
1609 708 1849 770 Aurelia
1887 718 1947 769 et
1988 726 2162 769 soror
2200 707 2393 768 Iulias

335 793 487 872 apud
516 793 756 854 eosdem
786 785 1008 853 iudices
1038 794 1227 853 omnia
1257 812 1334 853 ex
1361 794 1475 854 lide
1513 794 1879 863 retulissent;
1922 794 2345 870 interrogatus-

336 896 480 957 que,
510 895 612 937 cur
640 879 817 955 igitur
838 876 1206 957 repudiasset
1232 895 1507 955 uxorem,
1539 876 1879 953 Quoniam,
1919 878 2130 956 inquit,
2173 893 2347 937 meos

252 968 316 1025 ⁷5
334 967 460 1022 tam
487 961 843 1040 suspicione
871 979 1053 1041 quam
1085 962 1339 1023 crimine
1365 923 1573 1023 iudi’co
1603 980 1826 1023 carere
1855 967 2159 1039 oportere.
2218 960 2345 1021 Mo-

335 1044 693 1106 demtionem
735 1064 880 1107 vero
925 1046 1402 1126 clementiamque
1441 1064 1568 1106 eum
1603 1047 1663 1106 in
1701 1046 2192 1107 administratione
2226 1053 2346 1103 tum

333 1132 393 1190 in
433 1132 679 1191 victoria
720 1129 861 1190 belli
912 1130 1099 1190 civilis
1143 1129 1536 1196 admirabilem
1589 1130 1868 1191 exhibuit.
1953 1130 2415 1190 Denuntiante1o

332 1213 645 1293 Pompeio,
682 1231 793 1293 pro
825 1213 1089 1274 hostibus
1117 1232 1183 1274 se
1213 1213 1533 1275 habiturum
1575 1216 1671 1293 qui
1699 1217 1786 1274 rei
1818 1213 2089 1294 publicae
2124 1212 2341 1274 defuis·

333 1306 489 1374 sent,
523 1299 654 1376 ipse
678 1298 903 1359 medios
931 1306 992 1358 et
1021 1300 1279 1357 neutrius
1309 1301 1491 1378 partis
1520 1316 1752 1359 suorum
1778 1298 1887 1358 sibi
1917 1315 2156 1357 numero
2189 1297 2341 1358 futu-

331 1399 431 1442 ros
462 1383 872 1462 pronuntiavit.
963 1381 1182 1457 Quibus
1227 1392 1416 1444 autem
1452 1403 1527 1443 ex
1564 1382 2066 1443 commendatione
2096 1380 2341 1461 Pompei

331 1466 568 1527 ordines
599 1466 859 1544 dederat,
889 1475 1242 1545 potestatem
1265 1466 1596 1527 transeundi
1621 1468 1693 1529 ad
1723 1485 1852 1528 eum
1885 1466 2148 1526 omnibus
2172 1465 2338 1525 fecit.

326 1550 505 1613 Motis
545 1550 695 1631 apud
733 1549 983 1612 Ilerdam
1029 1550 1339 1611 deditionis
1391 1551 1848 1629 conditionibus,
1896 1568 2054 1626 cum,
2103 1548 2339 1609 assiduo
2364 1568 2418 1610 ιε

327 1637 482 1697 inter
506 1643 783 1715 utrasque
822 1644 1020 1716 partes
1058 1654 1164 1694 usu
1194 1643 1366 1714 atque
1407 1637 1755 1696 commercio
1776 1680 1794 1712 ‚
1837 1634 2110 1695 Afranius
2142 1641 2202 1692 et
2232 1634 2341 1694 Pe-

202 1724 214 1734 ‘
325 1722 509 1780 treius
536 1719 943 1799 deprehensos
972 1722 1119 1779 intra
1150 1728 1343 1781 castra
1372 1718 1627 1780 Iulianos
1657 1720 1845 1780 subita
1874 1719 2228 1799 paenitentia
2257 1720 2341 1776 in-

325 1804 729 1880 terfecissent,
773 1804 1076 1865 admissam
1116 1805 1174 1862 in
1213 1822 1280 1863 se
1311 1804 1609 1883 perfidiam
1645 1821 1763 1863 non
1803 1804 2069 1862 sustinuit
2109 1802 2340 1862 imitari.

326 1889 476 1948 Acie
502 1887 838 1949 Pharsalica
871 1888 1256 1967 proclamavit
1283 1897 1342 1947 ut
1373 1888 1596 1948 civibus
1623 1896 1990 1967 parceretur,
2030 1886 2339 1966 deinceps-

326 1992 439 2053 que
488 1974 699 2033 nemiui
739 1990 857 2033 non
906 1992 1139 2035 suorum
1187 1991 1357 2052 quem
1395 1972 1578 2034 vellet
1625 1991 1795 2033 unum
1829 1972 2009 2052 partis
2051 1970 2337 2033 adversae
2358 1987 2414 2028 πο

325 2075 566 2118 servare
600 2058 916 2117 concessit.
1004 2058 1133 2118 Nec
1160 2057 1261 2117 ulli
1288 2059 1519 2138 perisse
1546 2059 1656 2117 nisi
1683 2059 1740 2116 in
1768 2057 1997 2137 proelio
2032 2057 2337 2135 reperien-

324 2151 444 2219 tur,
482 2142 752 2219 exceptis
789 2140 917 2201 dum
959 2150 1116 2202 taxat
1143 2140 1389 2203 Afranio
1434 2152 1493 2203 et
1527 2141 1743 2203 Fausto
1777 2151 1836 2202 et
1864 2140 2042 2201 Lucio
2079 2139 2337 2201 Caesare

325 2227 564 2295 iuvene;
609 2243 680 2285 ac
717 2243 791 2286 ne
832 2224 943 2284 hos
987 2225 1216 2305 quidem
1251 2226 1549 2287 voluntate
1588 2227 1771 2307 ipsius
1815 2227 2197 2305 interemptos
2231 2242 2336 2304 pu·

326 2319 472 2387 tant,
518 2326 761 2389 quorum
803 2318 1001 2379 tamen,
1035 2319 1094 2370 et
1134 2312 1366 2390 priores
1405 2320 1541 2391 post
1576 2312 1935 2391 impetratam
1976 2311 2203 2370 veniam
2239 2326 2332 2368 re-

325 2393 687 2454 bellaverant
728 2402 788 2453 et
834 2391 1083 2472 Caesar,
1123 2394 1350 2455 libertis
1392 2396 1698 2474 servisque
1743 2397 1865 2455 eius
1904 2394 2068 2454 ferro
2110 2401 2168 2454 et
2210 2393 2331 2471 igni
2354 2412 2411 2452 25

326 2476 620 2539 crudelem
649 2479 708 2537 in
734 2476 966 2538 modum
995 2481 1251 2556 enectiS,
1284 2479 1503 2540 bestias
1535 2497 1768 2559 quoque
1799 2478 1870 2538 ad
1895 2496 2095 2537 munus
2128 2475 2333 2557 populi

326 2570 687 2641 comparatas
714 2562 1238 2624 contrucidaverat.
1287 2560 1554 2644 Denique
1579 2573 1845 2644 tempore
1869 2572 2132 2622 extremo
2159 2563 2336 2622 etiam

321 2647 527 2728 quibus
565 2646 816 2707 nondum
860 2648 1166 2725 ignoverat
1205 2649 1429 2708 cunctis
1479 2649 1538 2707 in
1576 2647 1796 2708 Italiam
1834 2645 2027 2707 redire
2068 2646 2338 2726 permisit

259 2784 263 2788 .
319 2733 804 2811 magistratusque
841 2740 901 2791 et
930 2732 1172 2811 imperia
1212 2749 1455 2811 capere;
1495 2731 1601 2792 sed
1629 2740 1689 2792 et
1713 2739 1931 2792 statuas
1965 2730 2104 2791 Luci
2133 2730 2332 2790 Sullae

319 2825 491 2895 atque
519 2815 760 2894 Pompei
804 2834 838 2877 a
874 2815 1051 2895 plebe
1086 2815 1363 2878 disiectas
1393 2817 1688 2895 reposuit;
1734 2833 1804 2876 ac
1843 2816 1892 2875 si
1935 2832 2046 2894 qua
2079 2813 2410 2894 posthacso

320 2910 415 2961 aut
444 2901 843 2978 cogitarentur
871 2901 1109 2977 gravius
1139 2900 1420 2961 adversus
1448 2918 1515 2960 se
1544 2909 1640 2962 aut
1670 2899 2031 2975 dicerentur,
2064 2898 2331 2958 inhibere

318 2984 514 3046 maluit
544 3002 711 3063 quam
739 2983 1054 3044 vindicare.
1121 2984 1323 3063 Itaque
1353 2994 1411 3044 et
1436 2985 1698 3046 detectas
1731 2984 2161 3044 coniurationes
2189 2999 2329 3042 con-

320 3075 641 3147 ventusque
673 3078 996 3129 nocturnos
1023 3074 1139 3129 n'on
1170 3069 1320 3129 ultra
1352 3071 1574 3147 arguit,
1612 3086 1778 3148 quam
1806 3076 1868 3127 ut
1901 3066 2095 3127 edicto
2132 3075 2328 3126 osten·

321 3151 487 3212 deret
516 3170 651 3212 esse
686 3152 797 3211 sibi
826 3162 1029 3230 notas,
1070 3161 1130 3212 et
1159 3153 1376 3213 acerbe
1416 3152 1788 3231 loquentibus
1819 3153 1960 3212 satis
1987 3151 2185 3211 habuit
2214 3167 2327 3230 pro

322 3237 596 3297 contione
625 3236 962 3297 denuntiare
991 3255 1066 3296 ne
1092 3245 1574 3317 perseverarent,
1609 3236 1860 3316 Aulique
1894 3234 2182 3296 Caecinae
2215 3235 2323 3294 cri·
2342 3257 2396 3300 31,

319 3321 707 3380 minosissimo
755 3320 906 3380 libro
962 3331 1021 3382 ct
1073 3319 1319 3381 Pitholai
1368 3321 1712 3381 carminibus
1763 3319 2326 3401 maledicentissimis

319 3403 631 3465 laceratam
664 3405 1147 3465 existimationem
1175 3423 1336 3466 suam
1366 3405 1521 3465 civili
1551 3407 1738 3466 animo
1768 3406 1914 3465 tulit.

236 3495 307 3552 76
448 3487 843 3564 Praegravaut
881 3496 1070 3549 tamen
1113 3499 1311 3550 cetera
1354 3491 1508 3551 facta
1537 3488 1805 3570 dictaque
1838 3490 1992 3566 eius,
2036 3496 2098 3547 ut
2134 3496 2193 3547 et
2224 3486 2322 3547 ab·
