2553 3960
1052 187 1508 242 Domnilaus,
2152 181 2275 241 247
2349 174 2355 183 ’

282 364 399 407 non
428 344 705 407 absimilis
733 345 1010 423 magistro
1041 342 1364 421 videbatur,
1395 342 1634 414 occidit;
1682 344 1817 404 item
1846 344 2275 423 Hermogenem

285 430 633 493 Tarsensem
668 437 913 509 propter
946 426 1220 507 quasdam
1260 429 1320 486 in
1362 426 1603 488 historia
1629 427 1878 505 figuras,
1921 428 2152 489 libraris
2194 439 2275 491 et-

285 517 421 592 iam,
476 515 572 593 qui
615 531 741 573 eam
792 511 1257 590 descripserant,
1304 512 1461 571 cruci
1504 513 1654 571 fixis.
1742 512 1968 572 Patrem
2007 513 2274 592 familias,

286 597 438 677 quod
467 596 748 658 Threcem
785 595 1135 671 myrmilloni
1177 613 1406 675 parem,
1442 597 1766 656 munerario
1803 597 2077 675 imparem
2120 596 2275 656 dixe·

234 691 387 758 arat,
418 680 735 741 detractum
766 679 1121 759 spectaculis
1154 681 1211 739 in
1240 678 1545 757 harenam,
1582 679 1820 740 canibus
1852 680 2105 757 obiecit,
2151 699 2277 741 cum

281 764 395 825 hoc
423 763 623 826 titulo:
652 762 850 842 Impie
878 765 1122 826 locutus
1143 763 1600 843 parmularius.
1680 790 1685 795 ·

409 846 759 927 Complures
791 857 1117 925 senatores,
1150 848 1301 907 iniis
1325 848 1547 926 aliquot
1575 848 1933 926 consulareS,
1959 849 2275 921 interemit;

281 949 356 991 ex
389 931 595 1011 quihus
628 931 885 993 Civicam
917 929 1222 992 Cerealem
1245 932 1301 990 in
1325 933 1457 1010 ipso
1480 931 1659 993 Asiae
1687 932 2121 1013 proconsulatu,
2153 934 2275 995 Sal-

277 1015 565 1076 vidienum
593 1015 853 1093 Orfitum,
882 1015 1130 1076 Acilium
1164 1014 1534 1076 Glabrionem
1564 1017 1621 1075 in
1653 1016 1829 1077 exilio
1848 1062 1865 1094 ,
1908 1019 2070 1097 quasi
2111 1018 2274 1078 moli·

114 1093 118 1096 ’
207 1122 260 1164 ιο
279 1108 440 1161 tores
469 1117 993 1170 rerumnovarum3
1030 1109 1261 1160 ceteros
1290 1100 1581 1161 levissima
1625 1118 1909 1180 quemque
1953 1101 2025 1162 de
2071 1120 2272 1163 causat

276 1183 505 1245 Aelium
536 1185 782 1247 Lamiam
819 1183 893 1244 oh
923 1185 1290 1264 suspiciosos
1323 1184 1584 1263 quidem,
1626 1203 1825 1246 verum
1856 1193 1915 1244 et
1948 1195 2184 1247 veteres
2219 1195 2277 1246 et

275 1270 545 1328 innoxios
573 1271 769 1347 iocoS,
815 1268 971 1348 quod
1008 1278 1145 1348 post
1178 1269 1483 1330 abductam
1513 1287 1754 1329 uxorem
1783 1269 2035 1331 laudanti
2064 1288 2275 1331 vocem

276 1370 436 1412 suam
466 1360 763 1413 eutacto
796 1352 1049 1429 dixerat,
1083 1353 1357 1433 quodque
1388 1353 1517 1414 Tito
1548 1353 1801 1414 hortanti
1832 1373 1897 1414 se
1931 1353 2002 1414 ad
2033 1355 2273 1415 alterum

276 1437 690 1497 matrimonium
754 1436 1172 1515 responderat:
1232 1425 1356 1516 Μὴ
1397 1430 1508 1497 καὶ
1553 1425 1640 1497 σὺ
1681 1434 1972 1517 γαμῆσαι
2017 1434 2275 1513 θέλεις;

208 1537 261 1578 15
279 1520 534 1581 Salvium
577 1517 995 1596 Cocceianum,
1048 1520 1201 1598 quod
1245 1519 1490 1580 Othonis
1527 1521 1897 1599 imperatoris
1948 1523 2136 1600 patrui
2189 1524 2275 1581 sui

277 1603 430 1664 diem
458 1602 708 1665 natalem
741 1602 1175 1672 celebraverat;
1207 1603 1466 1664 Mettium
1496 1604 1958 1682 Pompusianum,
1995 1605 2151 1682 quod
2176 1602 2273 1666 ha·

276 1686 421 1748 bere
462 1687 889 1765 imperatoriam
929 1685 1191 1763 genesim
1224 1686 1404 1764 vulgo
1451 1686 1775 1765 ferebatur,
1820 1696 1878 1748 et
1917 1688 2072 1768 quod
2113 1689 2274 1768 depi-

281 1780 432 1832 ctum
464 1770 665 1831 orbem
697 1780 890 1830 terrae
920 1772 977 1829 in
1006 1770 1337 1831 membrana
1371 1771 1792 1849 contionesque
1833 1789 2035 1850 regum
2077 1791 2146 1833 ac
2177 1773 2273 1833 du·

280 1873 408 1916 cum
440 1873 514 1914 ex
546 1853 675 1915 Tito
703 1853 866 1914 Livio
900 1853 1330 1931 circumferret,
1371 1854 1639 1934 quodque
1671 1857 1860 1916 servis
1899 1857 2125 1917 nomina
2157 1857 2273 1917 Ma·

205 1963 260 2007 20
278 1938 448 2018 gonis
481 1947 539 1999 et
563 1937 896 2000 Hannibalis
920 1937 1220 1999 indidisset
1235 1962 1249 2009 ;
1284 1938 1613 2000 Sallustium
1633 1939 1930 2002 Lucullum
1950 1940 2275 2001 Britanniae

277 2024 548 2101 legatum,
584 2022 737 2103 quod
771 2023 1006 2084 lanceas
1038 2040 1227 2084 novae
1248 2023 1475 2085 formae
1498 2024 1785 2103 appellari
1805 2025 2113 2086 Luculleas
2142 2043 2273 2105 pas-

277 2125 376 2170 sus
408 2116 593 2177 esset;
629 2107 846 2168 Iunium
883 2107 1199 2184 Rusticum,
1240 2106 1397 2186 quod
1428 2107 1591 2169 Paeti
1619 2108 1916 2170 Thraseae
1961 2118 2019 2169 et
2045 2109 2274 2170 Helvidi

276 2192 460 2254 Prisci
493 2190 696 2252 laudes
718 2190 998 2252 edidisset
1022 2191 1504 2271 appellassetque
1528 2209 1633 2252 eos
1656 2194 2056 2253 sanctissimos
2079 2195 2271 2263 viros3
2328 2197 2335 2262 ξ

278 2276 440 2336 cuius
480 2277 730 2336 criminis
778 2276 1093 2336 occasione
1143 2274 1533 2356 philosophos
1578 2278 1764 2338 omnis
1807 2277 1951 2337 urbe
1992 2277 2274 2357 Italiaque
2330 2321 2337 2342 2

205 2381 262 2421 25
280 2360 598 2419 summovit.
665 2358 891 2420 Occidit
921 2368 978 2420 et
1004 2358 1334 2420 Helvidium
1366 2360 1568 2438 filium,
1619 2362 1782 2440 quasi
1817 2363 2094 2421 scaenico
2131 2379 2271 2421 exo·

277 2443 371 2504 dio
414 2442 520 2503 sub
570 2458 824 2522 persona
867 2443 1088 2506 Paridis
1143 2452 1201 2504 et
1242 2444 1516 2504 Oenones
1571 2444 1875 2506 divortium
1926 2464 2087 2506 suum
2145 2463 2272 2506 cum

278 2544 462 2588 uxore
491 2534 780 2598 taxasset3
806 2526 1065 2588 Flavium
1091 2527 1362 2588 Sabinum
1386 2528 1626 2589 alterum
1653 2548 1686 2589 e
1710 2527 2086 2608 patruelibus,
2118 2527 2272 2608 quod

278 2630 408 2671 eum
441 2612 802 2672 comitiorum
835 2611 1218 2672 consularium
1253 2611 1347 2672 die
1379 2611 1718 2672 destinatum
1761 2630 2066 2691 perperam
2105 2630 2270 2691 prae·

280 2712 352 2755 co
381 2713 499 2755 non
527 2695 824 2755 consulem
847 2695 919 2757 ad
942 2695 1235 2775 populum,
1262 2695 1368 2756 sed
1393 2697 1801 2775 imperatorem
1824 2697 2272 2775 pronuntiasset.
2340 2761 2347 2788 ἒ

208 2794 262 2835 so
404 2779 622 2840 Verum
680 2778 972 2858 aliquanto
1026 2788 1160 2859 post
1220 2780 1406 2840 civilis
1470 2779 1613 2840 belli
1668 2780 1971 2841 victoriam
2021 2783 2271 2858 saevior,
2342 2792 2353 2864 ἶ

286 2863 601 2943 plerosque
642 2864 822 2942 partis
863 2864 1182 2940 adversae,
1230 2863 1362 2924 dum
1406 2864 1576 2926 etiam
1611 2864 1843 2925 latentis
1880 2864 2154 2924 conscios
2189 2866 2271 2923 in·
2345 2872 2351 2902 ³

281 2948 561 3025 vestigat,
612 2963 767 3007 novo
820 2950 1176 3027 quaestionis
1223 2966 1449 3025 genere
1502 2948 1797 3025 distorsit,
1854 2948 2110 3008 immisso
2166 2966 2272 3028 per

281 3031 576 3093 obscaena
607 3032 776 3109 igne;
809 3031 1100 3093 nonnullis
1132 3041 1189 3091 et
1217 3049 1416 3093 manus
1446 3035 1778 3111 amputavit.
1838 3031 2107 3111 Satisque
2128 3033 2271 3092 ‘con-

281 3125 423 3194 stat,
471 3115 620 3175 duos
663 3115 825 3176 solos
867 3135 902 3176 e
941 3115 1264 3177 notioribus
1296 3116 1465 3176 venia
1513 3116 1789 3194 donatos,
1831 3115 2116 3177 tribunum
2146 3115 2271 3178 lati·

208 3218 262 3261 aa
284 3200 529 3261 clavium
561 3208 621 3259 et
652 3200 1070 3278 centurionem,
1102 3201 1197 3280 qui
1220 3219 1320 3277 se,
1355 3216 1468 3279 quo
1498 3199 1729 3261 facilius
1760 3209 2039 3280 expertes
2064 3200 2272 3279 culpae

279 3284 687 3361 ostenderent,
737 3284 1061 3364 impudicos
1106 3283 1496 3363 probaverant
1541 3292 1600 3343 et
1644 3283 1721 3344 ob
1763 3283 1821 3343 id
1874 3302 2066 3363 neque
2119 3282 2269 3363 apud

279 3366 482 3427 ducem
513 3386 702 3447 neque
735 3366 887 3448 apud
917 3369 1127 3429 milites
1158 3367 1330 3428 ullius
1365 3367 1636 3428 momenti
1669 3386 1803 3428 esse
1841 3370 2121 3449 potuisse.

401 3449 542 3511 Erat
570 3462 759 3512 autem
789 3470 904 3512 non
943 3453 1129 3514 solum
1168 3470 1450 3529 magnae,
1486 3450 1589 3511 sed
1627 3452 1795 3512 etiam
1820 3450 2064 3512 callidae
2085 3450 2346 3528 inopi-ll
