2553 3960
617 679 706 765 C.
770 679 1250 764 SUETONI
1307 677 1991 766 TRANQUELI

349 864 586 966 DE
690 862 1155 965 VITA
1266 858 2300 966 CAESARUM

1112 1054 1389 1119 LIBER
1425 1054 1553 1119 IH.

1005 1215 1651 1292 TIBERIUS.

269 1580 300 1633 1
445 1566 694 1628 Patricia
732 1583 882 1644 gens
914 1562 1151 1626 Claudia
1192 1565 1334 1645 (fuit
1360 1565 1511 1625 enim
1541 1574 1602 1625 et
1629 1566 1741 1627 alia
1769 1563 2032 1644 plebeia,
2074 1583 2188 1625 nec
2218 1584 2330 1645 po-
2380 1598 2408 1639 5

322 1654 497 1713 tentia
539 1653 725 1711 minor
764 1668 878 1710 nec
910 1649 1220 1729 dignitate)
1269 1658 1394 1710 orta
1428 1658 1623 1718 estex
1649 1648 1930 1727 Regillis,
1974 1649 2194 1729 oppido
2226 1653 2334 1712 Sa-

321 1737 603 1797 binorum.
645 1734 789 1796 Inde
816 1735 1059 1795 Romam
1086 1752 1298 1795 recens
1330 1732 1618 1795 conditam
1644 1752 1772 1794 cum
1797 1751 2004 1811 magna
2036 1733 2338 1799 clientium

321 1839 488 1882 manu
518 1820 929 1898 conmigravit,
972 1827 1214 1879 auctore
1243 1818 1375 1879 Tito
1411 1818 1577 1881 Tatio
1611 1826 1889 1880 consorte
1919 1818 2181 1898 Romuli,
2212 1821 2334 1901 vel,

321 1905 477 1989 quod
502 1905 690 1983 magis
721 1912 968 1980 constat,
998 1903 1137 1965 Atta
1168 1901 1409 1964 Claudio
1440 1904 1633 1982 gentis
1665 1903 1953 1983 principe,
1985 1912 2122 1984 post
2153 1923 2336 1984 reges

322 1999 567 2052 exactos
605 1999 775 2051 sexto
814 1989 943 2049 fere
979 2007 1160 2057 anno:
1195 1998 1368 2069 atque
1403 1990 1461 2048 in
1495 1990 1767 2068 patricias
1804 1997 2100 2067 cooptata,
2125 2009 2332 2067 agrum
2353 2014 2406 2057 10

320 2076 559 2154 insuper
581 2083 739 2135 trans
759 2072 1044 2134 Anienem
1071 2073 1380 2134 clientibus
1401 2072 1708 2154 luemque
1731 2073 1841 2133 sibi
1870 2072 1944 2133 ad
1974 2075 2337 2153 sepulturam

323 2159 429 2219 sub
463 2157 754 2238 Capitolio
782 2158 1016 2237 publice
1048 2158 1300 2236 accepit.
1352 2158 1650 2237 Deinceps
1673 2157 2038 2238 procedente
2060 2166 2334 2238 tempore

322 2242 751 2320 duodetriginta
778 2242 1132 2320 consulatus,
1150 2241 1464 2303 dictaturas
1488 2244 1759 2321 quinque,
1780 2260 2056 2304 censuras
2082 2252 2333 2324 septem,

321 2326 639 2406 triumphos
674 2344 781 2386 sex
800 2370 818 2403 ‚
861 2326 1001 2387 duas
1032 2327 1338 2388 ovationes
1366 2326 1578 2406 adepta
1606 2336 1713 2387 est.
1777 2325 1921 2388 Cum
1944 2329 2332 2406 praenomini-

322 2410 430 2471 bus
460 2411 1013 2490 cognominibusque
1053 2413 1232 2472 variis
1274 2411 1754 2490 distingueretur,
1794 2410 1934 2471 Luci
1973 2430 2334 2491 praenomen
2357 2430 2409 2472 ιι

325 2511 614 2556 consensu
646 2494 1000 2575 repudiavit,
1048 2505 1354 2575 postquam
1388 2515 1421 2557 e
1458 2495 1682 2556 duobus
1708 2496 2021 2576 gentilibus
2051 2496 2334 2576 praeditis

325 2596 398 2640 eo
437 2579 585 2641 alter
625 2579 944 2657 latrocinii,
991 2580 1189 2641 caedis
1231 2581 1380 2641 alter
1413 2583 1717 2642 convictus
1748 2590 1856 2642 est.
1917 2579 2076 2640 Inter
2108 2598 2331 2658 cogno-

319 2666 470 2725 mina
503 2673 690 2724 autem
720 2674 778 2725 et
805 2663 1059 2725 Neronis
1088 2666 1429 2746 assumpsit,
1472 2683 1587 2744 quo
1618 2667 1972 2744 significatur
1999 2664 2196 2742 lingua
2226 2664 2330 2726 Sa·

320 2748 455 2810 bina
484 2748 653 2810 fortis
683 2766 754 2809 ac
783 2758 1068 2810 strenuus.

268 2848 304 2902 2
443 2832 621 2895 Multa
656 2833 961 2895 multorum
995 2833 1362 2895 Claudiorum
1391 2836 1637 2913 egregia
1664 2835 1898 2912 merita,
1947 2833 2124 2895 multa
2159 2835 2404 2895 etiamn

322 2919 560 2998 sequius
600 2917 847 2978 admissa
876 2920 933 2979 in
964 2937 1089 2979 rem
1117 2936 1177 2999 p.
1208 2928 1425 2979 extant.
1488 2919 1608 2980 Sed
1636 2928 1698 2979 ut
1726 2919 2046 2997 praecipua
2079 2935 2329 2979 comme-

321 3020 574 3081 morem,
604 3002 833 3082 Appius
865 3001 1091 3064 Caecus
1119 3003 1462 3064 societatem
1494 3022 1620 3064 cum
1650 3021 1797 3081 rege
1825 3001 2010 3079 Pyrro
2040 3011 2100 3063 iit
2129 3020 2332 3082 parum

324 3085 614 3147 salubrem
641 3088 771 3148 iniri
799 3085 1089 3148 dissuasit.
1148 3086 1417 3149 Claudius
1443 3087 1682 3150 Caudex
1713 3089 1929 3168 primus
1958 3088 2112 3147 freto
2138 3087 2331 3148 classe

322 3168 566 3229 traiecto
609 3170 842 3232 Poenos
884 3172 1082 3233 Sicilia
1123 3173 1365 3252 expulit.
1431 3173 1559 3234 Tib.
1601 3171 1763 3233 Nero
1808 3171 2210 3233 advenientem
2252 3188 2332 3231 ex

321 3250 598 3329 Hispania
653 3273 780 3315 cum
829 3256 1158 3333 ingentibus
1211 3257 1397 3337 copiis
1442 3248 1893 3334 Hasdssuhalem,
1949 3256 2108 3335 prius
2158 3272 2401 3335 quamsit

322 3333 596 3394 Annibali
635 3336 797 3397 fratri
847 3341 1325 3419 coniungeretur,
1391 3342 1704 3421 oppressit.
1791 3339 2009 3402 Contra
2056 3338 2328 3400 Claudius

322 3417 711 3496 Regillianus,
743 3419 1037 3483 decemvir
1067 3425 1299 3502 legibus
1329 3423 1674 3502 scribendis,
1705 3426 1991 3503 virginem
2019 3425 2329 3503 ingenuam

326 3516 435 3577 per
463 3499 579 3558 vim
606 3499 859 3563 libidinis
888 3509 1077 3584 gratia
1104 3509 1161 3569 in
1191 3511 1528 3570 servitutem
1556 3527 1824 3570 asserere
1863 3517 2119 3586 conatus,
2153 3524 2331 3568 causa
