2553 3960
982 247 1190 295 mvus
1221 227 1585 295 cLAU'nms.
2142 234 2263 296 153

260 424 406 483 ωε,
445 413 504 464 et
541 403 657 464 hoc
682 401 925 482 amplius
958 402 1107 480 patri
1140 402 1440 461 circenses
1474 418 1693 461 annuos
1725 400 1899 461 natali
1930 399 2054 470 die;
2099 401 2265 460 matri

261 496 636 567 carpentum,
677 504 791 564 quo
824 504 932 565 per
964 486 1179 544 circum
1220 481 1561 560 duceretur,
1608 492 1667 544 et
1708 500 2034 561 cognomen
2065 482 2261 561 Augu·
2361 485 2366 488 “

261 582 427 649 stae,
460 571 531 631 ab
566 573 698 631 viva
727 577 1072 629 recusatum.
1133 566 1229 627 Ad
1257 567 1451 627 fratris
1479 568 1842 644 memoriam,
1898 585 2005 646 per
2038 584 2263 627 omnem

262 655 641 718 occasionem
674 652 1052 729 celebratam,
1085 651 1441 712 comoediam
1467 669 1698 730 quoque
1730 649 2007 713 Graecam
2029 650 2261 729 Neapo-

199 755 231 795 5
263 742 448 801 litano
495 738 805 798 certamine
851 735 1046 796 docuit
1086 753 1158 795 ac
1197 734 1269 794 de
1318 736 1600 795 sententia
1654 734 1898 795 iudicum
1941 735 2259 795 coronavit.

258 822 357 885 Ne
382 821 637 882 Marcum
665 820 893 900 quidem
917 818 1225 878 Antonium
1247 816 1648 878 inhonoratum
1672 836 1742 879 ac
1767 820 1891 878 sine
1918 826 2085 895 grata
2107 835 2259 878 men-

258 908 424 968 tione
459 904 805 980 transmisit,
836 911 1077 964 testatus
1101 899 1388 981 quondam
1420 919 1526 979 per
1549 901 1826 981 edictum,
1859 910 2017 962 tanto
2041 902 2258 980 impen-

261 993 386 1051 sius
416 998 620 1069 petere
650 1007 715 1048 se
741 996 802 1047 ut
827 986 1073 1047 natalem
1102 986 1280 1065 patris
1301 984 1473 1044 Drusi
1504 984 1898 1064 celebrarent,
1933 984 2088 1065 quod
2110 984 2261 1044 idem

264 1081 427 1135 esset
471 1081 530 1132 et
570 1073 666 1133 avi
708 1072 796 1131 sui
835 1069 1091 1131 Antonii.
1176 1067 1412 1128 Tiberio
1456 1085 1835 1129 marmoreum
1879 1087 2074 1129 arcum
2104 1070 2261 1128 iuxta

184 1168 241 1209 ¹⁰
260 1156 504 1236 Pompei
534 1156 816 1216 theatrum
831 1200 848 1231 ,
882 1153 1177 1213 decretum
1197 1151 1426 1229 quidem
1444 1152 1579 1211 olim
1601 1170 1634 1212 a
1651 1162 1854 1213 senatu
1869 1170 2069 1213 verum
2092 1154 2258 1212 omis-

261 1259 422 1318 sum,
456 1241 709 1318 peregit.
736 1237 837 1300 Gai
867 1254 1097 1315 quoque
1118 1238 1228 1296 etsi
1251 1245 1379 1295 acta
1405 1237 1592 1296 omnia
1609 1236 1874 1315 rescidit,
1903 1236 2054 1297 diem
2073 1244 2260 1296 tamen

260 1326 460 1400 necis,
493 1325 751 1402 quamvis
786 1320 1087 1381 exordium
1118 1319 1473 1400 principatus
1508 1320 1623 1398 sui,
1665 1323 1846 1381 vetuit
1884 1322 2034 1381 inter
2071 1320 2260 1380 festos

259 1408 495 1469 referri.

396 1490 476 1551 At
517 1491 576 1549 in
619 1497 802 1549 semet
836 1488 1103 1566 augendo
1148 1506 1362 1568 parcus
1401 1498 1572 1568 atquc
1614 1488 1834 1565 civilis,
1886 1490 2260 1567 praenomine
2277 1500 2344 1554 12

186 1594 243 1634 15
263 1574 641 1655 Imperatoris
682 1573 983 1650 abstinuit,
1040 1575 1244 1632 nimios
1291 1572 1549 1633 honores
1585 1575 1908 1649 recusavit,
1967 1571 2262 1650 sponsalia

264 1660 418 1720 filiae
446 1656 811 1735 natalemque
841 1658 1023 1734 geniti
1054 1658 1286 1735 nepotis
1323 1655 1554 1717 silentio
1590 1675 1659 1716 ac
1699 1664 1912 1715 tantum
1943 1655 2263 1716 domestica

262 1742 557 1817 religione
597 1743 896 1816 transegit.
958 1739 1259 1800 Neminem
1301 1739 1532 1801 exulum
1559 1740 1666 1799 nisi
1697 1757 1773 1799 ex
1800 1748 2032 1799 senatus
2065 1748 2260 1799 aucto-

263 1828 437 1885 ritate
490 1824 755 1883 restituit.
811 1824 888 1885 Ut
916 1824 1023 1883 sibi
1060 1826 1117 1883 in
1155 1825 1369 1884 curiam
1400 1824 1757 1903 praefectum
1793 1825 2048 1903 praetori
2086 1823 2258 1883 tribu·

265 1924 493 1986 nosque
512 1906 746 1967 militum
767 1926 966 1967 secum
983 1908 1255 1968 inducere
1280 1908 1518 1986 liceret,
1554 1917 1728 1989 utque
1743 1916 1864 1968 rata
1888 1915 2085 1968 essent
2111 1925 2258 1987 quae

83 2071 87 2077 ‚
184 2006 243 2047 20
267 1996 679 2073 procuratores
707 1995 794 2051 sui
824 1994 880 2051 in
906 1991 1209 2053 iudicando
1240 2001 1589 2070 statuerent,
1622 1995 1889 2072 precario
1921 1995 2137 2070 exegit.
2166 1992 2260 2052 Ius

264 2075 635 2137 nundinarum
675 2076 733 2135 in
774 2078 999 2156 privata
1033 2076 1270 2155 praedia
1314 2095 1348 2138 a
1378 2076 1710 2136 consulibus
1740 2079 1902 2156 petit.
1962 2077 2259 2154 Cognitio-

261 2159 433 2220 nibus
457 2160 888 2236 magistratuum
911 2169 972 2219 ut
1002 2178 1145 2219 unus
1174 2179 1207 2220 e
1239 2161 1580 2221 consiliariis
1605 2162 1943 2240 frequenter
1973 2162 2258 2230 interfuit;

263 2242 502 2304 eosdem
531 2243 869 2321 spectacula
904 2243 1127 2304 edentis
1160 2262 1407 2322 surgens
1440 2254 1497 2304 et
1523 2246 1651 2323 ipse
1690 2261 1816 2304 cum
1860 2254 2056 2305 cetera
2097 2243 2260 2305 turba

263 2344 416 2386 voce
447 2344 518 2386 ac
543 2343 711 2386 manu
735 2335 1044 2387 veneratus
1068 2335 1175 2386 est.
1209 2327 1328 2388 TR.
1360 2327 1465 2388 PL.
1496 2327 1833 2388 adeuntibus
1857 2346 1923 2388 se
1948 2345 2057 2408 pro
2086 2328 2259 2388 tribu·

182 2428 243 2470 25
265 2409 378 2468 nali
413 2413 744 2486 excusavit,
779 2410 933 2489 quod
963 2419 1208 2491 propter
1229 2414 1524 2488 angustias
1555 2429 1669 2471 non
1696 2420 1901 2491 posset
1930 2411 2125 2472 audire
2154 2429 2261 2472 eos

264 2493 377 2552 nisi
407 2500 644 2552 stantes.
690 2493 881 2567 Quare
915 2496 972 2553 in
1005 2494 1171 2554 brevi
1216 2497 1406 2572 spatio
1439 2504 1651 2555 tantum
1681 2496 1892 2554 amoris
1924 2495 2260 2574 favorisque

266 2575 540 2652 collegit,
588 2584 647 2634 ut
690 2594 816 2636 cum
860 2579 1187 2658 profectum
1227 2595 1357 2637 eum
1400 2577 1616 2639 Ostiam
1658 2580 1881 2656 perisse
1934 2596 2010 2638 ex
2041 2578 2261 2637 insidiis

262 2659 573 2718 nuntiatum
615 2669 803 2736 esset,
857 2679 1064 2739 magna
1121 2664 1590 2723 consternatione
1633 2660 1882 2739 populus
1923 2670 1982 2720 et
2025 2661 2261 2720 militem

266 2741 430 2820 quasi
460 2742 853 2820 proditorem,
888 2754 955 2804 ,et
990 2754 1247 2806 senatum
1281 2747 1443 2825 quasi
1475 2745 1815 2825 parricidam
1847 2743 1985 2804 diris
2021 2761 2259 2804 execra-

186 2837 245 2880 ao
266 2822 519 2883 tionibus
551 2827 851 2886 incessere
883 2844 999 2886 non
1032 2838 1163 2889 ante
1194 2827 1504 2908 destiterit,
1535 2847 1702 2909 quam
1734 2847 1877 2889 unus
1907 2838 2078 2909 atque
2113 2827 2261 2889 alter

265 2915 326 2966 et
355 2923 492 2967 mox
525 2909 751 2989 plures,
790 2929 821 2970 a
853 2909 1285 2987 magistratibus
1311 2913 1368 2971 in
1398 2922 1590 2974 rostra
1627 2912 1918 2992 producti,
1951 2912 2170 2973 salvum
2201 2921 2262 2973 et

262 2991 731 3073 appropinquare
761 2993 1129 3055 affirmarent.
2125 3010 2128 3013 ·

384 3071 515 3135 Nec
557 3084 749 3136 tamen
791 3096 1006 3156 expers
1040 3078 1367 3139 insidiarum
1419 3098 1601 3159 usque
1644 3098 1870 3161 quaque
1928 3083 2258 3160 permansit,
2274 3090 2346 3145 -13

261 3157 366 3218 sed
396 3167 454 3218 et
483 3178 516 3220 a
546 3159 788 3237 singulis
818 3169 877 3220 et
909 3178 1015 3240 per
1055 3161 1368 3222 factionem
1410 3172 1468 3223 et
1503 3163 1748 3242 denique
1793 3164 1946 3223 civili
1986 3163 2144 3226 bello
2173 3168 2254 3225 in·

187 3261 242 3303 ss
262 3241 507 3302 festatus
536 3251 645 3303 est.
681 3242 732 3303 E
766 3244 942 3323 plebe
975 3244 1150 3305 homo
1182 3255 1359 3306 nocte
1387 3248 1574 3309 media
1601 3248 1758 3308 iuxta
1784 3246 2105 3308 cubiculum
2134 3251 2256 3310 eius

262 3343 389 3384 cum
426 3326 685 3404 pugione
731 3326 1131 3407 deprehensus
1174 3338 1290 3400 est;
1339 3333 1557 3410 reperti
1605 3340 1664 3391 et
1706 3332 1994 3410 equestris
2040 3332 2257 3393 ordinis

261 3406 373 3468 duo
402 3410 461 3466 in
495 3408 732 3487 publico
764 3429 889 3471 cum
919 3411 1133 3473 dolone
1162 3431 1232 3474 ac
1259 3415 1564 3474 venatorio
1598 3415 1783 3475 cultro
1809 3415 2257 3494 praestolantes,

258 3489 410 3551 alter
442 3500 503 3550 ut
533 3509 836 3568 egressum
866 3494 1120 3574 theatro,
1165 3496 1312 3556 alter
1340 3505 1399 3557 ut
1435 3498 1853 3559 sacrificantem
1883 3496 2033 3576 apud
2059 3494 2258 3555 Martis
