2553 3960
1098 244 1308 293 NERO.
2073 235 2197 294 177

191 411 425 485 praeter
456 399 747 478 legumina
776 409 872 460 aut
900 399 1103 460 holera
1135 400 1392 477 veniret,
1447 417 1572 459 cum
1614 409 1781 460 antea
1827 400 2040 460 nullum
2081 418 2195 460 non

192 485 419 548 obsonii
454 502 640 562 genus
671 493 1131 564 proponeretur3
1163 483 1361 544 afflicti
1393 482 1697 563 suppliciis
1731 482 2058 562 Christiani,
2090 503 2194 563 ge-

189 590 296 632 nus
328 569 617 628 hominum
647 570 1077 647 superstitionis
1101 586 1291 628 novae
1322 587 1393 628 ac
1409 568 1741 636 maleficam
1776 569 1938 628 vetiti
1967 568 2193 647 quadri-

192 656 484 735 gariorum
513 651 692 730 lusuS,
726 652 932 733 quibus
963 654 1283 713 inveterata
1312 651 1546 713 licentia
1595 653 1812 732 passim
1852 652 2195 731 vagantibus

152 732 398 800 sfallere
433 756 502 798 ac
531 737 706 797 furari
748 755 854 816 per
903 738 1096 797 iocum
1138 739 1226 796 ius
1270 745 1424 807 erat3
1471 738 1947 815 pantomimorum
1985 737 2193 796 factio-

192 842 298 883 nes
332 841 455 882 cum
483 823 625 901 ipsis
665 820 832 880 simul
877 821 1208 899 relegatae;
1255 820 1536 880 adversus
1577 819 1848 881 falsarios
1892 830 2027 880 tunc
2074 822 2277 899 pri-17

193 924 342 967 mum
399 916 726 986 repertum,
770 923 843 964 ne
895 905 1127 965 tabulae
1182 905 1291 964 nisi
1349 913 1623 984 pertusae
1668 922 1739 964 ac
1785 915 1874 965 ter
1917 904 2035 966 lino
2084 923 2194 984 per

193 992 474 1052 foramina
504 992 752 1051 traiecto
791 988 1265 1067 obsignarentur;
1318 998 1542 1049 cautum
1584 998 1642 1048 ut
1685 991 2041 1051 testamentis
2078 991 2193 1069 pri-

192 1094 319 1136 mae
352 1074 498 1135 duae
537 1092 728 1151 cerae,
763 1083 1104 1135 testatorum
1134 1074 1306 1134 modo
1336 1075 1563 1133 nomine
1607 1075 1924 1153 inscript0,
1974 1086 2194 1134 vacuae

132 1177 180 1221 ιο
196 1160 505 1238 signaturis
539 1158 1002 1237 ostenderentur,
1033 1177 1102 1218 ac
1134 1177 1204 1217 ne
1236 1158 1538 1238 qui.alieni
1573 1160 1899 1219 testamenti
1941 1161 2195 1237 scriptor

194 1244 446 1321 legatum
493 1242 604 1313 sibi
645 1242 993 1312 ascriberet;
1041 1244 1173 1302 item
1219 1252 1280 1302 ut
1330 1242 1655 1321 litigatores
1698 1261 1806 1323 pro
1860 1244 2197 1322 patrociniis

197 1337 414 1388 certam
453 1330 773 1407 iustamque
819 1326 1182 1403 mercedem,
1227 1344 1335 1404 pro
1380 1326 1656 1387 subsellis
1703 1327 1914 1387 nullam
1965 1328 2195 1386 omnino

194 1412 417 1488 darent,
453 1410 771 1489 praebente
803 1412 1028 1471 aerario
1057 1410 1332 1487 gratuita3
1367 1418 1542 1488 utque
1567 1427 1759 1469 rerum
1780 1419 1912 1471 actu
1939 1410 2011 1471 ab
2036 1428 2194 1469 aera·

193 1496 282 1557 rio
324 1513 535 1555 causae
578 1494 649 1554 ad
693 1494 878 1553 forum
922 1512 999 1577 ac
1036 1494 1473 1570 reciperatores
1513 1493 1991 1571 transferrentur,
2036 1501 2094 1553 et
2137 1500 2198 1551 ut

130 1595 177 1639 ιε
198 1597 398 1645 omnes
432 1577 864 1657 appellationes
896 1596 927 1635 a
961 1575 1244 1635 iudicibus
1275 1575 1348 1634 ad
1378 1583 1637 1635 senatum
1673 1576 1898 1635 fierent.

323 1661 595 1737 Augendi
625 1658 1102 1738 propagandique
1136 1659 1363 1735 imperii
1390 1675 1579 1735 neque
1609 1658 1907 1719 voluntate
1940 1658 2056 1719 ulla
2098 1676 2195 1718 ne·
2217 1670 2285 1724 18

198 1762 311 1823 que
347 1761 455 1821 spe
489 1751 678 1802 motus
710 1760 993 1820 umquam,
1038 1743 1205 1801 etiam
1249 1759 1326 1801 ex
1361 1740 1652 1802 Britannia
1694 1741 1983 1803 deducere
2029 1761 2195 1803 exer-

199 1829 370 1889 citum
405 1827 705 1905 cogitavit,
738 1843 848 1885 nec
880 1827 988 1884 nisi
1020 1825 1409 1903 verecundia,
1453 1843 1527 1885 ne
1572 1826 1905 1887 obtrectare
1942 1829 2196 1905 parentis

196 1912 428 1992 gloriae
459 1911 776 1987 videretur,
811 1909 1046 1970 destitit.
1133 1909 1301 1970 Ponti
1329 1910 1502 1970 modo
1544 1928 1787 1989 reguum
1838 1910 2197 1972 concedente

126 2008 180 2050 20
199 1997 541 2074 Polemone,
587 1997 721 2055 item
758 1995 993 2075 Alpium
1037 1994 1312 2054 defuncto
1352 1992 1547 2055 Cottio
1595 1995 1651 2055 in
1691 1996 2033 2075 provinciae
2080 1990 2196 2056 for·
2295 2072 2296 2075 Ἴ

192 2099 342 2142 mam
370 2079 619 2158 redegit.

323 2164 835 2243 Peregrinationes
864 2163 1005 2224 duas
1049 2164 1280 2223 omnino
1325 2163 1605 2241 suscepit,
1650 2161 2101 2224 Alexandrinam
2143 2171 2201 2222 et
2217 2175 2285 2231 19

196 2248 542 2318 Achaicam
606 2249 708 2309 sed
760 2246 1154 2308 Alexandrina
1210 2248 1341 2324 ipso
1383 2246 1769 2325 profectionis
1815 2245 1908 2307 die
1958 2245 2197 2323 destitit,

196 2332 461 2394 turbatus
502 2332 787 2408 religione
833 2330 996 2391 simul
1042 2348 1112 2390 ac
1160 2329 1446 2408 periculo.
1531 2329 1678 2391 Nam
1724 2349 1850 2390 cum
1891 2332 2200 2391 circumitis

127 2414 436 2493 atemplis
465 2416 523 2473 in
555 2415 700 2474 aede
729 2417 948 2475 Vestae
984 2413 1325 2491 resedisset,
1358 2416 1730 2492 consurgenti
1762 2417 1817 2475 ei
1847 2417 2086 2494 primum
2117 2414 2197 2475 la-

203 2500 354 2561 cinia
384 2496 679 2574 obhaesit,
728 2496 937 2557 deinde
968 2506 1121 2558 tanta
1152 2497 1362 2557 oborta
1405 2498 1596 2576 caligo
1644 2508 1763 2577 est,
1805 2508 1864 2558 ut
1906 2499 2200 2578 dispicere

200 2601 319 2644 non
351 2590 569 2661 posset.
656 2579 720 2641 In
751 2579 973 2641 Achaia
1001 2579 1274 2640 Isthmum
1307 2581 1622 2660 perfodere
1651 2583 1985 2661 adgressus,
2030 2601 2194 2663 prae-

201 2667 462 2729 torianos
508 2682 615 2744 pro
662 2667 933 2725 contione
975 2664 1046 2724 ad
1090 2663 1470 2726 inchoandum
1518 2683 1667 2746 opus
1711 2666 2046 2728 cohortatus
2093 2676 2200 2744 est,

201 2749 460 2828 tubaque
490 2751 658 2825 signo
695 2748 827 2808 dato
862 2750 1075 2826 primus
1110 2749 1349 2809 rastello
1372 2749 1596 2810 humum
1620 2751 1819 2813 effodit
1843 2760 1900 2812 et
1925 2750 2202 2812 corbulae

126 2855 183 2898 so
207 2841 548 2911 congestam
579 2834 792 2892 umeris
826 2832 1047 2892 extulit.
1134 2831 1382 2894 Parabat
1412 2845 1471 2895 et
1502 2835 1573 2894 ad
1604 2833 1848 2914 Caspias
1877 2844 2078 2915 portas
2101 2853 2199 2894 ex-

203 2917 588 2999 peditionem,
633 2917 963 2996 conscripta
1016 2935 1092 2977 ex
1139 2916 1358 2978 Italicis
1402 2938 1601 2979 senum
1660 2919 1868 2999 pedum
1918 2917 2203 2978 tironibus

202 3020 356 3062 nova
398 3001 663 3078 legione,
710 3019 878 3081 quam
917 3001 1112 3078 Magni
1151 3001 1470 3062 Alexandri
1514 3003 1803 3083 phalanga
1848 3001 2202 3083 appellabat.

329 3084 493 3146 Haec
523 3086 726 3164 partim
758 3085 912 3145 nulla
942 3085 1424 3164 reprehensione,
1468 3089 1674 3167 partim
1720 3090 1889 3147 etiam
1929 3104 2044 3146 non
2086 3106 2203 3147 me-

207 3169 390 3230 diocri
420 3168 588 3230 laude
624 3170 794 3247 digna
824 3171 880 3228 in
909 3184 1079 3232 unum
1111 3169 1359 3247 contuli,
1393 3180 1453 3231 ut
1482 3189 1852 3232 secernerem
1894 3188 1927 3231 a
1969 3170 2203 3251 probris

131 3271 186 3314 ³5
216 3271 286 3315 ac
318 3253 638 3313 sceleribus
669 3255 813 3331 eius,
847 3253 919 3314 de
953 3253 1157 3333 quibus
1188 3253 1399 3315 dehinc
1430 3255 1635 3316 dicam.

332 3335 490 3397 Inter
526 3346 756 3398 ceteras
809 3337 1142 3418 disciplinas
1189 3340 1478 3418 pueritiae
1531 3349 1798 3417 tempore
1846 3338 2091 3398 imbutus
2144 3344 2288 3398 et20

207 3422 448 3498 musica,
482 3424 670 3481 statim
700 3431 762 3483 ut
808 3424 1106 3501 imperium
1141 3422 1386 3502 adeptus
1428 3433 1539 3502 est,
1577 3421 1868 3503 Terpnum
1911 3421 2192 3482 citharoe—

208 3504 365 3580 dum,
401 3506 693 3581 vigentem
732 3515 867 3566 tunc
907 3515 1141 3585 praeter
1180 3506 1362 3585 alioS,
1398 3508 1664 3569 arcessiit
1705 3506 2024 3586 diebusque
2066 3519 2199 3562 con-

299 3607 606 3649 sumomus.
1740 3589 1814 3651 12
