2553 3960
979 256 1188 304 mvus
1224 256 1602 305 mensu-us.
2203 249 2286 311 52²

275 423 369 473 ter
402 409 680 471 exhibuit.
748 407 894 469 Nam
925 419 985 469 et
1013 410 1246 471 invecta
1274 410 1402 470 urbi
1432 410 1830 473 Alexandrino
1872 413 2157 493 triumpho
2194 432 2286 475 re-

277 497 377 573 gia
405 512 554 572 gaza
582 502 795 554 tantam
821 494 1048 572 copiam
1080 496 1430 555 nummariae
1454 498 1540 556 rei
1572 496 1788 573 effecit,
1822 505 1883 556 ut
1900 496 2155 556 foenore
2188 496 2284 557 de-

274 581 492 639 minuto
522 578 824 656 plurimum
854 594 1128 655 agrorum
1157 579 1363 657 pretiis
1394 583 1747 657 accesserit,
1793 589 1853 639 et
1892 589 2098 659 postea
2146 598 2286 661 quo-

277 663 433 723 tiens
461 680 537 721 ex
566 660 963 721 damnatorum
994 660 1164 722 bonis
1200 664 1448 741 pecunia
1488 664 1905 742 superflueret,
1953 682 2116 724 usum
2161 664 2287 724 eius

234 747 592 825 agratuitum
621 745 693 805 iis
725 746 822 824 qui
855 762 1068 805 cavere
1111 746 1169 804 in
1215 745 1449 824 duplum
1492 757 1736 826 possent
1778 746 1851 807 ad
1885 758 2103 808 certum
2145 758 2284 808 tem-

279 849 391 911 pus
426 828 675 889 indulsit.
742 829 1087 889 Senatorum
1134 846 1370 889 censum
1410 831 1705 911 ampliavit
1746 850 1817 892 ac
1850 849 1958 910 pro
1988 834 2283 910 octingen-

276 925 468 975 torum
495 913 715 973 milium
758 931 977 974 summa
1017 912 1336 973 duodecies
1365 916 1639 975 sestertio
1670 917 1919 992 taxavit,
1966 916 2283 995 supplevit-

279 1016 395 1076 que
426 1015 540 1057 non
568 996 937 1057 habentibus.
1006 995 1319 1075 Congiaria
1350 999 1571 1077 populo
1602 1000 1944 1078 frequenter
1973 999 2146 1077 dedit,
2180 998 2286 1060 sed

277 1082 550 1142 diversae
581 1081 709 1141 fere
742 1098 1027 1141 summae:
1059 1081 1232 1141 modo
1266 1081 1726 1162 quadringenos,
1772 1083 1946 1144 modo
1988 1093 2284 1161 trecenos,

202 1182 258 1225 ιο
277 1183 702 1243 nonnumquam
741 1164 1002 1225 ducenos
1044 1167 1602 1246 quinquagenosque
1641 1185 1931 1237 nummos;
1974 1186 2044 1229 ac
2083 1187 2157 1229 ne
2184 1167 2286 1228 mi-

276 1268 460 1311 nores
491 1248 720 1328 quidem
745 1265 965 1327 pueros
986 1250 1305 1328 praeteriit,
1343 1252 1605 1329 quamvis
1627 1252 1854 1312 nonnisi
1880 1250 1953 1311 ab
1983 1252 2283 1313 undecimo

277 1333 487 1395 aetatis
530 1349 679 1392 anno
728 1336 1004 1411 accipere
1052 1344 1454 1394 consuessent.
1531 1335 1896 1396 Frumentum
1945 1354 2176 1416 quoque
2225 1338 2284 1396 in

277 1434 544 1478 annonae
577 1415 1010 1477 difficultatibus
1039 1434 1221 1497 saepe
1244 1418 1563 1497 levissimo,
1592 1419 1873 1481 interdum
1903 1420 2061 1480 nullo
2096 1420 2284 1498 pretio

280 1501 490 1561 viritim
518 1501 826 1562 admensus
861 1510 952 1561 est
979 1510 1355 1581 tesserasque
1386 1505 1728 1564 nummarias
1763 1503 2099 1583 duplicavit.
2167 1501 2284 1563 Sed
2300 1512 2370 1567 42

203 1605 258 1645 15
280 1594 344 1645 ut
373 1584 667 1646 salubrem
700 1586 888 1662 magis
920 1602 1090 1663 quam
1124 1584 1487 1646 ambitiosum
1521 1589 1845 1667 principem
1879 1588 2095 1664 scires,
2146 1604 2284 1665 que-

277 1680 503 1730 rentem
535 1670 608 1730 de
637 1670 832 1748 inopia
864 1677 923 1729 et
954 1670 1193 1729 caritate
1221 1669 1341 1729 vini
1383 1671 1660 1749 populum
1705 1672 2073 1732 severissima
2118 1687 2284 1732 coer-

282 1756 400 1815 cuit
428 1771 612 1831 voce,
643 1753 805 1838 satis
831 1754 1152 1831 provisum
1185 1770 1226 1813 a
1250 1771 1480 1833 genero
1509 1772 1624 1816 suo
1656 1752 1943 1835 Agrippa
1966 1754 2288 1833 perductis

272 1837 566 1918 pluribus
612 1839 826 1916 aquis,
879 1855 957 1897 ne
1002 1836 1278 1897 homines
1321 1838 1580 1899 sitirent.
1651 1838 1855 1899 Eidem
1898 1839 2119 1918 populo
2151 1855 2285 1918 pro·

279 1924 518 1983 missum
545 1921 776 2001 quidem
809 1921 1169 1999 congiarium
1197 1924 1570 2001 reposcenti,
1620 1921 1822 1984 bonae
1864 1940 1933 1984 se
1972 1922 2122 2002 fidei
2153 1940 2288 1983 esse

204 2025 262 2066 20
281 2007 616 2085 respondit:
674 2023 789 2066 non
842 2006 1188 2084 promissum
1227 2016 1418 2067 autem
1457 2006 1739 2084 flagitanti
1783 2008 2188 2088 turpitudinem
2230 2017 2287 2066 et

280 2091 689 2171 impudentiam
718 2090 908 2152 edicto
939 2089 1319 2169 exprobravit
1358 2091 1814 2171 affirmavitque,
1843 2111 1969 2153 non
1997 2093 2287 2153 daturum

279 2195 353 2237 se
399 2175 680 2255 quamvis
722 2175 880 2234 dare
922 2173 1280 2235 destinaret.
1367 2173 1422 2235 N
1426 2193 1496 2235 ec
1535 2177 1756 2236 minore
1796 2179 2080 2254 gravitate
2112 2184 2285 2254 atque

283 2261 640 2336 constantia,
691 2277 819 2319 cum
848 2260 1153 2338 proposito
1189 2258 1491 2335 congiario
1534 2260 1743 2320 multos
1784 2262 2163 2320 manumissos
2202 2261 2285 2318 in-

283 2352 594 2422 sertosque
640 2344 846 2403 civium
893 2359 1131 2402 numero
1190 2344 1601 2421 comperisset,
1655 2345 1891 2421 negavit
1936 2354 2287 2422 accepturos

208 2444 263 2485 25
286 2426 495 2507 quibus
525 2428 868 2506 promissum
895 2444 1014 2486 non
1049 2434 1241 2504 esset,
1291 2428 1621 2505 ceterisque
1662 2429 1846 2487 minus
1875 2444 2042 2506 quam
2074 2429 2286 2507 promi-

282 2520 445 2572 serat
474 2510 652 2589 dedit,
683 2521 743 2571 ut
774 2511 1057 2571 destinata
1086 2528 1300 2570 summa
1336 2510 1653 2570 sufficeret.
1698 2511 1907 2588 Magna
1930 2528 2075 2571 vero
2106 2528 2285 2590 quon-

283 2595 414 2656 dam
444 2595 749 2655 sterilitate
779 2613 850 2655 ac
879 2593 1101 2655 difficili
1130 2593 1388 2654 remedio
1407 2638 1424 2671 ,
1459 2612 1584 2654 cum
1617 2594 1933 2654 venalicias
1969 2604 2027 2654 et
2055 2594 2285 2654 lanista·

279 2698 409 2740 rum
438 2678 683 2739 familias
712 2679 1176 2758 peregrinosque
1207 2695 1431 2754 omnes,
1463 2679 1729 2756 exceptis
1760 2676 2000 2737 medicis
2029 2686 2088 2736 et
2117 2694 2285 2755 prae-

287 2762 649 2842 ceptoribus,
677 2763 1000 2842 partimque
1031 2763 1396 2823 servitiorum
1426 2760 1568 2821 urbe
1592 2761 1940 2841 expulisset;
1970 2770 2029 2821 ut
2059 2759 2288 2820 tandem

140 2864 143 2869 ·
211 2864 264 2906 so
286 2864 514 2908 annona
548 2846 854 2924 convaluit,
884 2847 1169 2924 impetam
1200 2864 1269 2906 se
1292 2845 1531 2924 cepisse
1553 2846 1752 2906 scribit
1776 2843 2291 2924 frumentationes

252 2929 573 3011 publicas
600 2931 666 2991 in
695 2936 1058 3009 perpetuam
1090 2928 1415 3007 abolendi,
1452 2931 1619 3010 qaod
1646 2948 1859 2991 earum
1884 2930 2121 3008 fiducia
2157 2927 2284 2988 cal-
2315 2982 2322 2987 ι

282 3021 431 3075 tara
473 3031 768 3094 aprorum
815 3019 1121 3075 cessaret.-
1163 3032 1360 3093 neque
1402 3021 1604 3077 tamen
1624 3031 2098 3093 perseverasse,
2140 3012 2290 3092 qaia

284 3104 515 3160 certam
543 3097 805 3159 haberet
826 3105 977 3176 post
1003 3116 1072 3158 se
1103 3115 1225 3176 per
1265 3096 1656 3160 ambitionem
1702 3098 2070 3179 quandoque
2105 3097 2286 3158 resti-

284 3182 391 3245 tui.
480 3181 677 3262 Atque
731 3183 809 3243 ita
860 3181 1109 3262 posthac
1158 3200 1283 3242 rem
1320 3184 1694 3262 temperavit,
1748 3191 1808 3243 ut
1845 3201 1961 3244 non
2010 3183 2289 3242 minorem

209 3274 574 3328 ”aratorum
609 3284 679 3328 ac
709 3267 1124 3345 negotiantium
1154 3284 1323 3345 quam
1353 3267 1555 3346 populi
1588 3268 1870 3327 rationem
1898 3267 2233 3328 deduceret.

410 3351 892 3432 Spectaculorum
923 3359 983 3411 et
1016 3350 1351 3411 assiduitate
1381 3359 1438 3410 et
1468 3351 1747 3411 varietate
1781 3360 1839 3411 et
1864 3349 2290 3429 magnificentia
2304 3359 2374 3411 43

283 3452 486 3496 omnes
518 3437 854 3497 antecessit.
928 3434 1180 3496 Fecisse
1206 3452 1279 3496 se
1306 3434 1489 3495 ludos
1523 3436 1602 3494 ait
1628 3452 1742 3495 suo
1771 3436 2012 3497 nomine
2046 3437 2284 3511 quater,

275 3537 400 3600 pro
437 3519 588 3581 aliis
615 3518 1124 3600 mayistratibas,
1155 3519 1264 3600 qai
1292 3523 1404 3579 aut
1430 3517 1719 3580 abessent
1746 3525 1857 3579 ant
1885 3536 2009 3580 non
2040 3511 2283 3591 suffice·
