2553 3960
1186 227 1526 278 Tumulus.
2207 218 2286 281 91
2307 230 2330 248 ·

273 383 521 461 Quidam
557 385 919 463 existimant,
955 383 1164 445 adultis
1194 386 1306 445 iam
1332 384 1582 463 Augusti
1617 385 1838 465 liberis,
1873 386 2009 447 loco
2038 393 2098 446 et
2128 385 2292 466 quasi

273 470 658 551 possessione
689 470 948 547 usurpati
975 486 1008 529 a
1041 486 1106 527 se
1137 468 1229 529 diu
1262 469 1499 529 secundi
1527 469 1742 547 gradus
1771 480 1983 550 sponte
2014 472 2290 548 cessisse,

275 553 549 633 exemplo
588 552 667 614 M.
709 552 1017 632 Agrippae
1058 554 1180 631 qui,
1222 553 1299 614 Μ.
1331 553 1616 614 Marcello
1663 554 1735 615 ad
1774 572 2011 616 munera
2056 553 2292 634 publica

274 637 540 713 admoto,
572 637 881 713 Mytilenas
911 638 1138 714 abierit,
1170 655 1244 697 ne
1270 646 1365 698 aut
1389 637 1627 699 obstare
1652 648 1747 699 aut
1766 639 2100 700 obtrectare
2121 655 2290 717 prae·

227 738 256 779 ε
281 740 417 782 sens
445 721 760 781 videretur.
849 722 1032 797 Quam
1065 738 1296 782 causam
1325 730 1384 781 et
1410 723 1573 801 ipse,
1621 722 1726 783 sed
1754 732 1987 802 postea,
2022 722 2289 783 reddidit.

274 806 437 866 Tunc
468 815 655 865 autem
684 805 966 866 honorum
993 807 1317 866 satietatem
1351 824 1419 866 ac
1444 808 1703 886 requiem
1732 806 1995 867 laborum
2020 814 2288 886 praeten-

273 889 441 966 dens,
471 899 848 950 commeatum
878 891 1053 969 petit;
1087 907 1275 967 neque
1309 899 1403 949 aut
1433 892 1598 950 matri
1629 892 1972 970 suppliciter
2001 892 2289 970 precanti,

273 982 371 1034 aut
403 974 613 1034 vitrico
645 973 841 1052 deseri
870 992 935 1034 se
969 974 1138 1033 etiam
1169 976 1226 1032 in
1273 983 1477 1034 senatu
1518 976 1897 1054 conquerenti
1928 977 2157 1035 veniam
2191 974 2288 1033 de-

272 1058 373 1117 dit.
444 1058 594 1132 Quin
637 1067 696 1118 et
739 1058 1095 1136 pertinacius
1135 1057 1545 1135 retinentibus,
1598 1059 1732 1119 cibo
1782 1078 1892 1139 per
1932 1057 2289 1138 quatriduum

200 1158 253 1202 ιο
279 1140 569 1203 abstinuit.
652 1141 830 1203 Facta
878 1140 1107 1202 tandem
1151 1141 1396 1202 abeundi
1439 1151 1763 1221 potestate,
1805 1142 2028 1203 relictis
2067 1144 2287 1204 Romae

272 1243 458 1286 uxore
507 1234 567 1284 et
602 1224 721 1286 filio
755 1226 1060 1286 confestim
1091 1225 1308 1285 Ostiam
1339 1225 1671 1304 descendit,
1717 1245 1791 1286 ne
1831 1226 2014 1287 verbo
2058 1226 2290 1305 quidem

168 1337 173 1340 ·
273 1312 542 1388 cuiquam
589 1311 1061 1388 prosequentium
1110 1310 1337 1371 reddito
1386 1328 1723 1388 paucosque
1771 1310 2070 1372 admodum
2111 1312 2169 1369 in
2205 1310 2285 1369 di-

272 1411 488 1472 gressu
528 1393 917 1453 exosculatus.
973 1393 1066 1453 Ab
1101 1392 1260 1454 Ostia
1291 1411 1451 1454 oram
1487 1392 1836 1473 Campaniae
1865 1395 2097 1472 legens,
2127 1393 2285 1454 inbe-
2300 1397 2364 1451 11

274 1477 519 1538 cillitate
561 1477 813 1554 Augusti
858 1479 1141 1557 nuntiata,
1192 1478 1424 1557 paulum
1472 1477 1743 1539 substitit.
1832 1478 1951 1538 Sed
1991 1477 2286 1537 increbre-

198 1583 251 1624 15
274 1570 480 1622 scente
508 1578 740 1621 rumore
770 1562 932 1640 quasi
958 1562 1029 1622 ad
1054 1564 1425 1622 occasionem
1462 1562 1693 1621 maioris
1731 1563 1862 1640 spei
1900 1577 2285 1622 commorare·

269 1655 397 1723 tur,
442 1654 658 1705 tantum
700 1663 816 1705 non
854 1645 1117 1706 adversis
1163 1644 1601 1724 tempestatibus
1628 1644 1893 1706 Rhodum
1940 1646 2286 1722 enavigavit,

270 1730 623 1791 amoenitate
657 1738 717 1789 et
749 1729 1087 1790 salubritate
1118 1729 1338 1790 insulae
1368 1731 1479 1789 iam
1506 1728 1640 1789 inde
1664 1737 1866 1809 captus
1898 1746 2024 1788 cum
2058 1728 2130 1789 ad
2161 1745 2288 1787 eam

274 1812 349 1874 ab
372 1812 648 1874 Armenia
675 1812 907 1873 rediens
932 1812 1273 1893 appulisset.
1311 1811 1419 1873 Hic
1441 1812 1681 1874 modicis
1713 1821 2017 1874 contentus
2046 1811 2287 1873 aedibus

272 1914 390 1957 nec
418 1897 595 1958 multo
626 1897 850 1958 laxiore
883 1897 1232 1976 suburbano,
1267 1916 1452 1976 genus
1482 1900 1637 1958 vitae
1674 1897 1846 1958 civile
1875 1896 2285 1970 admodum-in-

196 2003 254 2045 20
276 1983 478 2059 stituit,
508 1984 630 2042 sine
661 1983 872 2043 lictore
905 1992 1000 2042 aut
1019 1985 1243 2043 viatore
1263 1985 1561 2061 gymnasio
1584 1980 1866 2043 interdum
1888 1979 2286 2058 obambulans,

271 2074 583 2145 mutuaque
616 2085 743 2127 cum
774 2066 1079 2128 Graeculis
1110 2066 1306 2128 officia
1334 2076 1618 2146 usurpans
1651 2085 1839 2146 prope
1872 2086 1948 2127 ex
1981 2083 2187 2145 aequo.

400 2149 581 2211 Forte
605 2150 888 2230 quondam
919 2153 977 2210 in
1006 2151 1365 2231 disponendo
1395 2150 1488 2212 die
1510 2169 1675 2212 mane
1705 2150 2099 2231 praedixerat,
2125 2148 2284 2228 quid·

274 2234 748 2316 quid·aegrorum
783 2237 841 2295 in
874 2236 1106 2296 civitate
1137 2244 1297 2296 esset
1329 2236 1560 2296 visitare
1600 2253 1665 2296 se
1697 2234 1882 2304 velle;
1928 2234 1986 2294 id
2018 2253 2051 2296 a
2082 2233 2278 2312 proxi·

271 2321 383 2379 mis
426 2318 594 2379 aliter
623 2327 947 2398 exceptum,
978 2321 1230 2399 iussique
1268 2329 1399 2380 sunt
1440 2337 1639 2380 omnes
1680 2321 1846 2396 aegri
1890 2321 1947 2378 in
1991 2318 2283 2398 publicam

197 2423 253 2465 25
274 2405 565 2485 porticum
593 2402 811 2464 deferri
846 2422 914 2465 ac
944 2421 1052 2482 per
1085 2403 1452 2464 valitudinum
1481 2421 1699 2481 genera
1728 2403 1974 2482 disponi.
2046 2400 2280 2463 Percul-

273 2507 375 2549 sus
414 2503 560 2564 ergo
605 2488 902 2566 inopinata
945 2506 1010 2548 re
1051 2487 1259 2568 diuque
1298 2486 1432 2566 quid
1468 2496 1674 2564 ageret
1713 2489 2003 2563 incertus,
2052 2484 2283 2546 tandem

272 2570 539 2648 singulos
573 2572 805 2649 circuit,
849 2589 1135 2632 excusans
1165 2571 1378 2632 factum
1409 2572 1583 2631 etiam
1619 2570 1951 2630 tenuissimo
1986 2569 2191 2646 cuique
2226 2576 2284 2628 et

271 2658 498 2734 ignoto.
586 2655 773 2716 Unum
798 2654 917 2715 boc
945 2654 1116 2716 modo
1147 2673 1336 2734 neque
1365 2663 1674 2735 praeterea
1705 2654 2006 2732 quicquam
2033 2660 2287 2711 notatum

277 2745 393 2818 est,
424 2741 482 2799 in
515 2755 629 2819 quo
663 2742 997 2801 exseruisse
1028 2741 1116 2799 ius
1146 2740 1485 2800 tribuniciae
1509 2739 1814 2818 potestatis
1838 2739 1997 2797 visus
2020 2737 2125 2797 sit:
2160 2753 2286 2795 cum

199 2843 257 2886 ao
281 2825 439 2884 circa
484 2823 718 2885 scholas
749 2832 809 2884 et
841 2823 1120 2884 auditoria
1165 2823 1566 2902 professorum
1603 2821 1864 2883 assiduus
1896 2828 2081 2897 esset,
2128 2826 2286 2880 moto

268 2910 429 2968 inter
460 2908 874 2987 antisophistas
905 2908 1178 2985 graviore
1207 2909 1425 2985 iurgio,
1460 2924 1576 2967 non
1608 2906 1787 2968 defuit
1820 2908 1914 2986 qui
1951 2923 2079 2965 eum
2109 2905 2285 2964 inter-

274 2993 609 3052 venientem
638 3000 697 3053 et
719 2993 883 3071 quasi
913 2991 1319 3053 studiosiorem
1341 2992 1521 3071 partis
1550 2990 1785 3052 alterius
1813 2991 2067 3050 convitio
2096 2989 2284 3050 inces-

278 3082 459 3135 seret.
529 3075 755 3137 Sensim
795 3078 989 3156 itaque
1018 3093 1327 3152 regressus
1368 3074 1625 3153 domum,
1669 3082 1914 3153 repente
1946 3091 2073 3134 cum
2107 3091 2283 3154 appa—

277 3158 557 3220 ritoribus
587 3159 801 3239 prodiit
830 3162 1175 3239 citatumque
1198 3177 1308 3238 pro
1331 3159 1597 3221 tribunali
1625 3175 1775 3219 voce
1806 3159 2117 3237 praeconis
2149 3176 2284 3219 con·

202 3259 256 3302 as
282 3243 607 3304 vitiatorem
635 3247 764 3323 rapi
793 3244 956 3305 iussit
984 3245 1040 3303 in
1073 3262 1389 3304 carcerem.

408 3326 708 3408 Comperit
746 3327 953 3389 deinde
981 3327 1182 3389 Iuliam
1221 3346 1462 3389 uxorem
1505 3326 1581 3388 ob
1617 3325 1884 3387 libidines
1915 3335 2086 3406 atque
2127 3323 2277 3385 adul·

276 3411 426 3472 teria
473 3410 822 3490 damnatam,
866 3411 1282 3492 repudiumque
1322 3413 1378 3473 ei
1417 3428 1522 3472 suo
1564 3412 1791 3471 nomine
1837 3429 1913 3471 ex
1944 3407 2283 3471 auctoritate

276 3493 530 3574 Augusti
559 3497 892 3568 remissum3
937 3505 996 3556 et
1024 3514 1362 3575 quamquam
1391 3495 1577 3558 laetus
1607 3496 1835 3574 nuntio,
1876 3502 2064 3557 tamen
2104 3487 2289 3549 officii
