2553 3960
929 192 1141 242 n1vus
1171 191 1572 241 AUGUSTUS.
2167 179 2243 245 81

350 350 607 411 Sumenti
652 350 882 410 virilem
925 357 1126 426 togam
1170 350 1363 409 tunica
1396 348 1497 409 lati
1533 350 1713 430 clavi,
1758 360 1953 411 resuta
1985 368 2062 409 ex
2095 360 2246 410 utra·

227 453 339 515 que
376 443 574 514 parte,
625 434 696 495 ad
746 434 928 513 pedes
972 432 1203 493 decidit.
1267 433 1526 494 Fuerunt
1566 435 1663 514 qui
1704 437 2244 516 interpretarentur,

225 538 341 580 non
388 519 541 579 aliud
577 520 942 597 significare,
986 536 1157 597 quam
1185 527 1246 578 ut
1276 520 1329 579 is
1360 518 1508 579 ordo
1543 521 1703 580 cuius
1734 520 1963 598 insigne
1999 520 2055 579 id
2088 528 2247 580 esset

225 603 574 683 'quandoque
608 606 662 663 ei
692 602 1071 664 subiceretur.

180 707 208 750 ⁶
341 688 516 767 Apud
560 688 828 749 Mundam
868 687 1050 747 Divus
1093 685 1302 764 Iulius,
1352 688 1561 750 castris
1600 690 1793 749 locum
1836 689 2094 768 capiens·
2119 706 2246 748 cum

225 773 430 833 silvam
489 771 797 850 caederet,
852 772 1122 833 arborem
1178 772 1406 850 palmae
1448 783 1741 853 repertam
1795 773 2134 834 conservari
2186 782 2247 832 ut

225 874 394 917 omen
440 858 723 919 victoriae
765 858 961 927 iussit;
990 875 1084 916 ‚ex
1126 874 1195 916 ea
1227 858 1501 917 continuo
1534 867 1701 919 enata
1738 857 1979 919 suboles
2010 857 2158 918 adeo
2190 858 2245 915 in

223 943 426 1021 paucis
458 941 662 1002 diebus
690 942 983 1019 adolevit,
1028 950 1089 1001 ut
1129 958 1245 1001 non
1276 943 1688 1021 aequiperaret
1717 944 1892 1003 modo
1922 944 2244 1021 matricem,

221 1043 421 1086 verum
487 1035 546 1086 et
605 1026 919 1104 obtegeret
978 1024 1568 1106 frequentareturque
1623 1028 2017 1089 columbarum
2070 1028 2242 1105 nidis,

150 1128 201 1172 ιο
223 1112 485 1190 quamvis
529 1109 585 1170 id
633 1111 819 1171 avium
862 1129 1049 1188 genus
1085 1111 1281 1171 duram
1315 1119 1373 1170 et
1404 1129 1672 1192 asperam
1701 1112 1966 1173 frondem
1994 1114 2243 1172 maxime

218 1197 378 1256 vitet.
440 1194 552 1255 Illo
589 1203 650 1254 et
690 1196 1011 1275 praecipue
1045 1203 1278 1255 ostento
1310 1205 1524 1257 motum
1557 1193 1870 1259 Caesarem
1900 1199 2121 1275 ferunt,
2168 1216 2241 1257 ne

219 1295 389 1361 quem
421 1280 591 1341 alium
624 1279 734 1339 sibi
764 1280 1090 1340 succedere
1125 1297 1295 1358 quam
1327 1283 1550 1342 sororis
1581 1292 1856 1362 nepotem
1889 1282 2089 1342 vellet.

339 1363 405 1423 In
454 1382 696 1425 secessu
735 1364 1093 1443 Apolloniae
1125 1363 1463 1441 Theogenis
1507 1366 1893 1428 mathematici
1937 1367 2240 1445 pergulam

218 1449 433 1510 comite
464 1448 732 1529 Agrippa
780 1449 1155 1518 ascenderat;
1205 1449 1333 1507 cum
1363 1450 1703 1529 Agrippae,
1753 1451 1849 1531 qui
1896 1454 2057 1530 prior
2105 1468 2239 1510 con-

146 1549 198 1592 ιε
219 1531 478 1611 sulebat,
514 1549 723 1611 magna
760 1542 819 1594 et
847 1551 1034 1613 paene
1066 1531 1428 1594 incredibilia
1460 1535 1956 1614 praedicerentur,
1988 1536 2239 1595 reticere

216 1619 346 1697 ipse
380 1618 704 1696 genituram
735 1636 894 1679 suam
925 1636 1038 1679 nec
1078 1617 1234 1677 velle
1270 1618 1448 1678 edere
1483 1619 1939 1697 perseverabat,
1982 1628 2135 1679 metu
2171 1638 2241 1679 ac

217 1702 442 1802 pudore
474 1721 548 1763 ne
583 1704 770 1765 minor
798 1703 1173 1763 inveniretur.
1239 1703 1364 1778 Qua
1399 1712 1588 1763 tamen
1625 1713 1760 1783 post
1789 1704 1997 1764 multas
2030 1703 2241 1763 adhor-

215 1788 469 1848 tationes
497 1788 597 1847 vix
629 1796 687 1847 et
717 1796 1054 1848 cunctanter
1089 1786 1275 1863 edita,
1310 1787 1532 1848 exilivit
1564 1788 1916 1866 Theogenes
1954 1788 2239 1850 adoravit-

219 1888 333 1951 que
378 1889 524 1931 eum.
601 1872 838 1933 Tantam
880 1889 1018 1932 mox
1069 1871 1334 1932 fiduciam
1386 1873 1490 1932 fati
1543 1873 1843 1951 Augustus
1895 1872 2124 1949 habuit,
2182 1881 2241 1932 ut

143 1970 197 2014 20
217 1955 409 2017 thema
454 1975 614 2018 suum
654 1957 984 2036 vulgaverit
1026 1974 1426 2037 nummumque
1468 1967 1807 2036 argenteum
1850 1968 1986 2020 nota
2029 1918 2240 2019 sideris

216 2040 592 2123 Capricorni,
630 2061 745 2122 quo
777 2052 942 2102 natus
975 2051 1097 2120 est,
1132 2043 1510 2120 percusserit.

340 2126 483 2187 Post
510 2145 715 2195 necem
750 2124 1024 2195 Caesaris
1054 2144 1302 2186 reverso
1337 2126 1408 2186 ab
1434 2126 1753 2207 Apollonia
1785 2136 1844 2187 et
1873 2126 2239 2205 ingrediente
2254 2137 2325 2193 95

214 2231 285 2273 eo
326 2210 567 2290 urbem,
609 2221 853 2291 repente
895 2211 1113 2291 liquido
1159 2230 1230 2272 ac
1265 2229 1412 2290 puro
1458 2230 1669 2273 sereno
1705 2212 1958 2274 circulus
2000 2211 2072 2271 ad
2104 2230 2235 2289 spe-

215 2298 364 2358 ciem
410 2297 686 2357 caelestis
730 2315 901 2357 arcus
946 2296 1150 2357 orbem
1192 2296 1336 2356 solis
1381 2296 1609 2375 ambiit,
1662 2315 1732 2358 ac
1774 2296 2018 2356 subinde
2055 2295 2236 2356 Iuliae

139 2396 194 2437 25
216 2380 493 2442 Caesaris
537 2381 690 2442 filiae
725 2383 1132 2442 monimentum
1173 2380 1410 2440 fulmine
1457 2383 1628 2441 ictum
1662 2390 1768 2441 est.
1823 2381 2012 2441 Primo
2046 2390 2235 2440 autem

213 2464 520 2527 consulatu
571 2474 628 2525 et
670 2467 967 2543 augurium
1015 2466 1269 2545 capienti
1302 2466 1606 2526 duodecim
1638 2484 1703 2526 se
1736 2465 1995 2525 vultures
2025 2474 2085 2524 ut
2118 2465 2234 2524 Ro·

209 2549 367 2610 mulo
407 2549 814 2628 ostenderunt,
858 2559 917 2610 et
951 2550 1264 2610 immolanti
1307 2551 1556 2610 omnium
1587 2551 1945 2609 victimarum
1976 2549 2237 2608 iocinera

208 2634 496 2714 replicata
520 2635 867 2695 intrinsecus
897 2633 967 2694 ab
993 2636 1104 2695 ima
1128 2633 1273 2695 fibra
1298 2642 1634 2714 paruerunt,
1666 2634 1895 2693 nemine
1919 2632 2236 2712 peritorum

211 2718 387 2779 aliter
416 2719 743 2779 coiectante
774 2738 940 2799 quam
973 2720 1126 2780 laeta
1157 2737 1264 2798 per
1293 2719 1441 2780 haec
1471 2728 1530 2779 et
1559 2737 1768 2796 magna
1801 2715 2085 2798 portendi.

134 2825 189 2869 ιο
339 2802 490 2878 Quin
535 2812 594 2863 et
624 2802 914 2864 bellorum
950 2805 1197 2863 omnium
1231 2814 1476 2865 eventus
1505 2813 1637 2865 ante
1671 2803 2017 2883 praesensit.
2082 2799 2232 2861 Con·
2247 2817 2318 2873 96

208 2888 416 2948 tractis
446 2886 516 2947 ad
545 2886 862 2949 Bononiam
892 2889 1316 2948 triumvirorum
1350 2890 1573 2969 copiis,
1606 2889 1801 2968 aquila
1827 2886 2076 2948 tentorio
2110 2887 2233 2945 eius

208 2969 609 3051 supersedens
638 2972 783 3033 duos
815 2990 1028 3033 corvos
1056 2972 1189 3033 hinc
1221 2983 1280 3033 et
1310 2973 1440 3033 inde
1471 2975 1797 3034 infestantis
1830 2971 2037 3032 afflixit
2072 2979 2131 3031 et
2164 2968 2232 3031 ad

206 3064 429 3116 terram
458 3055 644 3128 dedit,
679 3067 915 3118 notante
947 3057 1100 3118 omni
1132 3059 1412 3136 exercitu,
1445 3059 1689 3118 futuram
1715 3056 2061 3138 quandoque
2086 3057 2234 3117 inter

210 3140 483 3219 collegas
517 3140 862 3203 discordiam
894 3143 1067 3202 talem
1101 3143 1289 3222 qualis
1322 3151 1523 3203 secuta
1552 3151 1674 3220 est,
1719 3151 1777 3202 et
1814 3143 2027 3201 exitum
2065 3160 2230 3220 prae·

130 3242 187 3286 ⁸5
209 3228 502 3303 sagiente.
548 3226 833 3306 Philippis
864 3226 1184 3288 Thessalus
1217 3226 1443 3306 quidam
1474 3227 1547 3288 de
1578 3226 1767 3288 futura
1798 3226 2046 3286 victoria
2092 3245 2230 3286 nun·

204 3310 374 3370 tiavit
417 3319 658 3372 auctore
688 3311 840 3373 Divo
872 3309 1165 3390 Caesare,
1211 3313 1371 3372 cuius
1415 3311 1526 3372 sibi
1567 3313 1803 3391 species
1848 3310 2057 3371 itinere
2100 3308 2218 3368 avi<

204 3396 586 3457 occurrisset.

342 3477 517 3540 Circa
548 3480 875 3559 Perusiam,
926 3482 1215 3543 sacrificio
1251 3498 1367 3542 non
1396 3480 1579 3541 litanti
1620 3499 1747 3540 cum
1780 3479 1985 3557 augeri
2014 3472 2231 3535 hostias

222 3584 537 3626 sussromus.
1777 3564 1818 3623 6
