2553 3960
943 240 1152 290 mvus
1187 242 1571 294 AUGUSTUS.
2171 230 2255 295 43

238 400 440 462 sortiri
478 397 577 458 vel
609 399 831 458 micare
860 398 1124 474 iussisse,
1158 405 1218 456 ut
1248 398 1516 459 alterutri
1540 400 1987 476 concederetur,
2021 416 2089 459 ac
2119 417 2254 478 spe-

241 493 438 545 ctasse
480 491 787 562 utrumque
821 482 1194 559 morientem,
1239 501 1369 543 cum
1417 492 1619 563 patre,
1664 486 1796 564 quia
1836 502 1901 544 se
1941 483 2253 562 optulerat,

242 569 445 628 occiso
483 565 635 627 iilius
670 581 903 645 quoque
940 567 1318 627 voluntariam
1359 566 1734 629 occubuisset
1775 586 2001 629 necem.
2061 567 2255 643 Quare

243 652 428 713 ceteri
449 696 469 728 ,
496 652 555 709 in
582 650 674 710 his
701 649 780 710 M.
805 649 1095 710 Favonius
1124 650 1225 711 ille
1256 649 1497 711 Catonis
1523 652 1811 731 aemulus,
1847 669 1973 712 cum
2006 651 2257 712 catenati

201 752 229 793 s
249 734 746 816 producerentur,
776 736 1131 813 imperatore
1158 734 1414 795 Antonio
1445 736 1768 799 honorifice
1800 736 2077 813 salutato,
2105 734 2257 795 hunc

385 821 583 878 issimo
615 819 870 878 convitio
902 836 1099 878 coram
1128 819 1556 898 prosciderunt.

371 903 606 963 Partitis
646 911 786 982 post
829 904 1134 963 victoriam
1176 904 1423 981 officiis,
1476 921 1604 965 cum
1642 905 1931 966 Antonius
1961 904 2259 965 Orientem

245 986 661 1063 ordinandum,
693 988 826 1065 ipse
853 996 1170 1048 veteranos
1193 990 1256 1063 in
1284 988 1508 1049 ltaliam
1532 988 1902 1050 reducendos
1935 997 1996 1050 et
2022 990 2259 1049 munici-

244 1069 479 1153 palibus
536 1072 697 1148 agris
751 1070 1148 1132 conlocandos
1191 1075 1560 1152 recepisset,
1612 1089 1803 1154 neque
1848 1083 2262 1134 veteranorum

172 1169 227 1213 ιο
245 1174 441 1235 neque
484 1171 896 1235 possessorum
941 1159 1186 1233 gratiam
1225 1159 1437 1235 tenuit,
1483 1158 1682 1218 alteris
1724 1157 1869 1237 pelli
1913 1176 2013 1236 se,
2058 1158 2262 1219 alteris

244 1259 364 1301 nou
405 1256 517 1319 pro
562 1256 671 1318 spe
710 1241 1048 1300 meritorum
1092 1243 1329 1302 tractari
1360 1242 1758 1322 querentibus.
1833 1242 1961 1318 Quo
1995 1252 2262 1322 tempore
2281 1240 2346 1295 14

245 1325 311 1386 1.
342 1323 658 1384 Antonium
689 1321 902 1385 fiducia
936 1325 1269 1386 consulatus
1286 1344 1507 1406 ,quem
1542 1326 1823 1404 gerebat,
1859 1345 1929 1388 ac
1964 1328 2259 1388 fraternae

249 1409 548 1489 potentiae
580 1425 678 1467 res
706 1425 891 1468 novas
919 1408 1252 1470 molientem
1281 1411 1605 1489 confugere
1646 1412 1946 1472 Perusiam
1971 1412 2171 1488 coegit
2200 1417 2261 1470 et

249 1493 324 1555 ad
364 1492 714 1552 deditionem
757 1490 909 1552 fame
954 1493 1260 1573 compulit,
1304 1513 1431 1554 non
1469 1504 1659 1555 tamen
1701 1497 1825 1555 sine
1875 1496 2099 1573 magnis
2140 1495 2260 1554 suis

180 1599 231 1639 ιε
252 1587 313 1639 et
343 1585 475 1638 ante
520 1575 738 1636 bellum
777 1585 837 1636 et
875 1579 932 1636 in
970 1576 1132 1638 bello
1164 1577 1607 1639 discriminibus.
1680 1577 1828 1639 Nam
1858 1597 1986 1639 cum
2030 1586 2259 1658 specta-

254 1661 388 1723 culo
417 1659 682 1720 ludorum
714 1663 1051 1738 gregarium
1088 1663 1327 1723 militem
1370 1665 1429 1722 in
1474 1662 1932 1742 quattuordecim
1968 1660 2262 1723 ordinibus

253 1745 558 1807 sedentem
600 1745 847 1805 excitari
891 1764 1001 1825 per
1029 1749 1423 1826 apparitorem
1450 1748 1753 1822 iussisset,
1795 1764 2027 1806 rumore
2054 1746 2128 1807 ab
2157 1742 2260 1806 ob-

254 1828 670 1891 trectatoribus
699 1827 877 1890 dilato
905 1833 1068 1909 quasi
1099 1830 1343 1891 eundem
1371 1849 1509 1891 mox
1536 1840 1597 1891 et
1625 1830 2029 1892 discruciatum
2057 1847 2261 1890 necas-

256 1923 380 1992 set,
432 1914 720 1972 minimum
773 1912 946 1991 afuit,
1005 1917 1139 1995 quin
1186 1918 1411 1996 periret
1450 1933 1738 1975 concursu
1768 1925 1829 1975 et
1867 1915 2262 1993 indignatione

180 2019 236 2062 20
258 1997 463 2059 turbae
493 1997 827 2070 militaris?1
839 1999 1023 2059 Saluti
1051 1999 1191 2077 fuit,
1224 2001 1378 2080 quod
1407 2002 1502 2080 qui
1538 1999 1979 2062 desiderabatur
2017 2006 2262 2080 repente
2297 1969 2405 2069 ‘7⁴’

254 2082 581 2162 comparuit
610 2083 914 2143 incolumis
943 2101 1013 2144 ac
1044 2086 1170 2144 sine
1200 2086 1422 2148 iniuria.
1493 2082 1667 2146 Circa
1708 2083 2047 2146 Perusinum
2076 2092 2264 2144 autem

251 2185 473 2229 murum
497 2167 836 2227 sacrificans
863 2185 1052 2246 paene
1079 2171 1441 2249 interceptus
1474 2179 1567 2230 est
1595 2187 1628 2230 a
1659 2187 1826 2230 manu
1853 2169 2261 2248 gladiatorum,

254 2270 403 2352 quae
435 2249 656 2332 oppido
687 2262 982 2335 eruperat.
1037 2252 1280 2313 Per-usia
1310 2263 1480 2333 capta
1508 2256 1568 2314 in
1599 2254 1879 2333 plurimos
1904 2252 2260 2314 animadver-
2282 2254 2347 2304 15

256 2339 359 2414 tit,
389 2353 563 2396 orare
589 2336 818 2396 veniam
847 2336 944 2397 vel
975 2355 1259 2399 excusare
1290 2356 1356 2398 se
1384 2337 1729 2399 conantibus
1744 2357 1857 2399 una
1885 2356 2036 2398 voce
2060 2354 2262 2398 occur·

179 2439 238 2478 π
256 2440 428 2497 rens,
469 2419 855 2481 moriendum
895 2438 1051 2482 esse.
1121 2421 1393 2483 Scribunt
1426 2423 1681 2502 quidam,
1730 2432 2029 2484 trecentos
2060 2440 2135 2482 ex
2165 2420 2263 2480 de-

258 2505 471 2565 diticiis
499 2504 727 2565 electos
756 2507 1052 2585 utriusque
1077 2506 1295 2567 ordinis
1324 2506 1394 2566 ad
1428 2526 1584 2568 aram
1599 2507 1751 2567 Divo
1769 2506 1914 2567 Iulio
1945 2513 2265 2566 extructam

256 2589 453 2651 Idibus
479 2588 704 2649 Martiis
733 2589 1050 2651 hostiarum
1077 2608 1239 2651 more
1268 2599 1570 2651 mactatos.
1645 2590 1977 2651 Extiterunt
2024 2591 2120 2669 qui
2151 2597 2293 2648 tra--

259 2675 499 2750 derent,
543 2682 836 2752 conpecto
869 2692 997 2733 eum
1024 2675 1094 2736 ad
1137 2692 1295 2736 arma
1324 2677 1477 2752 isse,
1522 2683 1583 2734 ut
1612 2674 1827 2734 occulti
1857 2673 2176 2733 adversarii
2208 2680 2268 2731 et

263 2775 408 2838 quos
436 2766 624 2819 metus
650 2759 837 2835 magis
869 2777 1037 2838 quam
1065 2759 1335 2820 voluntas
1356 2760 1713 2836 contineret,
1746 2758 2023 2818 facultate
2051 2756 2114 2817 L.
2146 2754 2263 2815 An-

193 2861 245 2902 ιο
266 2843 383 2902 toni
415 2840 578 2903 ducis
614 2841 908 2922 praebita,
950 2843 1368 2922 detegerentur
1393 2842 1757 2922 devictisque
1802 2845 1852 2904 is
1882 2851 1942 2903 et
1985 2841 2263 2901 confisca-

261 2929 335 2986 tis
347 2929 683 3013 ,promissa
712 2930 1003 2987 veteranis
1031 2930 1289 3008 praemia
1316 2927 1815 3008 persolverentur.
2221 2934 2401 2999 *θ’

347 2972 643 3072 78ἰι·,ιι1ιιιιι
673 3010 890 3071 bellum
930 3012 1226 3073 inchoavit
1259 3015 1318 3072 in
1349 3014 1577 3092 primis,
1616 3012 1724 3073 sed
1754 3013 1849 3073 diu
1879 3012 2054 3072 traxit
2091 3011 2267 3069 inter·
2286 3020 2353 3075 16

263 3097 494 3155 missum
528 3097 798 3176 saepius,
839 3097 1011 3157 modo
1047 3097 1500 3176 reparandarum
1541 3096 1814 3157 classium
1856 3113 2063 3173 causa,
2123 3112 2268 3174 quas

263 3179 703 3259 tempestatibus
733 3181 948 3260 duplici
978 3182 1282 3259 naufragio
1312 3190 1370 3242 et
1416 3180 1643 3261 quidem
1684 3200 1793 3261 per
1823 3189 2100 3242 aestatem
2133 3179 2264 3239 ami·

198 3280 246 3322 ³5
265 3272 455 3342 serat,
486 3264 657 3325 modo
685 3282 834 3343 pace
857 3266 1013 3327 facta
1025 3266 1366 3344 ,flagitante
1389 3265 1608 3345 populo
1638 3266 1715 3325 ob
1739 3265 2085 3326 interclusos
2112 3280 2263 3323 com-

264 3356 486 3408 meatus
516 3350 840 3429 famemque
870 3352 1407 3428 ingravescentem:
1438 3350 1627 3410 donec
1657 3349 1898 3410 navibus
1929 3367 2007 3409 ex
2033 3351 2263 3422 integro

266 3430 564 3493 fabricatis
592 3451 664 3494 ac
686 3436 889 3511 viginti
919 3452 1219 3495 servorum
1240 3434 1470 3494 milibus
1482 3436 1841 3494 manumissis
1870 3442 1929 3493 et
1954 3432 2027 3492 ad
2049 3445 2266 3489 remum

269 3514 439 3618 datis,
468 3526 699 3597 portum
721 3517 921 3579 Iulium
948 3519 1098 3599 apud
1118 3519 1315 3595 Baias,
1346 3520 1581 3578 inmisso
1606 3520 1664 3577 in
1677 3517 1978 3578 Lucrinum
2006 3522 2063 3571 et
2077 3510 2263 3570 Aver-
