2553 3960
897 247 1317 295 PRAEFATIO.
1924 253 2022 300 XV

183 405 439 478 ligendis
474 406 646 461 rebus
676 404 878 462 eximia
903 423 969 462 ac
994 407 1160 478 plane
1193 407 1499 478 singularis
1526 409 1662 464 fides
1693 415 1749 464 et
1778 410 2019 482 diligen..

190 491 288 559 tia,
334 490 396 544 in
449 489 879 544 conscribendis
920 490 1218 561 prudentia
1280 497 1339 545 et
1388 491 1686 547 verborum
1736 494 2017 564 elegantia

190 591 338 630 rara.
429 574 513 628 De
548 571 910 642 fontibus,
943 579 1005 627 ut
1031 589 1176 628 nunc
1204 573 1505 644 loquimur,
1537 574 1790 631 Suetonii
1825 584 2016 634 nostra

193 657 463 713 memoria
503 655 659 711 multi
705 661 943 725 egerunt
968 657 1060 712 vel
1094 657 1333 712 omnium
1367 658 1454 713 vel
1499 657 1841 728 singularum
1872 660 2018 717 vita-

194 759 347 809 rum,
393 747 456 794 ut
485 739 822 808 Schweiger
854 739 1102 808 Golbery
1132 740 1350 796 Krause
1390 741 1551 795 Prutz
1594 740 1787 812 Egger
1826 743 2016 798 Hirzel

198 824 591 891 Wiedemann,
623 837 764 893 quos
788 823 1021 878 honoris
1046 839 1213 879 causa
1236 824 1483 895 appello,
1516 824 1619 880 sed
1648 825 1796 880 inter
1826 842 2017 881 omnes

201 907 495 977 convenit,
541 906 751 976 ubique
801 906 1036 961 idoneos
1089 912 1339 962 secutum
1390 914 1685 978 auctores,
1728 925 2018 981 numquam

200 990 479 1060 consilio,
506 989 801 1045 rarissime
845 1004 1041 1045 errore
1082 990 1226 1046 falsa
1267 990 1587 1047 tradidisse.
1673 992 2019 1064 Frequenter

199 1074 511 1146 scriptores
556 1089 587 1128 a
623 1089 687 1128 se
719 1073 1007 1128 consultos
1036 1073 1353 1129 nominatim
1386 1073 1580 1144 affert,
1620 1074 1763 1131 Acta
1796 1093 2017 1147 quoque

200 1157 393 1230 populi
429 1162 487 1212 et
515 1161 775 1224 senatus,
809 1156 963 1227 ipsas
1001 1154 1298 1212 Caesarum
1329 1156 1599 1227 epistolas
1636 1161 2013 1231 autographas

199 1259 254 1314 p.
291 1245 380 1308 76,
408 1246 496 1298 22.
546 1245 660 1303 197,
692 1246 721 1296 1
759 1239 829 1294 ad
868 1255 1004 1309 quas
1048 1239 1160 1311 ipsi
1204 1240 1387 1296 aditus
1433 1241 1691 1312 patebat,
1743 1243 2012 1315 inspexit,

200 1341 271 1381 ue
303 1323 515 1380 libellis
546 1323 768 1394 quidem
811 1322 934 1377 sine
978 1322 1197 1378 nomine
1226 1323 1473 1394 vulgatis
1513 1324 1853 1396 famosisque
1885 1343 2014 1382 ver-

200 1409 399 1464 siculis
434 1406 732 1477 neglectis,
765 1406 868 1461 sed
901 1406 1140 1477 optimos
1173 1422 1427 1479 quosque
1457 1414 1716 1464 auctores
1754 1415 1811 1464 et
1842 1426 2016 1481 quan-

201 1498 314 1547 tum
346 1491 468 1546 fleri
509 1490 691 1562 potuit
730 1491 900 1546 rebus
938 1490 1118 1559 gestis
1163 1491 1428 1561 aequales
1469 1498 1712 1546 secutuS.
1801 1491 2016 1558 Quanta
2080 1508 2084 1513 ·

202 1592 336 1631 cura
360 1574 418 1629 in
443 1574 773 1631 diversitate
800 1573 1129 1628 tradentium
1157 1575 1250 1629 vel
1280 1574 1513 1630 minutas
1549 1592 1641 1630 res
1674 1576 2017 1639 tractaverit,

201 1659 462 1730 exemplo
507 1673 635 1713 esse
676 1661 867 1728 potest
917 1672 971 1727 p.
1019 1661 1117 1715 121
1168 1673 1251 1727 sq.
1288 1657 1592 1728 disputatio
1629 1657 1700 1711 de
1747 1658 1877 1713 loco
1923 1655 2017 1712 ubi

203 1744 262 1798 C.
298 1741 554 1811 Caligula
585 1745 745 1796 natus
782 1739 874 1794 sit.
951 1737 1125 1804 Quam
1157 1739 1460 1809 diligenter
1490 1738 1787 1810 primarios
1822 1746 2018 1796 aucto-

203 1843 296 1881 res
323 1824 485 1896 sequi
508 1824 711 1893 soleat,
744 1822 1074 1879 documento
1101 1830 1188 1878 est
1208 1823 1336 1878 Divi
1359 1822 1599 1893 Augusti
1630 1823 1802 1878 index
1831 1841 2015 1880 rerum

201 1928 232 1966 a
292 1926 356 1964 se
399 1913 714 1978 gestarum,
774 1922 934 1976 quem
979 1912 1383 1962 monumentum
1421 1906 1776 1976 Ancyranum
1821 1908 2013 1963 dicere

202 1992 613 2060 consuevimus,
648 2006 756 2047 non
788 1991 953 2046 modo
986 1997 1440 2048 commemoratus
1469 1998 1630 2063 p.85,
1661 1997 1751 2062 29,
1781 1993 1883 2047 sed
1912 2008 2016 2063 per

199 2084 374 2133 totam
405 2074 646 2145 Augusti
679 2074 849 2131 vitam
896 2075 1134 2129 collatus
1179 2081 1236 2129 et
1279 2075 1336 2130 in
1378 2091 1536 2130 usum
1576 2090 1918 2145 conversus,
1956 2080 2017 2130 ut

199 2176 311 2217 non
342 2176 473 2216 raro
509 2158 602 2214 vel
634 2158 827 2213 eadem
855 2158 1028 2213 verba
1058 2159 1456 2228 remanserint,
1489 2165 1546 2214 ut
1576 2175 1629 2230 p.
1664 2164 1766 2229 46,
1797 2165 1887 2218 32.
1922 2162 2013 2227 47,

200 2249 442 2304 13—17.
489 2246 575 2311 57,
604 2246 855 2311 37-58,
885 2247 936 2301 7.
1022 2239 1433 2313 Nonnumquam
1465 2242 1686 2297 nimium
1716 2241 2015 2298 brevitatis

198 2326 444 2384 studium
472 2326 652 2381 iraudi
684 2325 809 2394 fuit,
841 2332 901 2380 ut
931 2341 1073 2395 quae
1103 2325 1351 2381 discerni
1384 2332 1439 2380 et
1465 2332 1725 2397 poterant
1755 2332 1810 2380 et
1840 2325 2016 2381 debe-

198 2413 332 2468 bant
360 2411 419 2466 iu
454 2426 618 2464 unum
648 2409 1031 2479 coniungeret.
1120 2410 1201 2464 De
1228 2409 1303 2464 iis
1332 2408 1643 2478 historicis,
1676 2425 1907 2479 quorum
1942 2407 2015 2462 li-

198 2495 287 2551 bri
320 2499 558 2551 aetatem
590 2493 852 2561 tulerunt,
882 2492 1158 2547 Velleium
1187 2493 1482 2564 Iosephum
1504 2492 1852 2547 Plutarchum
1881 2508 2016 2547 nus-

201 2595 363 2650 quam
392 2576 747 2633 consuluisse
778 2576 1026 2644 videtur,
1055 2575 1299 2632 Tacitum
1340 2576 1388 2631 si
1422 2592 1525 2647 per
1554 2581 1790 2631 aetatem
1818 2575 2015 2645 legere

202 2663 384 2736 potuit
429 2666 485 2715 et
530 2660 702 2730 legit,
745 2659 802 2714 id
853 2660 1004 2730 quod
1044 2676 1099 2731 p.
1133 2664 1270 2728 186,
1318 2664 1405 2717 26.
1448 2664 1579 2727 196,
1630 2662 1697 2717 37
1742 2658 2016 2713 credibile

201 2740 349 2820 tw),
381 2750 539 2803 certe
571 2744 767 2798 ducem
797 2757 979 2813 neque
1010 2742 1065 2796 in
1083 2742 1295 2798 Tiberii
1325 2741 1493 2796 rebus
1525 2740 1832 2810 tradendiS,
1867 2740 2017 2811 quod

203 2829 433 2885 Sievers
491 2826 753 2899 putabat,
803 2841 984 2897 neque
1041 2826 1097 2881 in
1140 2825 1454 2881 rebellione
1503 2824 1667 2880 trium
1706 2823 2017 2896 principum

201 2911 513 2969 enarranda
548 2915 775 2965 secutus
806 2916 911 2965 est.

318 2998 379 3052 In
412 2992 810 3067 componendis
845 2993 1016 3048 rebus
1057 3010 1181 3049 eum
1213 2994 1335 3049 fere
1366 3009 1575 3050 morem
1604 2998 1786 3062 tenet,
1827 2998 1888 3047 ut
1927 3008 2019 3047 re-

200 3081 393 3153 petitis
451 3095 524 3134 ex
588 3077 917 3148 antiquitate
976 3076 1220 3133 familiae
1282 3078 1373 3133 vel
1438 3077 1624 3148 gentis
1682 3075 2019 3145 originibus,

200 3164 380 3235 ipsius
406 3161 786 3235 imperatoris,
819 3160 977 3216 cuius
1002 3161 1169 3217 vitam
1199 3160 1415 3231 scribit,
1445 3160 1740 3233 pueritiam
1771 3158 2021 3214 virilem-

336 3312 393 3371 4)
430 3309 590 3359 Multa
623 3324 804 3374 parum
843 3310 1030 3359 idonea
1058 3309 1204 3359 affert
1221 3309 1417 3359 Krause
1446 3309 1511 3358 de
1536 3308 1765 3359 Suetonii
1794 3307 2020 3358 fontibus

201 3395 248 3444 p.
287 3381 339 3430 4.
372 3379 423 3431 5.
460 3380 543 3431 70.
586 3378 753 3429 Berol.
795 3377 945 3429 1831.
1018 3378 1149 3429 Male
1185 3387 1234 3428 et
1270 3376 1495 3428 Niebuhr
1521 3378 1574 3428 in
1609 3377 1866 3443 praelectt.
1897 3374 2017 3424 hist.

201 3447 344 3500 Rom.
381 3446 414 3499 3
451 3465 503 3515 p.
541 3446 646 3498 204
682 3445 852 3511 (aliter
885 3462 936 3512 p.
981 3447 1070 3509 28)
1120 3454 1169 3497 et
1209 3445 1493 3496 Boetticher
1528 3447 1581 3495 in
1618 3445 1781 3493 lexico
1817 3442 2020 3491 Taciteo

200 3530 251 3580 p.
291 3515 441 3567 XXII
477 3512 707 3566 Tacitum
744 3523 984 3583 putarant
1011 3524 1127 3583 post
1159 3515 1455 3564 Suetonium
1491 3514 1774 3578 scripsisse.
