2553 3960
339 200 463 262 280
886 213 946 261 o,
995 212 1322 261 sumonu
1361 213 1788 273 TRANQUILLI

342 365 701 426 consuetudo
738 374 796 425 ut
831 375 1247 444 componantur
1292 376 1558 447 pegmata
1604 386 1636 427 a
1678 366 1940 426 ludorum
1982 367 2355 431 theatralium

341 449 675 510 editoribus,
766 450 956 509 Scena
993 459 1209 527 autem,
1253 469 1400 529 quae
1450 450 1659 527 fiebat,
1701 459 1794 510 aut
1822 451 2055 510 versilis
2084 461 2209 512 erat
2251 463 2357 514 aut

341 533 586 594 ductilis.
675 533 921 594 Versilis
946 543 1079 593 tunc
1110 542 1250 611 erat,
1285 552 1411 594 cum
1444 533 1630 594 subito
1660 542 1779 593 tota
1807 534 2083 594 machinis
2116 536 2352 614 quibus-

340 617 469 678 dam
501 617 947 678 convertebatur
977 625 1035 676 et
1065 617 1231 676 aliam
1264 620 1523 696 picturae
1553 618 1762 677 faciem
1793 618 2156 678 ostendebat.
2230 620 2350 679 Du-

342 701 495 761 ctilis
514 710 668 775 tunc,
703 719 828 760 cum
858 700 1060 760 tractis
1089 701 1359 761 tabulatis
1390 701 1500 761 hac
1530 710 1702 780 atque
1735 701 1869 761 illac
1899 702 2131 780 species
2160 704 2349 782 pictu·
2379 728 2403 766 ⁵
2446 739 2453 746 ·

339 804 440 846 rae
470 784 790 844 nudabatur
832 785 1116 844 interior.
1200 784 1415 862 .quod
1443 786 1631 846 Varro
1666 794 1725 844 et
1755 785 2062 845 Suetonius
2097 804 2348 847 comme·

337 877 581 929 morant.
672 867 929 928 Servius
954 868 1042 928 ad
1071 829 1268 947 Ver-p.-
1284 868 1505 947 Geory.
1546 875 1603 944 3,
1641 876 1736 929 24.

463 952 668 1013 Primis
710 961 896 1012 autem
935 952 1325 1029 temporibus,
1370 960 1429 1012 ut
1472 950 1688 1012 adserit
1716 950 2108 1031 Tranquillus,
2157 956 2352 1015 omnia

341 1055 489 1116 quae
521 1037 575 1095 in
608 1053 784 1096 scena
815 1044 1116 1096 versantur
1146 1038 1204 1095 in
1233 1035 1538 1097 comoedia
1568 1035 1919 1113 agebantur,
1964 1054 2092 1096 nam
2118 1046 2175 1097 et
2207 1055 2349 1116 pan-

337 1122 603 1182 tomimus
632 1128 689 1178 et
715 1118 1019 1196 pythaules
1050 1128 1105 1179 et
1132 1119 1483 1180 choraules
1465 1138 1522 1178 ιιι
1553 1119 1852 1180 comoedia
1877 1119 2178 1182 canebant.
2226 1121 2352 1181 Sed
2376 1139 2428 1180 ιο

339 1206 468 1284 quia
519 1219 633 1262 non
664 1211 933 1281 poterant
965 1204 1151 1263 omnia
1187 1203 1351 1263 simul
1397 1201 1550 1283 apud
1595 1219 1797 1263 omnes
1831 1204 2085 1265 artifices
2127 1207 2354 1284 pariter

283 1347 284 1350 ,
340 1286 676 1365 excellere,
703 1286 753 1345 si
785 1287 880 1364 qui
914 1296 1076 1346 erant
1113 1288 1261 1347 inter
1294 1296 1528 1348 actores
1560 1286 1989 1347 comoediarum
2022 1306 2128 1367 pro
2160 1289 2350 1350 facul·

338 1382 454 1433 tate
499 1379 557 1430 et
592 1379 717 1431 arte
760 1371 1057 1449 potiores,
1102 1372 1484 1451 principatum
1541 1371 1652 1430 sibi
1696 1370 1918 1431 artificii
1956 1371 2350 1433 vindicabant.

338 1457 436 1517 Sic
480 1456 690 1516 factum
732 1462 852 1531 est,
904 1462 964 1514 ut
1007 1454 1338 1515 nolentibus
1382 1454 1596 1515 cedere
1638 1455 1822 1513 mimis
1855 1456 1912 1514 in
1950 1457 2191 1517 artificio
2235 1474 2349 1517 suo

341 1541 555 1602 ceteris
590 1540 882 1618 separatio
916 1539 1082 1599 lieret
1110 1539 1480 1618 reliquorum.
1568 1538 1714 1598 Nam
1744 1536 1874 1598 dum
1905 1542 2166 1618 potiores
2197 1540 2345 1600 infe·
2370 1560 2425 1600 ιε

336 1623 612 1701 rioribus,
659 1622 755 1702 qui
795 1624 850 1681 in
892 1625 1041 1682 omni
1080 1623 1407 1700 ergasterio
1453 1631 1650 1699 erant,
1684 1623 1907 1683 servire
1939 1622 2344 1701 dedignantur,

337 1726 402 1769 se
433 1709 596 1786 ipsos
628 1726 661 1768 a
695 1706 990 1766 comoedia
1022 1715 1460 1785 separaverunt,
1488 1723 1558 1766 ac
1582 1708 1670 1765 sic
1698 1706 1912 1766 factum
1944 1716 2032 1767 est
2061 1715 2119 1766 ut
2149 1725 2343 1768 exem·

337 1791 437 1872 plo
472 1790 653 1851 semel
676 1798 905 1869 sumpto
938 1808 1081 1851 unus
1105 1792 1348 1870 quisque
1366 1791 1503 1850 artis
1535 1808 1675 1851 suae
1697 1807 1820 1850 rem
1848 1792 2058 1871 exequi
2077 1793 2345 1870 coeperit

335 1893 525 1955 neque
568 1877 624 1934 in
672 1872 1029 1934 comoediam
1059 1874 1282 1936 venire.
1374 1872 1549 1934 Cuius
1589 1876 1677 1934 rei
1712 1872 1922 1934 indicia
1954 1873 2202 1954 produnt
2237 1893 2342 1935 no·

335 1957 426 2019 bis
457 1960 726 2038 antiquae
761 1957 1132 2035 comoediae,
1179 1959 1234 2019 in
1264 1959 1470 2039 quibus
1498 1959 1844 2027 invenimus;
1890 1968 2018 2020 acta
2042 1957 2198 2019 tibiis
2232 1978 2331 2038 pa·
2357 1983 2414 2022 ἰο

334 2043 493 2104 ribus
530 2052 621 2103 aut
665 2041 978 2121 imparibus
1021 2051 1117 2103 aut
1151 2042 1423 2103 sarranis.
1513 2041 1754 2118 Quando
1799 2043 1948 2102 enim
1996 2043 2208 2111 chorus
2248 2061 2344 2104 ca-

334 2127 539 2202 nebat,
590 2126 843 2186 choricis
890 2123 1079 2202 tibiis,
1133 2125 1188 2185 id
1245 2135 1335 2186 est
1388 2125 1766 2203 choraulicis,
1811 2127 2023 2186 artifex
2074 2129 2345 2187 concine-

333 2210 461 2278 bat:
519 2211 577 2270 in
636 2212 860 2269 cantico
914 2216 1100 2268 autem
1142 2209 1490 2288 pythaulicis
1530 2208 1934 2289 responsabat.
2024 2210 2140 2270 Sed
2189 2209 2348 2289 quod

337 2292 569 2373 paribus
604 2292 758 2352 tibiis
798 2293 890 2353 vel
920 2292 1231 2372 imparibus
1265 2294 1584 2354 invenimus
1613 2294 1917 2373 scriptum,
1976 2295 2088 2354 hoc
2123 2295 2345 2371 signifi-

334 2386 454 2438 cat:
501 2375 707 2456 quodsi
740 2376 972 2457 quando
1015 2376 1288 2438 monodio
1333 2377 1582 2455 agebat,
1623 2395 1790 2436 unam
1835 2377 2027 2438 tibiam
2074 2377 2425 2453 inflabat325

311 2462 381 2529 si
406 2461 633 2539 quando
664 2460 933 2537 synodio,
965 2460 1257 2539 utrasque.
1317 2459 1650 2522 Diomedes
1674 2458 1799 2520 ΙΙΙ.
1830 2479 1894 2539 p.
1915 2469 2030 2522 489
2060 2460 2127 2521 Ρ.
2164 2462 2350 2522 cuius

331 2550 520 2607 totum
551 2549 742 2623 caput
769 2543 895 2604 iam
930 2543 1075 2611 inde
1103 2561 1146 2605 α
1177 2561 1243 2623 p.
1283 2552 1420 2606 482.
1467 2543 1761 2607 Suetonio
1788 2542 2005 2605 deberi
2028 2543 2296 2606 videtur.

455 2630 589 2689 Sica
635 2647 668 2688 a
703 2627 955 2688 secando
1000 2627 1152 2688 dicta
1197 2671 1211 2687 .
1246 2671 1260 2687 .
1295 2674 1310 2689 .
1345 2627 1708 2708 Tranquillus
1760 2636 1946 2689 autem
1980 2628 2149 2690 dicit:
2198 2627 2346 2689 Cum

333 2713 627 2774 cuiusdam
670 2709 1011 2789 gladiatoris
1065 2713 1121 2771 in
1154 2710 1347 2771 ludum
1389 2714 1580 2772 emissi
1607 2712 1834 2790 gladius
1882 2721 2151 2773 curvatus
2197 2713 2343 2774 fuis-

231 2863 234 2865 ,
330 2806 420 2857 set
457 2815 533 2856 ex
564 2797 690 2858 acie
721 2803 902 2872 recta,
935 2796 1225 2873 procurrit
1264 2813 1407 2855 unus
1437 2795 1507 2855 ad
1540 2796 1596 2855 id
1628 2795 2067 2873 corrigendum,
2103 2805 2342 2875 tumque
2362 2821 2427 2862 so

331 2899 363 2941 a
394 2888 690 2959 pugnante
720 2896 1065 2959 responsum
1101 2888 1220 2940 est:
1254 2879 1342 2939 sic
1370 2879 1480 2940 hac
1510 2879 1802 2958 pugnabo.
1863 2877 2004 2940 Inde
2037 2880 2198 2940 sicae
2235 2898 2342 2941 no-

326 2982 456 3024 men
494 2963 684 3025 datum
720 2972 827 3023 est.
914 2960 1206 3024 Isidorus
1236 2962 1474 3043 etymol.
1510 2971 1611 3036 18,
1651 2972 1708 3039 6,
1756 2971 1812 3025 8.

452 3047 648 3109 Bithus
695 3056 754 3106 et
789 3046 1071 3107 Bacchius
1128 3046 1509 3124 gladiatorum
1564 3047 1789 3107 nomina
1846 3045 2142 3107 celebrata
2186 3048 2345 3126 apud

328 3132 664 3193 Suetonium
690 3130 1083 3210 Tranquillum
1113 3129 1218 3190 sub
1243 3130 1531 3209 Angusto.
1622 3131 1732 3206 Qui
1764 3149 1890 3190 cum
1922 3132 2131 3191 multos
2161 3132 2341 3193 inter-

328 3214 629 3293 emissent,
679 3214 968 3276 commissi
1013 3214 1161 3274 inter
1202 3234 1267 3275 se
1312 3214 1515 3275 mutuis
1555 3212 1892 3275 vulneribus
1933 3215 2336 3276 conciderunt.
2360 3236 2425 3280 ss

326 3297 399 3357 Et
433 3315 560 3357 cum
592 3298 801 3357 eodem
833 3308 1098 3378 tempore
1132 3299 1336 3359 mulier
1368 3317 1515 3379 quae
1546 3307 1769 3378 septem
1806 3299 2122 3375 extulerat,
2154 3297 2338 3359 nube-

325 3388 414 3438 ret
438 3379 492 3438 ei
522 3380 617 3458 qui
639 3398 853 3442 uxores
884 3391 1108 3461 septem
1142 3385 1429 3474 amiserat,
1459 3382 1838 3463 compositum
1866 3390 1965 3442 est
1982 3383 2343 3462 epigramma

325 3460 444 3519 tale
474 3460 505 3499 *
538 3464 568 3502 *
601 3462 632 3501 *
718 3461 973 3526 Scholia
1003 3466 1092 3526 ad
1118 3462 1339 3528 Horat.
1370 3472 1489 3527 sat.
1530 3475 1583 3541 1,
1620 3474 1675 3541 7,
1717 3474 1810 3527 20.
