2553 3960
260 1964 328 2020 62

350 199 466 261 112
510 210 571 259 c.
604 210 908 259 sumom
943 209 1199 268 TRANQ.
1234 209 1330 256 nn
1360 208 1526 256 vrrA
1556 207 1926 256 casalium
1956 209 2097 256 Lm.
2128 208 2236 258 111.

344 369 443 428 tim
474 384 541 426 se
571 366 722 426 domi
746 364 1193 425 vulneraverunt
1219 367 1364 425 certi
1387 364 1763 425 damnationis
1795 372 1853 422 et
1881 362 1952 423 ad
1980 363 2356 423 vexationem

344 452 828 528 ignominiamque
844 448 1154 524 vitandam,
1172 450 1379 527 partim
1407 450 1465 508 in
1490 447 1679 507 media
1711 449 1871 507 curia
1903 464 2187 507 venenum
2214 444 2355 505 hau·

345 543 569 602 serunt;
615 542 673 592 et
715 543 903 593 tamen
945 533 1254 609 conligatis
1300 531 1634 593 vulneribus
1664 548 1734 591 ac
1766 532 2131 592 semianimes
2162 528 2353 608 palpi-

344 626 646 697 tantesque
688 616 873 677 adhuc
913 618 971 675 in
1005 634 1304 676 carcerem
1346 617 1514 695 rapti.
1569 614 1757 674 Nemo
1787 616 2113 694 punitorum
2143 630 2260 673 non
2294 614 2356 671 in

346 702 653 762 Gemonias
694 700 957 760 abiectus
997 716 1267 778 uncoque
1310 708 1563 776 tractus,
1611 700 1814 777 viginti
1859 698 2105 758 unodie
2136 697 2398 758 abiectis

345 786 659 864 tractique,
711 785 860 843 inter
914 801 1020 844 eos
1069 784 1318 844 feminae
1363 793 1423 844 et
1465 785 1650 863 pueri.
1710 783 2050 851 Immaturae
2094 780 2350 861 puellae,

347 871 478 949 quia
519 886 680 929 more
728 867 937 927 tradito
981 868 1148 928 nefas
1191 876 1353 928 esset
1395 869 1654 945 virgines
1694 867 2077 944 strangulari,
2118 867 2351 926 vitiatae

346 956 506 1033 prius
537 971 569 1013 a
602 952 905 1029 carnifice,
947 951 1081 1012 dein
1110 951 1526 1029 strangulatae.
1598 952 1748 1012 Mori
1779 950 2108 1012 volentibus
2136 951 2226 1010 vis
2252 948 2348 1009 ad-

343 1037 521 1097 hibita
575 1035 824 1095 vivendi.
887 1035 1032 1095 Nam
1071 1044 1314 1095 mortem
1346 1034 1495 1095 adeo
1535 1035 1669 1095 leve
1711 1035 2059 1115 supplicium
2089 1032 2350 1113 putabat,

346 1130 405 1179 ut
451 1138 578 1180 cum
611 1119 867 1179 audisset
896 1138 1065 1179 unum
1092 1138 1125 1178 e
1154 1121 1305 1195 reis,
1353 1118 1662 1180 Carnulum
1692 1122 1952 1197 nomine,
1997 1119 2352 1197 anticipasse
2376 1136 2423 1176 ιο

345 1222 503 1279 eam,
545 1202 991 1264 exclamaverit:
1053 1200 1369 1264 Gmulus
1403 1221 1499 1262 me
1544 1205 1760 1264 evasit.
1837 1204 1912 1263 Et
1951 1205 2008 1262 in
2057 1219 2350 1279 recogno-

344 1284 576 1348 scendis
633 1285 909 1345 custodiis
961 1289 1223 1366 precanti
1274 1286 1496 1348 cuidam
1547 1306 1775 1367 poenae
1817 1289 2199 1347 maturitatem
2256 1302 2350 1344 re-

344 1370 613 1450 spondit:
651 1368 936 1431 Nondum
977 1377 1173 1431 tecum
1211 1372 1276 1431 in
1312 1372 1586 1450 qratiam
1619 1372 1800 1432 redii.
1865 1369 2187 1431 Annalibus
2228 1367 2352 1427 suis

341 1456 432 1514 vir
478 1454 799 1514 consularis
840 1455 1108 1532 inseruit,
1152 1455 1444 1533 frequenti
1485 1456 1772 1534 quondam
1815 1456 2124 1529 convivio,
2174 1455 2263 1512 cui
2291 1460 2353 1511 et

342 1541 473 1618 ipse
501 1537 758 1614 affuerit,
802 1539 1217 1615 interrogatum
1242 1557 1372 1599 eum
1401 1539 1591 1600 subito
1623 1549 1683 1602 et
1710 1540 1868 1600 clare
1899 1557 1931 1599 a
1964 1538 2213 1618 quodam
2244 1554 2342 1596 na·
2371 1561 2421 1601 ιο

342 1639 418 1682 no
470 1631 693 1682 astante
739 1640 976 1683 mensae
1021 1625 1171 1682 inter
1212 1641 1497 1703 copreas,
1550 1643 1651 1685 cur
1696 1623 1982 1685 Paconius
2032 1620 2349 1682 maiestatis

341 1725 478 1766 reus
518 1715 632 1766 tam
671 1704 766 1766 diu
801 1707 1051 1784 viveret,
1098 1709 1289 1768 statim
1321 1708 1548 1786 quidem
1581 1707 1951 1785 petulantiam
1980 1707 2213 1784 linguae
2244 1703 2348 1764 ob-

342 1792 640 1867 iurgasse,
692 1800 947 1851 ceterum
989 1800 1123 1869 post
1167 1809 1390 1869 paucos
1421 1791 1547 1851 dies
1577 1793 1889 1870 scripsisse
1919 1790 2141 1850 senatui
2174 1797 2232 1849 ut
2273 1787 2349 1848 de

345 1891 538 1952 poena
570 1872 786 1933 Paconi
821 1891 988 1951 quam
1019 1876 1261 1953 primum
1292 1884 1589 1936 statueret.

470 1956 647 2017 Auxit
673 1957 1029 2037 intenditque
1053 1960 1378 2037 saevitiam,
1412 1959 1796 2022 exacerbatus
1825 1958 2037 2020 indicio
2064 1956 2136 2018 de
2159 1965 2348 2017 morte
2367 1982 2418 2023 20

345 2041 445 2101 filii
488 2043 575 2100 sui
616 2039 810 2101 Drusi.
885 2042 1069 2116 Quem
1114 2062 1242 2103 cum
1285 2045 1491 2105 morbo
1535 2053 1595 2104 et
1638 2044 2079 2124 intemperantia
2120 2042 2349 2121 perisse

345 2128 733 2201 existimaret,
778 2135 838 2184 ut
879 2125 1107 2186 tandem
1146 2146 1376 2188 veneno
1420 2131 1820 2208 interemptum
1860 2126 2063 2187 fraude
2103 2125 2348 2187 Livillae

344 2209 544 2267 uxoris
574 2216 747 2285 atque
777 2209 971 2268 Seiani
1006 2213 1311 2289 cognovit,
1356 2230 1546 2292 neque
1573 2212 1872 2273 tormentis
1902 2229 2092 2290 neque
2124 2209 2345 2288 suppli·

348 2293 439 2351 cio
480 2292 811 2370 cuiusquam
853 2295 1152 2372 pepercit,
1195 2295 1309 2354 soli
1358 2296 1491 2357 huic
1522 2297 1841 2374 cognitioni
1870 2295 2019 2356 adeo
2052 2313 2158 2372 per
2186 2302 2345 2353 totos

345 2375 468 2435 dies
496 2374 717 2434 deditus
755 2385 813 2435 et
852 2377 1135 2456 intentus,
1181 2388 1239 2438 ut
1266 2380 1658 2441 Rhodiensem
1688 2378 2014 2458 hospitem,
2062 2396 2229 2457 quem
2260 2377 2411 2437 fa·25

343 2457 656 2519 miliaribus
678 2458 885 2522 litteris
914 2462 1156 2523 Romam
1186 2474 1493 2540 evocarat,
1537 2464 1845 2523 advenisse
1871 2461 1981 2522 sibi
2009 2463 2343 2536 nuntiatum,

343 2544 601 2623 torqueri
632 2545 756 2604 sine
778 2562 941 2606 mora
966 2547 1222 2625 iusserit,
1254 2550 1418 2628 quasi
1448 2548 1659 2626 aliquis
1687 2566 1764 2607 ex
1791 2546 2143 2607 necessariis
2168 2562 2340 2623 quae·

344 2630 516 2689 stioni
551 2627 805 2706 adesset,
839 2629 1043 2690 deinde
1075 2649 1279 2692 errore
1313 2632 1578 2708 detecto,
1620 2641 1680 2692 et
1707 2631 1927 2706 occidi,
1971 2648 2044 2690 ne
2080 2629 2345 2706 vulgaret

343 2714 620 2773 iniuriam.
685 2712 1065 2774 Carnificinae
1116 2717 1239 2774 eius
1285 2715 1604 2776 ostenditur
1646 2716 1813 2777 locus
1860 2713 2136 2791 Capreis,
2190 2711 2343 2771 unde

343 2797 641 2857 damnatos
663 2806 799 2875 post
827 2798 1004 2876 longa
1036 2808 1095 2858 et
1117 2801 1403 2877 exquisita
1432 2808 1715 2860 tormenta
1747 2798 2120 2878 praecipitari
2146 2813 2347 2857 coram
2360 2812 2410 2853 ao

343 2900 407 2941 se
449 2884 506 2940 in
535 2898 691 2941 mare
723 2880 987 2959 iubebat,
1030 2884 1362 2961 excipiente
1396 2883 1825 2944 classiariorum
1857 2899 2024 2942 manu
2059 2889 2118 2941 et
2153 2881 2344 2941 contis

341 2974 513 3043 atque
549 2967 722 3025 remis
766 2965 1017 3026 elidente
1061 2966 1376 3043 cadavera,
1421 2986 1495 3027 ne
1537 2969 1627 3028 cui
1669 2967 1885 3027 residui
1916 2966 2154 3044 spiritus
2183 2964 2343 3043 quic-

343 3066 510 3125 quam
557 3051 795 3110 inesset.
863 3049 1321 3127 Excogitaverat
1363 3060 1549 3111 autem
1596 3053 1745 3112 inter
1790 3068 2010 3129 genera
2057 3051 2345 3109 cruciatus

343 3130 541 3207 etiam,
577 3142 637 3191 ut
668 3134 833 3210 larga
865 3135 1006 3193 meri
1044 3137 1283 3212 potione
1309 3153 1416 3212 per
1437 3136 1725 3197 fallaciam
1752 3142 2057 3210 oneratos,
2095 3140 2342 3211 repente

343 3215 591 3272 veretris
616 3214 918 3294 deligatis,
969 3217 1323 3279 fidicularum
1357 3220 1524 3280 simul
1551 3221 1867 3297 urinaeque
1902 3226 2187 3277 tormento
2227 3214 2408 3279 dis-as

340 3294 624 3354 tenderet.
685 3299 853 3373 Quod
886 3303 992 3361 nisi
1027 3320 1155 3362 eum
1192 3311 1250 3361 et
1283 3320 1439 3363 mors
1464 3306 1864 3382 praevenisset
1909 3311 1967 3361 et
2000 3299 2343 3375 Thrasyllus

345 3379 634 3456 consulto,
671 3390 730 3439 ut
764 3385 934 3461 aiunt,
961 3385 1196 3446 differre
1228 3387 1510 3466 quaedam
1541 3405 1651 3466 spe
1687 3387 1971 3465 longioris
2005 3385 2157 3445 vitae
2183 3401 2340 3444 com·

2524 3110 2529 3147 ’

343 3459 623 3538 pulisset,
668 3462 865 3541 plures
906 3468 1197 3547 aliquanto
1244 3480 1551 3531 necaturus
1593 3490 1665 3531 ac
1709 3490 1782 3530 ne
1825 3470 2066 3549 reliquis
2112 3469 2341 3550 quidem
2515 3472 2525 3714 λ
