2553 3960
337 192 418 255 52
527 204 587 253 0.
620 203 922 252 snn'rom
953 203 1209 263 TRANQ.
1241 203 1337 250 nn
1367 202 1536 251 vrrA
1568 200 1937 250 cnnsnnou
1968 203 2107 253 mn.
2140 205 2217 252 11.

334 358 595 422 Arimino
628 368 797 420 tenus
827 358 1163 436 munienda,
1196 358 1455 437 reliquas
1483 357 1924 439 triumphalibus
1962 359 2102 418 viris
2131 377 2208 419 ex
2237 377 2356 422 ma-

334 444 549 504 nubiali
580 445 829 523 pecunia
859 443 1202 504 sternendas
1234 442 1539 502 distribuit.

459 527 660 589 Aedes
691 545 888 589 sacras
924 536 1212 588 vetustate
1247 526 1558 606 conlapsas
1588 534 1687 586 aut
1710 526 1983 587 incendio
2016 527 2355 609 absumptas

332 613 544 673 refecit
580 630 798 692 easque
846 620 902 672 et
947 620 1175 672 ceteras
1217 611 1673 691 opulentissimis
1717 610 1886 671 donis
1915 610 2251 691 adornavit,
2293 623 2356 674 ut

335 699 427 776 qui
458 699 515 758 in
548 696 757 759 cellam
789 694 1101 776 Capitolini
1129 695 1288 756 Iovis
1331 695 1587 756 sedecim
1614 696 1769 756 milia
1800 695 1997 775 pondo
2039 700 2160 756 auri
2192 716 2351 775 gem·
2376 711 2408 751 5

331 799 571 860 masque
626 799 697 842 ac
749 781 1091 859 margaritas
1145 782 1513 859 quingenties
1562 782 1826 840 sestertii,
1874 798 1985 840 una
2037 781 2352 843 donatione

247 887 312 942 31
334 865 664 927 contulerit.
772 865 1088 944 Postquam
1141 881 1286 923 vero
1340 864 1735 943 pontificatum
1782 865 2117 943 maximum,
2182 884 2355 946 quem

331 969 633 1031 numquam
674 951 811 1010 vivo
853 949 1076 1029 Lepido
1130 948 1362 1008 auferre
1408 950 1790 1027 sustinuerat,
1847 958 2076 1010 mortuo
2128 950 2354 1010 demum

332 1036 623 1116 suscepit,
658 1033 931 1113 quidquid
962 1033 1330 1094 fatidicorum
1359 1032 1640 1093 librorum
1670 1032 1883 1095 Graeci
1915 1033 2218 1113 Latinique
2246 1053 2350 1113 ge·

330 1119 488 1179 neris
536 1119 708 1179 nullis
756 1118 852 1178 vel
891 1136 1092 1197 parum
1144 1116 1369 1194 idoneis
1421 1117 1756 1178 auctoribus
1809 1117 1988 1195 vulgo
2031 1118 2350 1196 ferebatur,
2374 1133 2430 1176 ιο

332 1221 508 1281 supra
533 1203 646 1263 duo
677 1201 832 1262 milia
867 1211 1162 1263 contracta
1194 1201 1445 1281 undique
1476 1203 1754 1263 cremavit
1793 1219 1863 1262 ac
1910 1203 2074 1263 solos
2117 1205 2354 1264 retinuit

331 1286 688 1364 Sibyllinos,
738 1285 850 1346 hos
894 1304 1125 1366 quoque
1170 1285 1386 1345 dilectu
1426 1285 1656 1356 habito;
1706 1286 2079 1366 condiditque
2126 1287 2352 1348 duobus

328 1371 535 1431 forulis
581 1372 794 1432 auratis
844 1370 950 1430 sub
991 1370 1235 1431 Palatini
1285 1370 1582 1450 Apollinis
1629 1371 1776 1432 basi.
1854 1371 2084 1432 Annum
2125 1391 2158 1433 a
2198 1372 2352 1432 Divo

327 1454 475 1517 Iulio
522 1455 871 1533 ordinatum,
917 1455 1020 1515 sed
1067 1463 1276 1534 postea
1320 1455 1700 1533 neglegentia
1744 1455 2145 1516 conturbatum
2176 1465 2349 1535 atque

332 1540 665 1619 confusum,
699 1558 899 1600 rursus
931 1540 1002 1600 ad
1034 1540 1335 1619 pristinam
1360 1542 1648 1601 rationem
1677 1539 1939 1617 redegit;
1975 1540 2033 1599 in
2066 1541 2228 1600 cuius
2260 1557 2349 1601 or·
2371 1560 2432 1600 ιε

330 1624 620 1685 dinatione
675 1623 958 1685 Sextilem
1005 1642 1262 1684 mensem
1318 1642 1350 1685 e
1413 1642 1517 1685 suo
1571 1626 1921 1702 cognomine
1977 1626 2349 1704 nuncupavit,

327 1710 515 1786 magis
559 1727 727 1789 quam
768 1708 1175 1789 Septembrem
1220 1727 1334 1788 quo
1381 1717 1506 1770 erat
1547 1718 1746 1787 natus,
1793 1707 1949 1788 quod
1986 1707 2106 1769 hoc
2150 1708 2353 1770 sibiet

329 1795 548 1874 primus
586 1792 921 1854 consulatus
967 1803 1026 1854 et
1069 1795 1331 1871 insignes
1373 1795 1657 1854 victoriae
1701 1794 2072 1872 optigissent.
2141 1794 2351 1854 Sacer-

329 1878 524 1939 dotum
557 1886 616 1937 et
644 1895 939 1937 numerum
973 1887 1031 1937 et
1055 1878 1392 1955 dignitatem
1425 1877 1529 1938 sed
1561 1887 1618 1938 et
1642 1876 1945 1939 commoda
1968 1880 2145 1956 auxit,
2181 1895 2351 1958 prae-

331 1963 502 2042 cipue
555 1961 878 2023 Vestalium
934 1963 1239 2041 virginum.
1334 1960 1593 2043 Cumque
1656 1964 1714 2023 in
1764 1962 2102 2024 demortuae
2154 1962 2350 2024 locum
2367 1975 2424 2019 20

328 2046 499 2108 aliam
545 2048 677 2126 capi
722 2056 1056 2127 oporteret,
1101 2046 1500 2128 ambirentque
1542 2047 1703 2108 multi
1745 2066 1818 2108 ne
1851 2047 1999 2109 filias
2026 2048 2084 2107 in
2129 2057 2350 2109 sortem

330 2131 560 2208 darent,
603 2130 914 2209 adiuravit‚
968 2133 1017 2191 si
1059 2133 1391 2212 cuiusquam
1426 2133 1681 2213 neptium
1726 2150 1955 2192 suarum
1986 2141 2352 2211 competeret

329 2225 525 2292 aetas,
559 2214 883 2276 oblaturum
912 2235 977 2276 se
1007 2216 1187 2277 fuisse
1220 2234 1367 2277 eam.
1432 2216 1725 2277 Nonnulla
1770 2217 1941 2277 etiam
1985 2235 2061 2277 ex
2105 2218 2350 2297 antiquis

329 2301 674 2361 caerimonis
728 2300 1000 2379 paulatim
1051 2300 1267 2362 abolita
1316 2302 1597 2378 restituit,
1652 2308 1714 2361 ut
1755 2300 1969 2362 Salutis
2025 2303 2347 2379 augurium,

325 2383 492 2444 Diale
526 2382 850 2462 flaminium,
883 2402 1110 2446 sacrum
1137 2385 1478 2465 Lupercale,
1512 2386 1683 2446 ludos
1715 2386 2065 2446 Saeculares
2096 2394 2155 2445 et
2181 2384 2348 2447 Com·
2369 2406 2421 2449 π

328 2467 639 2548 pitaliciOS.
701 2467 1121 2547 Lupercalibus
1166 2471 1350 2530 vetuit
1390 2488 1628 2531 currere
1680 2467 1988 2547 inberbes,
2031 2471 2166 2529 item
2210 2471 2348 2530 Sae-

329 2551 620 2613 cularibus
661 2551 808 2613 ludis
852 2554 1094 2614 iuvenes
1140 2556 1438 2634 utriusque
1486 2573 1663 2615 sexus
1708 2554 2002 2634 pronibuit
2035 2553 2210 2613 ullum
2245 2570 2348 2612 no-

328 2646 588 2698 cturnum
619 2637 1018 2717 spectaculum
1046 2638 1422 2718 frequentare
1451 2639 1560 2699 nisi
1587 2656 1714 2699 cum
1742 2639 1934 2719 aliquo
1963 2639 2183 2698 maiore
2213 2645 2350 2715 natu

325 2722 804 2802 propinquorum.
883 2722 1240 2802 Compitales
1283 2724 1461 2784 Lares
1510 2724 1706 2783 ornari
1749 2722 1839 2783 bis
1885 2741 2035 2783 anno
2083 2721 2347 2799 instituit,

325 2807 521 2866 vernis
552 2805 795 2867 floribus
828 2817 886 2867 et
914 2809 1169 2868 aestiviS.
1679 2868 1686 2873 ,
2368 2822 2427 2863 ao

454 2890 785 2951 Proximum
816 2910 848 2952 a
879 2892 967 2952 dis
1002 2892 1417 2953 immortalibus
1456 2890 1739 2953 honorem
1782 2891 2100 2952 memoriae
2144 2891 2351 2951 ducum

324 2970 641 3054 praestitit,
677 2978 771 3055 qui
801 2977 1101 3056 imperium
1142 2976 1204 3036 P.
1243 2976 1316 3037 R.
1350 2995 1427 3036 ex
1459 2976 1690 3036 minimo
1722 2976 2028 3036 maximum
2070 2973 2349 3035 reddidis-

325 3068 476 3118 sent.
541 3058 755 3139 Itaque
773 3070 831 3121 et
861 3078 1046 3140 opera
1077 3063 1357 3140 cuiusque
1386 3060 1746 3121 manentibus
1787 3059 1966 3120 titulis
1997 3061 2249 3119 restituit
2291 3065 2354 3117 et

326 3148 547 3202 statuas
592 3147 836 3205 omnium
872 3144 1199 3225 triumphali
1227 3146 1433 3222 effigie
1466 3146 1523 3204 in
1558 3155 1800 3224 utraque
1833 3145 1949 3205 fori
1998 3145 2085 3203 sui
2118 3145 2350 3223 porticu

327 3221 646 3303 dedicavit,
696 3230 999 3306 professus
1043 3231 1237 3291 edicto
1284 3236 1680 3291 commentum
1719 3227 1790 3289 id
1831 3246 1934 3303 se,
1969 3233 2040 3289 ut
2079 3226 2167 3289 ad
2206 3226 2347 3287 illo·
2373 3247 2431 3291 35

324 3324 462 3402 ’'3⁴⁷'‘
506 3308 670 3368 velut
717 3314 1041 3392 exemplar
1092 3323 1154 3376 et
1190 3316 1360 3393 ipse,
1418 3314 1561 3374 dum
1605 3313 1873 3389 viveret,
1924 3318 1985 3374 et
2027 3329 2347 3392 msequen-

326 3395 474 3449 ttum
528 3393 820 3465 aetatium
865 3398 1186 3476 principes
1238 3399 1629 3478 exiqoeentur
1683 3416 1726 3460 a
1768 3396 2027 3461 civibus
2107 3394 2353 3474 Pompei

329 3487 557 3548 quoque
606 3481 847 3535 statuam
904 3490 1104 3542 contra
1145 3483 1356 3543 theatri
1398 3485 1520 3543 eius
1565 3485 1787 3561 regiam
1831 3499 2160 3545 marmoreo
2204 3480 2350 3544 Iano
