2553 3960
267 225 350 307 ’72
435 257 495 306 c.
529 258 833 308 sumom
862 259 1115 318 TRANQ.
1145 259 1243 306 DE
1273 257 1444 307 viu
1475 256 1844 329 emunim
1873 258 2011 306 Lm.
2045 259 2122 305 11.

264 414 510 473 tacentis
550 410 647 471 vel
677 413 1018 472 summissim
1050 411 1358 473 fabulantis
1401 412 1790 493 provocabat,
1835 420 1894 471 et
1941 420 2037 472 aut
2063 429 2268 473 acroa-

232 501 413 557 mata
455 504 515 556 et
550 494 867 555 histriones
905 503 1003 556 aut
1040 496 1211 556 etiam
1253 496 1513 557 triviales
1556 514 1633 555 ex
1672 497 1833 555 circo
1871 495 2061 556 ludios
2090 497 2268 555 inter-

264 580 520 660 ponebat
551 598 622 639 ac
651 578 1012 658 frequentius
1040 579 1400 658 aretalogos.

177 680 246 735 75
386 664 602 725 Festos
631 672 690 725 et
724 661 1045 723 sollemnes
1080 662 1205 722 dies
1235 664 1659 743 profusissime,
1691 679 2114 742 nonnumquam
2146 672 2268 722 tan-

261 760 377 810 tum
419 747 755 809 ioculariter
797 744 1150 807 celebrabat.
1219 746 1649 824 Saturnalibus,
1692 755 1751 806 et
1782 746 2087 826 siquando
2123 746 2268 807 alias
2287 764 2316 803 s

260 831 557 909 libuisset,
604 829 779 891 modo
821 848 1060 892 munera
1103 830 1426 908 dividebat,
1469 839 1695 891 vestem
1731 839 1792 890 et
1834 848 2033 891 aurum
2076 840 2136 890 et
2176 847 2266 891 ar-

261 926 524 996 gentum,
569 914 746 975 modo
787 932 1049 974 nummos
1093 916 1278 975 omnis
1318 924 1520 992 notae,
1564 916 1737 976 etiam
1779 923 2017 975 veteres
2061 914 2267 991 regios

260 1020 331 1063 ac
373 1000 758 1079 peregrinos,
799 998 1082 1058 interdum
1122 999 1259 1058 nihil
1307 1008 1542 1078 praeter
1582 998 1774 1059 cilicia
1808 1007 1869 1058 et
1895 998 2177 1077 spongias
2206 1004 2269 1056 et

258 1082 524 1145 rutabula
568 1090 628 1141 et
670 1083 934 1161 forpices
975 1091 1148 1161 atque
1188 1081 1301 1142 alia
1343 1080 1401 1141 id
1441 1100 1659 1161 genus,
1701 1082 1879 1142 titulis
1909 1082 2177 1142 obscuris
2207 1090 2268 1141 et

261 1167 564 1245 ambiguis.
638 1164 881 1226 Solebat
939 1175 998 1226 et
1054 1165 1644 1245 inaequalissimarum
1701 1184 1894 1226 rerum
1952 1174 2145 1226 sortes
2205 1172 2265 1225 et
2287 1178 2342 1219 ιο

260 1268 499 1312 aversas
526 1249 850 1311 tabularum
877 1251 1135 1329 picturas
1171 1251 1228 1308 in
1271 1252 1544 1310 convivio
1581 1250 1880 1312 venditare
1919 1252 2265 1328 incertoque

261 1354 399 1397 casu
444 1351 609 1413 spem
647 1335 1019 1394 mercantium
1061 1333 1157 1393 vel
1196 1334 1464 1395 frustrari
1509 1334 1607 1395 vel
1636 1333 1919 1414 explere,
1959 1336 2037 1395 ita
2066 1342 2129 1393 ut
2155 1350 2266 1413 per

261 1418 524 1498 singulos
556 1418 750 1478 lectos
782 1417 1024 1479 licitatio
1057 1418 1226 1478 fieret
1252 1427 1312 1477 et
1341 1436 1447 1478 seu
1474 1420 1692 1479 iactura
1721 1437 1826 1478 seu
1856 1418 2077 1478 lucrum
2108 1434 2264 1477 com-

173 1506 243 1561 76
260 1505 664 1564 municaretur.
728 1499 854 1562 Cibi
899 1503 1069 1583 (nam
1107 1520 1181 1561 ne
1217 1501 1367 1562 haec
1402 1502 1631 1581 quidem
1675 1501 2010 1579 omiserim)
2052 1501 2298 1568 minimi,

261 1597 388 1650 erat
431 1595 604 1666 atque
646 1585 907 1663 vulgaris
951 1586 1101 1646 fere.
1162 1585 1577 1646 Secundarium
1611 1604 1820 1665 panem
1852 1596 1911 1647 et
1942 1585 2265 1664 pisciculos
2285 1601 2341 1641 ιιι

258 1674 509 1735 minutos
557 1680 617 1731 et
659 1688 893 1732 caseum
937 1669 1211 1730 bubulum
1251 1688 1420 1730 manu
1460 1688 1727 1750 pressum
1767 1678 1828 1730 et
1867 1671 2015 1729 ticos
2049 1668 2265 1729 virides

258 1756 478 1817 biferas
531 1756 777 1816 maxime
837 1754 1185 1833 appetebat:
1237 1752 1705 1833 vescebaturque
1747 1761 1807 1813 et
1847 1761 1980 1815 ante
2026 1770 2264 1815 caenam

260 1856 626 1937 quocumque
683 1848 947 1918 tempore
993 1846 1052 1897 et
1094 1838 1265 1915 loco,
1322 1854 1437 1917 quo
1480 1837 1813 1899 stomachus
1852 1837 2262 1920 desiderasset.

259 1922 458 1987 Verba
515 1923 697 2003 ipsius
749 1939 826 1982 ex
878 1921 1148 2001 epistolis
1188 1929 1350 1982 sunt.
1412 1918 1546 1984 Νο3
1580 1922 1647 1983 in
1689 1921 1906 1983 essedo
1938 1939 2169 2002 panem
2209 1928 2266 1982 et

250 2007 574 2088 palmulas
604 2006 1007 2104 gustavimas.
1097 2006 1173 2066 Et
1212 2007 1449 2067 iterum.
1499 2004 1663 2067 Dum
1703 2006 1925 2068 lectica
1967 2024 2047 2066 em
2086 2005 2266 2086 reqia
2282 2016 2339 2057 ²⁰

260 2092 499 2154 domum
539 2090 758 2166 redeo,
796 2090 987 2168 panis
1021 2090 1271 2152 unciam
1310 2109 1445 2150 cum
1466 2091 1695 2169 paucis
1726 2091 1927 2152 acinis
1955 2108 2119 2151 avae
2146 2090 2258 2150 du·
2323 2148 2328 2155 .

257 2176 522 2237 racinae
549 2173 802 2236 comedi.
848 2174 924 2234 Et
945 2193 1177 2235 rursus:
1209 2171 1305 2235 Ne
1329 2172 1608 2236 Iudaeas
1630 2175 1892 2254 quidem,
1922 2175 2007 2234 mi
2034 2173 2259 2249 Tiberi,

261 2267 387 2321 tam
436 2259 758 2339 diliqenter
806 2256 1096 2319 sabbatis
1133 2259 1424 2320 ieiunium
1462 2265 1677 2320 servat
1710 2276 1895 2338 quam
1932 2277 2043 2338 eqo
2080 2257 2266 2320 hodie

258 2343 541 2420 servaci,
575 2342 682 2422 qai
707 2343 773 2404 in
801 2341 1049 2404 balineo
1084 2343 1322 2404 demum
1345 2350 1497 2423 post
1521 2344 1743 2404 horam
1767 2344 2033 2422 primam
2062 2341 2264 2404 noctis

259 2429 423 2489 daas
475 2428 742 2488 bucceas
785 2427 1166 2488 manducavi
1216 2427 1401 2506 prius
1455 2444 1641 2507 qaam
1677 2428 1870 2507 unyui
1908 2425 2258 2504 inciperem
2280 2443 2337 2482 25

258 2513 352 2574 Ex
390 2512 500 2573 hac
544 2511 977 2573 inobservantia
1010 2528 1453 2592 nonnumquam
1463 2512 1557 2573 vel
1595 2521 1725 2573 ante
1771 2513 1967 2572 initum
1998 2511 2093 2571 vel
2125 2519 2271 2590 post
2378 2578 2390 2585 ἱ

261 2598 552 2659 dimissum
605 2596 928 2656 convivium
973 2596 1136 2657 solus
1185 2594 1540 2673 caenitabat,
1595 2615 1720 2656 cum
1770 2597 1949 2675 pleno
1992 2597 2300 2657 convivio.-

172 2684 239 2740 77
261 2681 398 2742 nihil
437 2688 726 2758 tangeret.
798 2680 934 2740 Vini
976 2698 1207 2760 quoque
1247 2689 1449 2741 natura
1497 2681 1868 2759 parcissimus
1906 2689 2050 2742 erat.
2129 2678 2262 2741 Non
2326 2744 2334 2757 ,

258 2766 500 2846 amplius
536 2772 626 2824 ter
652 2763 856 2824 bibere
886 2782 1015 2824 eum
1046 2765 1278 2825 solitum
1311 2782 1490 2843 super
1520 2782 1761 2826 caenam
1789 2767 1848 2824 in
1877 2765 2081 2838 castris
2110 2761 2263 2842 apud

256 2851 548 2926 Mutinam,
578 2846 886 2909 Cornelius
911 2847 1116 2928 Nepos
1146 2847 1335 2910 tradit„
1392 2848 1606 2909 Postea
1636 2850 1900 2928 quotiens
1932 2849 2259 2925 largissime
2278 2860 2338 2902 ³0

259 2954 324 2996 se
354 2935 641 3009 invitaret,
672 2932 849 2992 senos
882 2941 1181 2995 sextantes
1206 2950 1325 2993 non
1356 2934 1636 3010 excessit,
1668 2941 1763 2993 aut
1792 2935 1841 2992 si
1878 2933 2258 3009 excessisset,

256 3018 559 3078 reiciebat.
619 3015 696 3076 Et
733 3018 980 3076 maxime
1024 3017 1347 3078 delectatus
1382 3026 1473 3076 est
1498 3017 1774 3094 Raetico,
1817 3034 2009 3095 neque
2039 3024 2260 3078 temere

257 3100 504 3161 interdiu
548 3099 712 3160 bibit.
771 3099 885 3160 Pro
929 3103 1168 3179 potione
1211 3100 1475 3161 sumebat
1517 3101 1811 3181 perfusum
1855 3118 2004 3179 aqua
2047 3098 2260 3178 frigida

259 3202 495 3263 panem,
537 3191 635 3242 aut
676 3184 999 3244 cucumeris
1035 3186 1278 3254 frustum
1317 3184 1413 3245 vel
1454 3184 1776 3246 lactuculae
1816 3184 2111 3260 thyrsum,
2163 3191 2262 3243 aut

256 3285 468 3327 recens
494 3263 787 3327 aridumve
820 3285 1047 3348 pomum
1078 3271 1203 3330 suci
1232 3269 1565 3330 vinosioris.
2275 3282 2335 3324 ³⁵

173 3363 245 3420 78
377 3350 516 3411 Post
546 3347 735 3408 cibum
761 3351 1168 3431 meridianum,
1215 3355 1293 3415 ita
1327 3362 1388 3413 ut
1419 3354 1663 3413 vestitus
1696 3352 2088 3431 calciatusque
2115 3360 2259 3429 erat,

259 3434 500 3494 retectis
539 3430 784 3510 pedibus
812 3438 1111 3519 paulisper
1141 3429 1621 3517 conquiescebat,
1653 3438 1925 3517 opposita
1954 3436 2025 3496 ad
2056 3435 2262 3497 oculos

257 3534 446 3575 maml-
531 3513 586 3572 A
627 3532 807 3576 caena
840 3520 899 3576 in
937 3523 1266 3585 lecticulam
1310 3540 1376 3583 se
1416 3521 1864 3583 lucubratoriam
1905 3519 2276 3600 recipiebat.-
