2553 3960
1131 256 1339 304 NERO.
2123 243 2242 307 193

250 408 517 470 vehicula
549 407 847 489 portandis
872 410 1160 470 scaenicis
1193 413 1468 490 organis,
1497 411 1967 488 concubinasque
1994 429 2139 490 quas
2154 428 2243 471 se-

254 511 381 554 cum
405 490 680 553 educeret
707 493 981 554 tondendi
1009 493 1080 553 ad
1104 494 1331 554 virilem
1353 494 1583 556 modum
1619 503 1676 554 et
1708 494 2013 556 securibus
2047 494 2243 574 peltis·

254 595 365 657 que
396 576 765 637 Amazonicis
788 576 1121 637 instruendi.
1167 578 1309 639 Mox
1339 578 1520 641 tribus
1550 578 1798 640 urbanas
1823 578 1893 638 ad
1920 596 2242 641 sacramen·

254 670 367 721 tum
393 661 617 737 citavit,
648 678 717 720 ac
740 660 900 720 nullo
926 661 1136 721 idoneo
1163 664 1567 762 respondente
1603 671 1822 724 certum
1849 661 2090 722 dominis
2122 680 2242 721 ser-

206 764 234 805 s
253 761 455 804 vorum
476 740 770 804 numerum
794 744 1027 814 indixit;
1054 763 1165 805 nec
1190 747 1300 806 nisi
1327 765 1402 807 ex
1423 756 1544 807 tota
1570 747 1847 825 cuiusque
1870 745 2084 806 familia
2108 762 2243 825 pro-

252 829 605 904 batissimos,
628 845 703 887 ne
728 827 1228 907 dispensatoribus
1274 829 1504 907 quidem
1543 839 1636 890 aut
1671 829 2108 890 amanuensibus
2146 847 2238 888 ex·

253 913 463 990 ceptis,
490 913 733 993 recepit.
801 911 1031 972 Partem
1056 914 1227 973 etiam
1251 931 1462 974 census
1489 931 1688 974 omnes
1716 913 1949 974 ordines
1974 913 2244 974 conferre

250 996 435 1073 iussit,
474 1003 533 1055 et
556 997 796 1074 insuper
825 995 1139 1073 inquilinos
1167 997 1520 1076 privatarum
1558 996 1782 1058 aedium
1820 1005 1992 1076 atque
2037 995 2247 1056 insula·

249 1099 371 1141 rum
398 1079 740 1158 pensionem
758 1097 1000 1139 annuam
1023 1090 1476 1160 repraesentare
1492 1082 1664 1152 fisco;
1693 1083 2012 1161 exegitque
2027 1079 2247 1158 ingenti

185 1182 233 1224 ιο
253 1164 483 1253 fastidio
512 1162 570 1224 et
595 1163 913 1224 acerbitate
939 1183 1219 1224 nummum
1244 1184 1532 1245 asperum,
1557 1174 1855 1243 argentum
1882 1164 2245 1245 pustulatum,

252 1268 448 1310 aurum
490 1248 562 1310 ad
600 1248 938 1329 obrussam,
979 1258 1039 1309 ut
1070 1249 1339 1328 plerique
1376 1268 1603 1311 omnem
1641 1249 2015 1311 collationem
2057 1248 2246 1328 palam

249 1342 620 1408 recusarent,
662 1295 952 1391 consensu
978 1331 1339 1433 flagitanteS,
1377 1353 1410 1395 a
1448 1333 1804 1396 delatoribus
1835 1334 2029 1414 potius
2074 1349 2244 1392 revo-

253 1414 437 1476 canda
474 1415 730 1493 praemia
767 1410 1164 1495 quaecumque
1202 1418 1519 1495 cepissent.
1584 1417 1677 1478 Ex
1713 1435 1976 1478 annonae
2014 1413 2246 1494 quoque
2263 1421 2335 1476 45

253 1501 495 1561 caritate
528 1499 773 1560 lucranti
809 1498 1070 1559 adcrevit
1105 1499 1348 1570 iuvidia3
1389 1519 1517 1561 nam
1554 1510 1613 1561 et
1643 1502 1799 1561 forte
1835 1499 2064 1576 accidit,
2097 1507 2158 1559 ut
2193 1499 2248 1559 in

182 1599 231 1641 ιδ
250 1584 480 1666 publica
503 1583 655 1643 fame
679 1581 1074 1659 Alexandrina
1107 1583 1271 1642 navis
1295 1586 1650 1643 nuntiaretur
1676 1584 1977 1663 pulverem
2003 1583 2247 1643 luctato·

248 1668 411 1728 ribus
436 1667 639 1727 aulicis
667 1664 998 1743 advexisse.

380 1751 575 1826 Quare
598 1748 845 1807 omnium
868 1750 925 1806 in
949 1766 1014 1807 se
1042 1747 1176 1809 odio
1201 1748 1459 1826 incitato,
1484 1749 1626 1825 nihil
1654 1750 2126 1812 contumeliarum
2151 1749 2245 1809 de-

252 1836 358 1895 fuit
385 1834 521 1912 quin
547 1830 785 1891 subiret.
850 1832 1083 1891 Statuae
1119 1833 1243 1892 eius
1275 1851 1309 1893 a
1343 1834 1563 1894 vertice
1599 1834 1784 1893 cirrus
1819 1834 2123 1913 appositus
2160 1842 2249 1893 est

254 1937 381 1980 cum
407 1915 788 1995 inscriptione
815 1913 1071 1994 Graeca,
1108 1935 1271 1978 nunc
1301 1916 1536 1978 demum
1569 1935 1780 1999 ayona
1808 1935 1977 1995 esse,
2022 1923 2082 1978 et
2117 1923 2246 1978 tra·

181 2020 235 2061 20
255 2004 428 2065 deret
464 1999 750 2063 tandem!
808 1998 1065 2060 Alterius
1105 2001 1263 2061 collo
1308 2021 1597 2082 ascopera
1646 2002 1932 2080 deligata,
1967 2001 2247 2081 simulque

252 2088 479 2148 titulus:
532 2084 669 2164 Eyo
707 2082 859 2166 quid
877 2083 1102 2182 poolui?
1143 2086 1259 2146 sed
1289 2092 1354 2147 tu
1394 2087 1652 2148 culleum
1690 2086 1985 2147 meruisti.
2050 2086 2246 2150 Ascri-

251 2181 409 2251 ptum
454 2177 512 2230 et
547 2169 862 2245 columnis,
908 2168 1036 2228 iam
1084 2168 1336 2231 Gallos
1382 2189 1516 2231 eum
1560 2170 1873 2232 cantando
1915 2171 2245 2231 excitasse.

250 2256 368 2317 Iam
393 2253 661 2315 noctibus
704 2252 891 2329 iurgia
930 2271 1054 2311 cum
1092 2254 1282 2313 servis
1320 2255 1588 2334 plerique
1626 2256 1996 2333 simulantes,
2036 2253 2245 2316 crebro

253 2338 522 2400 Vindio
539 2356 640 2397 em
665 2335 1006 2415 poscebant.

185 2443 236 2482 25
379 2418 733 2482 Terrebatur
756 2419 827 2480 ad
849 2419 965 2479 hoc
990 2421 1351 2483 evidentibus
1377 2426 1661 2500 portentis
1686 2424 2038 2483 somniorum
2063 2432 2121 2481 et
2153 2439 2246 2481 au·
2263 2431 2331 2488 46

256 2507 568 2587 spiciorum
605 2512 664 2563 et
703 2505 982 2581 ominum,
1023 2523 1151 2565 cum
1192 2503 1489 2567 veteribus
1521 2515 1637 2566 tum
1677 2508 1865 2567 novis.
1930 2505 2248 2584 Nmnquam

257 2600 425 2651 antea
448 2588 736 2650 somniare
761 2586 986 2665 solituS,
1014 2590 1214 2650 occisa
1239 2589 1463 2650 demum
1488 2599 1670 2650 matre
1692 2589 1834 2650 vidit
1853 2609 1960 2670 per
1977 2591 2247 2669 quietem,

254 2692 461 2736 navem
502 2671 614 2733 sibi
649 2672 880 2748 regenti
926 2681 1212 2733 extortum
1252 2673 1739 2753 gubernaculum,
1775 2674 2038 2752 trahique
2076 2691 2140 2733 se
2175 2672 2248 2733 ab

258 2757 496 2817 Octavia
519 2772 704 2815 uxore
732 2756 785 2813 in
810 2756 1124 2818 artissimas
1158 2757 1433 2821 tenebras
1461 2767 1520 2818 et
1554 2758 1726 2819 modo
1753 2759 2108 2837 pinnatarum
2131 2756 2245 2817 for·

188 2857 237 2899 30
254 2843 531 2903 micarum
567 2837 920 2898 multitudine
961 2840 1218 2919 oppleri,
1261 2842 1435 2904 modo
1473 2861 1505 2902 a
1542 2842 1862 2903 simulacris
1898 2841 2151 2919 gentium
2177 2841 2248 2902 ad

254 2926 498 3004 Pompei
522 2923 804 2984 theatrum
829 2921 1216 2986 dedicatarum
1240 2926 1527 2987 circumiri
1551 2928 1858 3005 arcerique
1893 2942 2247 3004 progressu3

254 3019 648 3085 asturconem,
676 3024 790 3085 quo
815 3008 1061 3070 maxime
1080 3008 1424 3089 laetabatur,
1443 3011 1774 3090 posteriore
1794 3010 2066 3087 corporis
2083 3018 2248 3088 parte

253 3098 312 3155 in
348 3094 548 3156 simiae
589 3091 849 3171 speciem
886 3093 1373 3172 transfiguratum,
1416 3113 1485 3155 ac
1519 3104 1731 3156 tantum
1779 3095 1972 3172 capite
2019 3094 2248 3173 integro

255 3179 503 3240 hinnitus
529 3177 706 3238 edere
734 3193 1007 3237 canoros.
1070 3174 1159 3237 De
1183 3177 1513 3258 Mausoleo,
1538 3188 1747 3259 sponte
1778 3178 2004 3239 foribus
2028 3178 2247 3258 patefa-

187 3286 239 3327 ιιι
259 3264 392 3363 ctis,
414 3259 679 3323 exaudita
697 3277 817 3320 vox
844 3270 934 3321 est
956 3261 1187 3322 nomine
1208 3281 1336 3323 eum
1356 3265 1579 3324 cientis.
1611 3261 1704 3323 Kl.
1722 3262 1843 3323 Ian.
1861 3265 2128 3324 exornati
2144 3262 2246 3323 La·

258 3346 430 3407 resin
454 3346 585 3425 ipso
609 3343 878 3405 sacrificii
904 3353 1187 3424 apparatu
1221 3347 1631 3417 conciderunt;
1662 3347 1990 3428 auspicanti
2026 3348 2248 3426 Sporus

260 3428 484 3490 anulum
518 3428 738 3489 muneri
772 3427 1001 3510 optulit,
1036 3430 1199 3492 cuius
1234 3449 1501 3510 gemmae
1538 3430 1833 3511 sculptura
1864 3440 1987 3493 erat
2008 3430 2244 3492 Proser-

261 3512 432 3604 pinae
454 3521 682 3591 raptus;
708 3521 977 3573 votorum
1000 3517 1449 3596 nuncupatione,
1479 3533 1690 3593 magna
1712 3518 1824 3577 iam
1850 3516 2109 3659 ogdinum
2132 3512 2244 3572 fre·

359 3598 667 3658 aumonius.
1841 3602 1866 3659 1
