2553 3960
947 226 1157 275 mvus
1193 226 1446 277 umus.
2119 216 2197 280 13

176 400 297 461 que
338 382 608 442 ordinum
649 398 877 459 genere
916 381 1012 441 vel
1055 383 1327 443 invitatos
1367 383 1463 442 vel
1496 390 1707 462 sponte
1750 382 1821 442 ad
1851 401 1915 443 se
1950 401 2197 444 comme·

177 466 333 525 antis
358 466 653 526 uberrimo
679 466 984 542 congiario
1016 468 1511 546 prosequebatur,
1544 466 1787 526 libertos
1810 468 2047 546 insuper
2075 487 2197 528 ser-

182 549 477 628 vulosque
505 550 819 626 cuiusque,
852 558 1022 629 prout
1045 549 1275 610 domino
1309 560 1631 630 patronove
1660 558 1860 626 gratus
1889 553 1986 629 qui
2016 561 2194 613 esset.

181 633 328 694 Tum
372 651 609 693 reorum
648 641 744 692 aut
777 632 1180 693 obaeratorum
1219 643 1315 694 aut
1344 633 1628 713 prodigae
1663 634 1973 694 iuventutis
2013 636 2196 696 subsi-

136 717 338 783 sdium
365 719 596 777 unicum
637 734 709 776 ac
742 717 1226 797 promptissimum
1258 728 1416 794 erat,
1462 719 1572 777 nisi
1618 735 1765 795 quos
1807 720 2046 795 gravior
2088 720 2195 781 cri-

179 802 397 861 minum
425 800 525 860 vel
558 802 789 878 inopiae
817 800 1155 860 luxuriaeve
1190 802 1278 860 vis
1306 809 1576 879 urgeret,
1621 819 1787 879 quam
1820 810 1879 861 ut
1903 801 2195 863 subveniri

183 893 396 965 posset
430 903 463 944 a
508 902 606 953 se;
648 883 738 943 his
781 884 954 963 plane
979 884 1170 964 palam
1199 883 1360 945 bello
1398 885 1567 945 civili
1593 903 1754 963 opus
1781 902 1919 946 esse
1947 886 2195 948 dicebat.

180 969 312 1029 Nec
356 969 584 1028 minore
630 967 817 1028 studio
851 985 1031 1046 reges
1071 978 1244 1046 atque
1279 970 1612 1048 provincias
1651 987 1758 1047 per
1797 978 2078 1030 terrarum
2109 983 2282 1038 or-28

182 1052 320 1112 bem
362 1050 707 1127 adliciebat,
759 1052 888 1112 aliis
931 1053 1294 1132 captivorum
1338 1052 1490 1112 milia
1533 1052 1686 1112 dono
1729 1052 2015 1130 offerens,
2071 1054 2199 1114 aliis

119 1159 168 1203 ω
185 1137 331 1198 citra
362 1144 601 1195 senatus
630 1134 949 1215 populique
979 1136 1412 1212 auctoritatem,
1446 1153 1561 1214 quo
1590 1135 1810 1197 vellent
1840 1146 1898 1197 et
1930 1139 2198 1216 quotiens

181 1219 437 1296 vellent,
489 1218 700 1279 auxilia
750 1218 1122 1297 submittens,
1179 1238 1473 1299 superque
1522 1219 1721 1280 Italiae
1769 1221 2195 1301 Galliarumque

184 1313 244 1364 et
272 1303 712 1382 Hispaniarum,
748 1302 929 1363 Asiae
960 1320 1194 1381 quoque
1237 1313 1296 1363 et
1327 1303 1607 1365 Graeciae
1639 1306 2070 1382 potentissimas
2104 1325 2193 1365 ur·

182 1387 294 1447 bes
322 1388 665 1467 praecipuis
690 1386 965 1465 operibus
989 1404 1309 1457 exornans;
1344 1387 1560 1465 donec,
1595 1389 1847 1447 attonitis
1875 1390 1985 1449 iam
2018 1391 2194 1448 omni-

182 1472 324 1548 bus,
371 1479 431 1529 et
479 1487 752 1549 quorsum
795 1470 897 1531 illa
945 1470 1249 1531 tenderent
1292 1474 1718 1550 reputantibus,
1759 1471 1989 1532 Marcus
2028 1471 2194 1532 Clau-

124 1577 169 1618 ιε
185 1555 313 1616 dius
342 1554 661 1615 Marcellus
705 1555 906 1614 consul
937 1554 1129 1615 edicto
1162 1556 1493 1634 praefatus,
1538 1554 1611 1615 de
1644 1572 1858 1615 summa
1887 1574 1955 1615 se
1983 1574 2048 1614 re
2094 1573 2194 1634 pu·
2222 1612 2228 1617 .

184 1639 339 1701 blica
369 1647 664 1715 acturum,
706 1638 926 1699 rettulit
965 1638 1035 1699 ad
1079 1648 1366 1715 senatum,
1404 1648 1468 1698 ut
1511 1641 1565 1698 ei
1609 1638 2023 1698 succederetur
2065 1648 2195 1697 ante

185 1731 453 1802 tempus,
487 1724 756 1801 quoniam
783 1722 943 1783 bello
970 1723 1244 1783 confecto
1276 1739 1392 1802 pax
1422 1731 1580 1782 esset
1623 1738 1695 1781 ac
1725 1720 1923 1784 dimitti
1955 1721 2197 1781 deberet

187 1810 378 1868 victor
436 1807 757 1876 exercitus;
818 1816 875 1865 et
928 1825 1001 1867 ne
1052 1806 1309 1868 absentis
1368 1806 1514 1866 ratio
1566 1806 1809 1865 comitiis
1859 1805 2193 1881 haberetur,

187 1890 418 1972 quando
449 1908 563 1950 nec
592 1890 752 1969 plebi
785 1892 933 1950 scito
964 1891 1272 1969 Pompeius
1305 1897 1512 1969 postea
1545 1889 1913 1967 obrogasset.
1990 1890 2195 1971 (Acci-

121 1995 173 2036 πο
189 1977 355 2037 derat
386 1985 607 2051 autem,
641 1985 702 2035 ut
730 1976 780 2034 is
808 1973 1003 2053 legem
1036 1973 1107 2035 de
1136 1976 1258 2034 iure
1294 1975 1727 2057 mgistratum
1765 1974 1964 2035 ferens
1995 1993 2068 2036 eo
2101 1994 2194 2037 ca-

188 2062 343 2141 pite,
389 2063 509 2138 quo
546 2060 825 2138 petitione
864 2058 1148 2119 honorum
1190 2059 1448 2119 absentis
1490 2058 1894 2137 submovebat,
1938 2076 2013 2118 ne
2049 2057 2194 2119 Cae·

188 2162 382 2204 sarem
413 2142 641 2221 quidem
674 2144 1007 2222 exciperet,
1040 2161 1147 2222 per
1188 2143 1565 2212 oblivionem
1609 2161 1678 2203 ac
1707 2161 1874 2219 mox,
1906 2142 2042 2220 lege
2084 2144 2195 2201 iam

188 2230 246 2287 in
289 2245 396 2288 aes
443 2227 626 2287 incisa
670 2236 727 2286 et
774 2228 831 2286 in
880 2229 1162 2286 aerarium
1204 2225 1466 2303 condita,
1510 2228 1834 2306 corrigeret
1878 2225 2191 2304 errorem.)

187 2308 317 2372 Nec
368 2319 671 2371 contentus
709 2309 1024 2371 Marcellus
1065 2311 1396 2388 provincias
1439 2309 1680 2370 Caesari
1725 2318 1784 2370 et
1829 2310 2195 2388 privilegium

126 2396 461 2473 aeripere,
508 2393 702 2453 retulit
744 2395 947 2469 etiam,
998 2402 1059 2453 ut
1111 2393 1365 2471 colonis,
1420 2411 1567 2471 quos
1617 2395 1922 2472 rogatione
1968 2395 2194 2455 Vatinia

190 2478 421 2539 Novum
470 2475 707 2538 Comum
757 2476 1124 2554 deduxisset,
1179 2478 1381 2537 civitas
1444 2477 1819 2556 adimeretur,
1875 2476 2031 2556 quod
2087 2495 2195 2557 per

191 2561 561 2623 ambitionem
592 2571 649 2621 et
678 2561 824 2621 ultra
857 2563 1281 2640 praescriptum
1312 2561 1441 2620 data
1476 2570 1653 2620 esset.

319 2643 652 2705 Commotus
692 2644 783 2704 his
826 2643 1072 2721 Caesar,
1114 2662 1186 2705 ac
1229 2644 1521 2720 iudicans,
1566 2642 1723 2722 quod
1770 2661 1951 2722 saepe
2002 2660 2077 2702 ex
2120 2652 2277 2706 eo29

194 2728 442 2790 auditum
483 2729 704 2805 ferunt,
753 2726 1075 2806 difficilius
1119 2745 1189 2788 sc
1219 2727 1563 2806 principem
1609 2726 1881 2788 civitatis
1918 2743 1959 2786 a
1989 2725 2191 2803 primo

128 2832 178 2875 so
194 2813 415 2876 ordine
453 2812 519 2873 in
546 2811 875 2873 secundum
917 2829 1101 2891 quam
1149 2830 1229 2872 ex
1262 2811 1532 2872 secundo
1565 2812 1631 2872 in
1661 2810 2055 2873 novissimum
2088 2809 2188 2870 de·

196 2896 392 2972 studi,
420 2914 635 2957 summa
666 2914 782 2974 ope
813 2896 1053 2973 restitit,
1079 2898 1285 2974 partim
1317 2913 1424 2974 per
1457 2896 1883 2957 intercessores
1915 2895 2192 2971 tribunoS,

196 2981 400 3060 partim
431 2999 539 3061 per
571 2981 833 3040 Servium
865 2979 1177 3058 Sulpicium
1209 2980 1452 3041 alterum
1479 2979 1796 3040 consulem.
1862 2978 2196 3055 Insequenti

199 3083 429 3144 quoque
462 3083 608 3126 anno
641 3064 785 3126 Gaio
815 3063 1132 3140 Marcello,
1167 3066 1261 3142 qui
1294 3064 1455 3124 fratri
1489 3063 1735 3142 patrueli
1770 3079 1874 3122 suo
1907 3062 2106 3123 Marco
2138 3063 2198 3122 in

200 3149 495 3209 consulatu
523 3156 922 3226 successerat,
965 3148 1167 3209 eadem
1207 3157 1556 3228 temptante,
1604 3147 1892 3224 collegam
1922 3146 2047 3207 eius
2079 3147 2195 3207 Ae-

135 3233 405 3297 amilium
435 3232 704 3311 Paulum,
751 3232 1067 3310 Gaiumque
1100 3230 1408 3293 Curionem
1438 3231 1910 3292 violentissimum
1940 3230 2195 3291 tribuno-

196 3336 315 3377 rum
358 3318 582 3395 ingenti
609 3317 883 3378 mercede
927 3316 1271 3377 defensores
1304 3317 1545 3395 paravit.
1635 3315 1751 3375 Sed
1785 3334 1911 3377 cum
1943 3314 2194 3375 obstina-

193 3402 302 3462 tius
333 3402 524 3463 omnia
567 3403 666 3480 agi
703 3401 932 3461 videret
972 3410 1030 3460 et
1072 3399 1411 3477 designatos
1455 3401 1623 3460 etiam
1661 3400 1933 3461 consules
1964 3417 1997 3457 e
2031 3407 2195 3475 parte

192 3485 456 3567 diversa,
499 3495 763 3548 senatum
801 3485 1008 3546 litteris
1041 3484 1394 3563 deprecatus
1440 3492 1556 3562 est,
1603 3502 1677 3544 ne
1711 3483 1823 3544 sibi
1852 3480 2198 3540 beneficium

2337 1369 2368 1392 Ο
