2553 3960
330 245 450 306 124
526 256 587 305 c.
612 255 913 305 semrom
943 254 1197 315 vnum.
1228 255 1323 301 DE
1352 252 1914 312 vrrAssAESAmm
1943 254 2080 301 Lm.
2107 254 2235 303 1111.

326 411 634 490 gloriatum
685 410 835 476 enim
880 409 1106 470 assidue
1152 410 1208 468 in
1252 407 1745 469 commemoranda
1787 424 1890 469 sua
1944 407 2189 486 pietate,
2248 407 2322 469 ad

324 495 715 555 ulciscendam
753 512 958 554 necem
998 495 1194 553 matris
1235 500 1293 552 et
1342 492 1576 552 fratrum
1617 492 1891 551 introisse
1938 509 2174 551 secum
2215 510 2320 571 pu-

324 581 501 657 gione
556 577 880 638 cubiculum
938 576 1154 638 Tiberii
1210 576 1575 652 dormientis,
1627 583 1687 635 et
1740 573 2137 635 misericordia
2192 592 2319 635 cor-

324 672 550 742 reptum
581 662 811 723 abiecto
853 661 1012 721 ferro
1053 661 1402 729 recessisse;
1440 677 1551 719 nec
1586 658 1772 734 illum,
1822 676 2156 739 quamquam
2189 676 2319 718 sen·

325 747 530 823 sisset,
570 755 665 806 aut
689 747 980 824 inquirere
1011 746 1313 823 quicquam
1346 751 1441 802 aut
1474 743 1682 823 exequi
1714 761 1929 803 ausum.
2335 766 2364 805 s

241 832 308 887 13
451 830 550 889 Sic
590 831 889 907 imperium
928 827 1203 907 adeptus,
1251 826 1314 886 P.
1359 828 1430 887 R.
1478 826 1606 906 (vel
1645 825 1828 886 dicam
1880 825 2167 885 hominum
2216 844 2320 903 ge·

322 911 501 991 nus?)
555 916 677 973 voti
732 921 1058 991 compotem
1107 911 1268 987 feeit,
1317 911 1785 989 exoptatissimus
1828 910 2103 988 princeps
2143 911 2318 970 maxi-

320 1016 446 1058 mae
479 999 625 1075 parti
657 995 1095 1075 provincialium
1128 1011 1196 1054 ac
1235 994 1503 1070 militum,
1547 994 1701 1072 quod
1740 993 2012 1053 infantem
2051 992 2320 1072 plerique

324 1087 753 1157 cognoverant;
793 1079 897 1139 sed
940 1088 997 1139 et
1037 1079 1343 1138 universae
1392 1076 1548 1156 plebi
1587 1077 1839 1137 urbanae
1885 1076 1961 1137 ob
1990 1077 2317 1137 memoriam

325 1163 644 1225 Germanici
704 1163 886 1241 patris
943 1163 1488 1239 miserationemque
1540 1179 1727 1240 prope
1785 1159 2035 1221 afflictae
2095 1160 2311 1221 domus.
2338 1177 2386 1219 ιο

321 1247 520 1325 Itaque
556 1254 615 1305 ut
657 1263 689 1306 a
737 1245 962 1305 Miseno
1004 1246 1182 1304 movit
1221 1246 1480 1323 quamvis
1525 1244 1775 1322 lugentis
1815 1243 2010 1303 habitu
2060 1253 2118 1303 et
2150 1244 2318 1304 funus

322 1330 517 1390 Tiberi
558 1347 955 1408 prosequens,
996 1337 1183 1389 tamen
1229 1329 1380 1388 inter
1417 1328 1619 1388 altaria
1657 1337 1715 1388 et
1748 1328 2009 1387 victimas
2040 1327 2317 1387 ardentis·

322 1432 433 1493 que
475 1412 674 1473 taedas
704 1412 1046 1472 densissimo
1082 1419 1153 1471 et·
1178 1411 1495 1472 laetissimo
1528 1411 1829 1471 obviorum
1858 1413 2088 1488 agmine
2130 1413 2317 1470 inces-

321 1500 416 1575 sit,
441 1515 617 1575 super
645 1496 831 1557 fausta
854 1498 1082 1557 nomina
1110 1495 1266 1555 sidus
1298 1505 1356 1556 et
1379 1494 1594 1573 pullum
1624 1503 1682 1555 et
1711 1512 1924 1573 pupum
1951 1504 2008 1553 et
2037 1494 2318 1555 alumnum

239 1589 306 1645 14
323 1581 762 1661 appellantium
804 1580 1191 1658 ingressoque
1232 1570 1471 1656 urbem,
1526 1580 1711 1639 statim
1760 1595 2049 1637 consensu
2085 1586 2318 1638 senatus
2339 1593 2386 1633 ιε.

321 1673 377 1725 et
401 1665 768 1742 irrumpentis
796 1665 854 1723 in
888 1665 1100 1724 curiam
1128 1662 1364 1740 turbae,
1411 1663 1577 1723 inrita
1615 1660 1828 1721 Tiberii
1862 1661 2176 1739 voluntate,
2222 1662 2320 1740 qui

318 1756 664 1808 testamento
702 1747 939 1807 alterum
970 1755 1242 1826 nepotem
1271 1763 1434 1805 suum
1476 1753 1892 1825 praetextatum
1924 1743 2109 1805 adhuc
2143 1745 2316 1805 cohe-

320 1830 518 1891 redem
562 1833 617 1890 ei
647 1830 920 1909 dederat,
960 1832 1048 1890 ius
1092 1829 1496 1908 arbitriumque
1546 1830 1790 1889 omnium
1831 1846 2021 1889 rerum
2060 1829 2142 1889 illi
2186 1847 2316 1907 per·

319 1915 550 1973 missum
591 1922 711 1992 est,
752 1922 909 1975 tanta
949 1913 1180 1994 publica
1221 1913 1441 1973 laetitia
1476 1922 1536 1972 nt
1576 1912 1757 1972 tribus
1795 1913 2073 1992 proximis
2110 1914 2315 1971 mensi-

318 1998 425 2058 bus
469 2017 538 2059 ac
579 2017 653 2058 ne
693 1999 829 2058 totis
869 1998 1095 2077 quidem
1138 2015 1313 2078 supra
1362 2006 1587 2058 centum
1630 1998 1933 2073 sexaginta
1967 1997 2122 2057 milia
2154 1997 2386 2057 victi-20

318 2100 532 2143 marum
564 2100 738 2142 caesa
773 2082 1083 2142 tradantur.
1469 2081 1482 2093 ‘

446 2163 587 2224 Cum
612 2163 817 2225 deinde
870 2180 1091 2244 paucos
1152 2172 1287 2243 post
1343 2163 1469 2224 dies
1520 2166 1575 2224 in
1629 2164 1923 2243 proximas
1966 2161 2316 2242 Campaniae

318 2248 534 2308 insulas
565 2250 921 2329 traiecisset,
971 2258 1108 2309 vota
1160 2265 1267 2327 pro
1300 2247 1487 2308 reditu
1528 2256 1800 2326 suscepta
1843 2255 2004 2324 sunt,
2048 2265 2122 2307 ne
2153 2246 2316 2305 mini—

317 2350 462 2392 mam
491 2331 720 2409 quidem
766 2334 1138 2393 occasionem
1188 2348 1474 2410 quoquam
1507 2333 1802 2391 omittente
1853 2333 1909 2390 in
1955 2329 2317 2391 testificanda

318 2414 705 2475 sollicitudine
736 2423 795 2474 et
838 2429 976 2477 cura
1011 2416 1081 2476 de
1112 2414 1502 2476 incolumitate
1534 2417 1676 2475 eius.
1732 2414 1810 2475 Ut
1837 2431 1979 2474 vero
2021 2414 2079 2473 in
2110 2412 2315 2474 adver·
2336 2432 2390 2472 2⁸

318 2516 438 2559 sam
472 2496 835 2559 valitudinem
887 2500 1111 2577 incidit,
1165 2497 1639 2577 pernoctantibus
1690 2499 1911 2557 cunctis
1954 2498 2111 2557 circa
2152 2496 2315 2557 Pala·

315 2583 478 2659 tium,
522 2599 638 2642 non
681 2581 982 2642 defuerunt
1028 2584 1122 2663 qui
1167 2582 1598 2660 depugnaturos
1651 2599 1715 2640 se
1760 2581 1932 2641 armis
1968 2597 2077 2659 pro
2128 2580 2318 2640 salute

317 2667 480 2744 aegri
511 2666 723 2746 quique
757 2667 944 2745 capita
985 2684 1088 2726 sua
1126 2664 1291 2725 titulo
1325 2665 1630 2744 proposito
1675 2672 1980 2723 voverent.
2038 2663 2318 2723 Accessit

316 2749 387 2811 ad
437 2750 769 2809 immensum
825 2751 1030 2810 civium
1079 2766 1335 2809 amorem
1393 2747 1662 2808 notabilis
1719 2750 1890 2807 etiam
1942 2755 2318 2807 externorum

315 2834 503 2893 favor.
568 2832 828 2910 Namque
874 2832 1201 2893 Artabanus
1259 2831 1596 2900 Parthorum
1654 2849 1793 2908 rex,
1854 2830 2043 2890 odium
2083 2848 2392 2910 semperse

316 2925 816 2996 contemptumque
846 2916 1042 2977 Tiberi
1073 2933 1212 2994 prae
1249 2934 1315 2975 se
1355 2915 1584 2991 ferens,
1630 2915 1935 2974 amicitiam
1964 2913 2131 2973 huius
2163 2913 2316 2975 ultro

315 3001 480 3079 petiit
521 3001 794 3079 venitque
857 3000 927 3061 ad
982 2999 1333 3078 colloquium
1383 2998 1562 3075 legati
1625 2997 1979 3074 consularis,
2033 3005 2094 3057 et
2131 3006 2317 3057 trans-

313 3100 551 3158 gressus
595 3082 932 3162 Euphraten
983 3083 1203 3165 aquilas
1263 3091 1323 3141 et
1373 3082 1538 3158 signa
1582 3082 1839 3142 Romana
1885 3079 2319 3161 Caesarumque

315 3165 594 3241 imagines
633 3168 908 3229 adoravit.

229 3255 298 3309 15
441 3244 792 3311 Incendebat
837 3260 896 3312 et
945 3253 1075 3332 ipse
1110 3247 1297 3309 studia
1337 3248 1623 3309 bominum
1668 3248 1819 3307 omni
1858 3265 2084 3325 genere
2127 3265 2394 3328 popu-es

313 3328 570 3388 laritatis.
648 3330 882 3397 Tiberio
931 3352 1057 3396 cum
1102 3333 1359 3412 plurimis
1416 3332 1665 3391 lacrimis
1710 3348 1817 3410 pro
1867 3331 2145 3391 contione
2196 3332 2318 3392 lau·

315 3410 448 3471 dato
516 3412 896 3495 funeratoque
961 3416 1341 3496 amplissime,
1428 3415 1731 3475 confestim
1796 3412 2197 3475 Pandateriam
2258 3423 2320 3475 et

314 3491 547 3553 Pontias
576 3493 648 3554 ad
686 3500 1118 3561 transferendos
1149 3500 1347 3560 matris
1394 3497 1704 3577 fratrisque
1738 3497 1963 3558 cineres
1993 3496 2317 3576 festinavit,
