2553 3960
1072 283 1282 333 uano.
2052 275 2176 337 1¹75

184 438 489 518 multiplex
516 444 724 516 penus,
749 445 1009 497 tesserae
1037 436 1461 516 frumentariae,
1495 439 1697 516 vestis,
1730 456 1945 517 aurum,
1969 458 2178 520 argen-

189 533 322 599 tum,
362 538 645 600 gemmae,
682 523 1049 598 margaritae,
1076 520 1306 581 tabulae
1336 523 1549 601 pictae,
1581 525 1886 602 mancipia,
1911 526 2176 603 iumenta,

188 616 359 685 atque
387 608 556 666 etiam
591 613 922 665 mansuetae
952 605 1133 681 ferae,
1170 606 1482 666 novissime
1511 625 1721 683 naveS,
1757 608 1997 685 insulae,
2032 610 2180 686 agri.
2261 631 2368 646 -Μ

185 690 307 752 Hos
338 688 505 749 ludos
537 690 826 767 spectavit
871 706 904 748 e
947 690 1222 767 prosceni
1265 688 1524 768 fastigio.
1610 691 1884 767 Munere,
1925 691 2079 772 quod
2124 692 2265 753 iu12

139 789 167 828 s
189 772 607 851 amphitheatro
640 771 836 849 ligneo
870 773 1112 849 regione
1141 773 1331 834 Martii
1364 775 1549 853 campi
1580 775 1726 834 intra
1758 776 1889 834 anni
1933 776 2180 853 spatium

185 858 467 919 fabricato
495 855 671 930 dedit,
703 857 988 915 neminem
1025 856 1268 933 occidit,
1305 876 1377 917 ne
1423 860 1727 918 noxiorum
1774 858 2033 938 quidem;
2078 877 2178 919 ex·

183 941 363 1003 hibuit
395 950 580 1000 autem
605 938 678 1000 ad
700 939 918 999 ferrum
943 941 1112 1000 etiam
1136 939 1590 1020 quadringentos
1615 951 1918 1003 senatores
1943 960 2176 1003 sescen-

185 1035 391 1103 tosque
422 1024 647 1103 equites
668 1024 981 1101 Romanos,
1009 1034 1067 1084 et
1090 1024 1367 1104 quosdam
1395 1024 1661 1086 fortunae
1692 1034 1862 1106 atque
1892 1026 2178 1087 existima·

186 1110 357 1170 tionis
387 1109 673 1186 integrae,
711 1125 786 1167 ex
825 1106 1006 1167 isdem
1037 1108 1336 1169 ordinibus
1370 1110 1743 1170 confectores
1774 1128 2006 1190 quoque
2028 1109 2177 1170 fera-

117 1209 167 1249 ιο
184 1211 305 1254 rum
337 1201 395 1253 et
424 1192 584 1252 varia
617 1191 869 1251 harenae
900 1193 1243 1263 ministeria3
1276 1193 1536 1253 exhibuit
1567 1202 1625 1254 et
1652 1194 2038 1254 naumachiam
2063 1212 2177 1254 ma·
2254 1228 2318 1239 --

181 1280 301 1338 rina
337 1294 507 1356 aqua,
540 1276 863 1335 innantibus
904 1275 1120 1344 beluis:
1166 1279 1301 1336 item
1347 1277 1647 1355 pyrrichas
1686 1278 1958 1357 quasdam
1999 1296 2032 1338 e
2077 1297 2176 1338 nu-

180 1379 340 1422 mero
379 1359 760 1439 epheborum,
794 1359 998 1439 quibus
1027 1369 1163 1438 post
1197 1360 1404 1421 editam
1436 1379 1674 1441 operam
1706 1362 2016 1441 diplomata
2042 1361 2177 1422 civi-

179 1447 312 1505 tatis
342 1444 640 1505 Romanae
670 1442 913 1520 singulis
944 1443 1169 1521 optulit.
1232 1442 1388 1503 Inter
1418 1444 1813 1522 pyrricharum
1845 1454 2181 1521 argumenta

183 1537 379 1589 taurus
409 1525 751 1606 Pasiphaam
784 1526 983 1604 ligneo
1013 1528 1296 1586 iuvencae
1330 1528 1636 1586 simulacro
1669 1527 1917 1587 abditam
1948 1528 2087 1603 iniit,
2120 1534 2182 1586 ut

111 1620 162 1661 1⁵
179 1612 338 1672 multi
383 1612 767 1690 spectantium
814 1608 1209 1677 crediderunt;
1263 1606 1462 1667 Icarus
1508 1609 1691 1687 primo
1739 1610 1923 1669 statim
1971 1618 2181 1669 conatu

178 1698 336 1755 iuxta
372 1693 698 1753 cubiculum
723 1693 847 1750 eius
872 1690 1085 1751 decidit
1114 1692 1413 1769 ipsumque
1438 1708 1646 1750 cruore
1667 1693 1971 1770 respersit.
2033 1692 2178 1752 Nam

182 1792 426 1857 perraro
470 1773 827 1853 praesidere,
864 1783 1117 1834 ceterum
1153 1773 1463 1851 accubans,
1501 1776 1696 1853 parvis
1740 1776 1982 1854 primum
2025 1776 2178 1837 fora-

179 1859 450 1935 minibus,
484 1857 692 1918 deinde
724 1866 847 1918 toto
881 1857 1059 1937 podio
1092 1857 1371 1936 adaperto
1402 1866 1673 1937 spectare
1706 1867 2033 1919 consuerat.

307 1942 556 2003 Instituit
590 1950 647 2001 et
676 1941 1101 2022 quinquennale
1134 1950 1425 2002 certamen
1450 1941 1665 2022 primus
1689 1943 1936 2003 omnium
1957 1944 2178 2004 Romae

106 2045 160 2087 20
180 2045 348 2088 more
393 2026 619 2088 Graeco
670 2026 915 2105 triplex,
966 2026 1241 2086 musicum
1299 2027 1625 2104 gymnicum
1680 2036 1990 2107 equestre,
2024 2027 2178 2107 quod

178 2111 501 2191 appellavit
538 2108 826 2180 Neronia;
880 2109 1278 2189 dedicatisque
1341 2109 1577 2170 thermis
1629 2120 1801 2191 atque
1855 2113 2174 2189 gymnasio,

179 2195 403 2257 senatui
433 2212 664 2274 quoque
697 2203 756 2254 et
787 2195 964 2274 equiti
994 2192 1184 2254 oleum
1217 2193 1500 2273 praebuit.
1556 2194 1870 2272 Magistros
1895 2202 2018 2257 toto
2050 2213 2175 2255 cer-

179 2279 374 2340 tamini
410 2279 747 2357 praeposuit
777 2277 1116 2338 consulares
1148 2287 1330 2354 sorte,
1364 2277 1506 2338 sede
1543 2287 1894 2357 praetorum.
1949 2277 2175 2339 Deinde

178 2364 239 2421 in
270 2362 628 2422 orchestram
659 2370 1034 2441 senatumque
1059 2361 1379 2440 descendit,
1416 2371 1472 2422 et
1502 2363 1777 2423 orationis
1801 2364 2031 2443 quidem
2053 2381 2174 2423 car-

105 2468 157 2508 25
179 2446 466 2524 minisque
494 2445 676 2505 Latini
708 2463 1003 2523 coronam,
1036 2446 1107 2505 de
1139 2463 1250 2525 qua
1278 2446 1716 2507 honestissimus
1756 2449 1999 2527 quisque
2038 2464 2174 2506 con·
2256 2472 2259 2475 *

178 2528 465 2606 tenderat,
498 2531 753 2606 ipsorum
789 2546 1079 2589 consensu
1115 2546 1454 2590 concessam
1490 2529 1598 2590 sibi
1626 2532 1883 2610 recepit,
1918 2529 2176 2591 citharae

179 2621 370 2673 autem
400 2630 431 2672 a
463 2612 745 2672 iudicibus
779 2613 850 2674 ad
883 2632 947 2673 se
973 2613 1217 2673 delatam
1242 2613 1504 2673 adoravit
1547 2614 1802 2693 ferrique
1834 2613 1903 2674 ad
1926 2613 2176 2691 Augusti

182 2705 427 2755 statuam
456 2698 639 2757 iussit.
730 2696 1030 2773 Gymnico,
1064 2696 1219 2776 quod
1262 2699 1319 2756 in
1352 2698 1547 2776 Septis
1592 2696 1829 2774 edebat,
1876 2699 2024 2757 inter
2072 2696 2173 2756 bu-

180 2779 409 2853 thysiae
452 2789 789 2858 apparatum
833 2780 1070 2841 barbam
1114 2781 1352 2859 primam
1395 2781 1615 2860 posuit,
1674 2781 2074 2858 conditamque
2119 2780 2177 2839 in

103 2886 157 2928 30
179 2879 417 2923 auream
448 2862 716 2940 pyxidem
746 2873 804 2923 et
833 2864 1271 2944 pretiosissimis
1294 2865 1618 2942 margaritis
1642 2863 1973 2927 adornatam
2005 2862 2174 2942 Capi-

176 2946 327 3006 tolio
365 2949 746 3007 consecravit.
834 2947 928 3007 Ad
972 2947 1312 3008 athletarum
1355 2948 1750 3027 spectaculum
1806 2948 2066 3008 invitavit
2118 2955 2178 3006 et

175 3031 440 3108 virgines
464 3031 754 3109 Vestales,
787 3034 919 3110 quia
947 3029 1248 3110 Olympiae
1296 3049 1528 3111 quoque
1572 3031 1809 3093 Cereris
1857 3028 2173 3093 sacerdoti·

175 3114 286 3174 bus
315 3123 588 3194 spectare
621 3115 975 3176 conceditur.

307 3197 440 3258 Non
471 3200 754 3259 immerito
785 3201 933 3258 inter
964 3198 1301 3277 spectacula
1330 3198 1401 3259 ab
1434 3216 1505 3258 eo
1538 3198 1692 3260 edita
1722 3209 1780 3260 et
1809 3198 2075 3260 Tiridatis
2116 3198 2176 3257 in
2194 3195 2262 3250 13

104 3304 157 3345 ss
176 3281 381 3342 urbem
411 3284 700 3342 introitum
727 3282 1039 3343 retulerim.
1130 3282 1313 3357 Quem
1343 3281 1651 3354 Armeniae
1682 3301 1907 3361 regem,
1952 3281 2177 3359 magnis

177 3366 700 3444 pollicitationibus
733 3366 1116 3443 sollicitatum,
1151 3384 1279 3426 cum
1309 3365 1594 3427 destinato
1645 3385 1752 3446 per
1791 3367 2035 3427 edictum
2083 3365 2177 3424 die

177 3457 518 3510 ostensurus
546 3450 768 3529 populo
817 3459 1060 3529 propter
1090 3449 1343 3510 nubilum
1376 3449 1712 3527 distulisset,
1748 3450 2019 3530 produxit
2060 3462 2175 3526 quo

177 3535 674 3613 opportunissime
712 3533 917 3613 potuit,
969 3533 1266 3613 dispositis
1311 3534 1467 3593 circa
1512 3535 1627 3594 fori
1678 3533 1893 3612 templa
1943 3528 2173 3591 armatis
2251 3553 2266 3565 ·
