2553 3960
327 187 412 250 50
504 200 564 248 0.
598 198 896 248 sunrom
927 198 1181 259 TRANQ.
1214 198 1313 247 m:
1340 199 1508 247 vrrA
1541 197 1910 247 CAESARUM
1940 199 2079 246 ΜΒ.
2107 198 2182 247 11.

325 354 513 435 tiplici
544 354 812 433 flagravit
851 354 1083 417 invidia.
1167 353 1313 416 Nam
1360 364 1418 415 et
1445 356 1729 416 Pinarium
1774 354 2029 432 equitem
2060 352 2134 415 R.
2188 373 2340 433 cum,

329 440 701 501 contionante
726 458 792 499 se
817 439 1066 500 admissa
1089 438 1254 506 turba
1282 457 1659 519 paganorum,
1685 438 1837 518 apud
1858 438 2066 498 milites
2085 438 2340 500 subscri·

325 523 469 585 bere
502 523 783 603 quaedam
813 524 1347 599 animadvertisset,
1380 525 1667 585 curiosum
1691 542 1761 584 ac
1790 522 2219 602 speculatorem
2249 541 2338 584 ra-

324 618 450 688 tus,
500 624 697 668 coram
742 608 977 669 confodi
1014 609 1348 686 imperavit;
1400 617 1459 668 et
1504 608 1742 668 Tedium
1785 607 1988 667 Afrum
2040 607 2339 669 consulem

323 692 721 770 designatum,
779 694 910 771 quia
952 692 1166 753 factum
1211 692 1497 770 quoddam
1548 711 1710 753 suum
1760 692 2014 769 maligno
2063 710 2332 753 sermone
2382 712 2407 751 ε

326 778 678 855 carpsisset,
714 777 887 837 tantis
919 779 1237 838 conterruit
1265 778 1456 855 minis,
1487 786 1548 837 ut
1576 779 1626 836 is
1652 795 1717 838 se
1743 778 2247 856 praecipitaverit3
2280 783 2339 835 et

324 861 592 937 Quintum
636 859 878 922 Gallium
928 870 1294 941 praetorem,
1343 862 1399 921 in
1444 862 1641 922 officio
1687 861 2044 921 salutationis
2088 859 2336 921 tabellas

323 945 589 1025 duplices
620 953 787 1004 veste
818 954 1006 1006 tectas
1036 954 1362 1023 tenentem,
1396 947 1723 1025 suspicatus
1753 944 2007 1022 gladium
2039 943 2332 1021 occulere,

319 1048 432 1089 nec
465 1029 771 1108 quidquam
804 1030 1022 1107 statim,
1065 1048 1140 1090 ne
1191 1029 1344 1090 aliud
1375 1031 1762 1107 inveniretur,
1806 1047 1979 1089 ausus
2018 1030 2333 1107 inquirere,

321 1113 495 1193 paulo
529 1121 665 1192 post
693 1130 800 1192 per
831 1115 1199 1174 centuriones
1233 1124 1291 1174 et
1322 1114 1535 1175 milites
1564 1123 1789 1193 raptum
1822 1132 1857 1174 e
1887 1113 2172 1192 tribunali,
2208 1130 2333 1172 ser·
2356 1137 2407 1181 ιο

320 1196 494 1257 vilem
526 1198 582 1256 in
623 1196 852 1257 modum
892 1198 1063 1257 torsit
1108 1216 1179 1257 ac
1208 1198 1485 1258 fatentem
1531 1198 1669 1258 nihil
1714 1198 1880 1258 iussit
1911 1198 2127 1276 occidi,
2175 1198 2335 1276 prius

321 1280 508 1342 oculis
538 1281 663 1340 eius
702 1299 803 1341 sna
832 1299 1001 1342 manu
1034 1281 1300 1353 effossis;
1349 1301 1520 1362 quem
1559 1292 1751 1342 tamen
1781 1281 1983 1343 scribit
2015 1282 2332 1360 conloquio

318 1365 499 1445 petito
546 1363 873 1425 insidiatum
915 1364 1026 1425 sibi
1071 1368 1514 1446 coniectumque
1555 1385 1587 1428 a
1631 1383 1697 1426 se
1741 1368 1797 1426 in
1836 1365 2190 1443 custodiam,
2234 1365 2332 1425 de-

315 1449 450 1509 inde
490 1448 635 1510 urbe
675 1448 979 1510 interdicta
1032 1449 1356 1528 dimissum,
1402 1452 1706 1528 naufragio
1752 1450 1849 1510 vel
1885 1450 2171 1510 latronum
2197 1451 2333 1509 insi-

318 1533 427 1594 diis
462 1533 713 1612 perisse.
791 1533 1180 1597 Tribuniciam
1220 1544 1571 1614 potestatem
1603 1543 1946 1614 perpetuam
1979 1536 2241 1613 recepit,
2274 1535 2332 1593 in
2352 1559 2408 1601 ιε

319 1636 428 1697 qua
465 1616 646 1677 semel
677 1626 852 1696 atque
882 1619 1088 1679 iterum
1135 1637 1241 1697 per
1278 1620 1507 1697 singula
1552 1619 1731 1680 lustra
1769 1618 2063 1695 collegam
2093 1618 2204 1677 sibi
2235 1635 2333 1678 co·

319 1702 560 1781 optavit.
626 1703 881 1781 Recepit
912 1711 971 1763 et
1000 1720 1221 1763 morum
1252 1702 1567 1782 legumque
1595 1704 1860 1781 regimen
1898 1720 2085 1782 aeque
2119 1719 2331 1781 perpe-

314 1794 500 1862 tuum,
548 1803 744 1932 quoull
710 1785 868 1866 iure,
923 1804 1267 1889 quamquam
1313 1789 1439 1849 sine
1472 1806 1751 1849 censurae
1786 1787 2051 1864 honore,
2099 1803 2334 1846 censum

314 1879 506 1930 tamen
539 1869 744 1953 popuh
729 1871 863 1934 ter
893 1873 1047 1952 egit:
1092 1876 1334 1953 primum
1366 1892 1436 1934 ac
1476 1874 1704 1934 tertium
1738 1890 1865 1932 cum
1898 1870 2166 1949 collega,
2213 1888 2331 1929 me-

316 1953 465 2019 dium
498 1958 680 2019 solus.
1397 1992 1403 1996 -
2345 1975 2403 2018 ιο

232 2053 303 2108 28
459 2043 549 2103 De
583 2042 879 2104 reddenda
910 2061 977 2102 re
1003 2061 1060 2122 p.
1092 2042 1184 2103 bis
1210 2045 1520 2122 cogitavit:
1554 2044 1794 2122 primum
1821 2051 1957 2121 post
1982 2058 2332 2121 oppressum

331 2128 520 2188 statim
550 2126 893 2204 Antonium,
924 2145 1146 2189 memor
1178 2128 1467 2189 obiectum
1499 2128 1610 2188 sibi
1642 2127 1714 2189 ab
1746 2145 1817 2187 eo
1851 2127 2119 2206 saepius,
2166 2126 2332 2205 quasi

316 2229 424 2291 per
454 2213 642 2289 ipsum
678 2219 859 2272 staret
902 2230 976 2271 ne
1021 2213 1393 2285 redderetur;
1437 2231 1510 2274 ac
1553 2230 1753 2272 rursus
1795 2211 1988 2271 taedio
2034 2210 2331 2270 diuturnae

313 2295 676 2372 valitudinis,
723 2313 849 2355 cum
894 2297 1064 2356 etiam
1093 2297 1526 2373 magistratibus
1568 2314 1639 2357 ac
1681 2303 1883 2356 senatu
1916 2294 2144 2354 domum
2175 2295 2329 2354 acci-

314 2381 388 2439 tis
418 2380 790 2440 rationarium
819 2381 1044 2458 imperii
1075 2381 1323 2441 tradidit.
1380 2381 1497 2442 Sed
1525 2389 1833 2459 reputans,
1867 2388 1926 2439 et
1955 2398 2022 2439 se
2048 2380 2329 2458 privatum
2346 2400 2408 2442 2⁵

312 2480 432 2524 non
468 2464 591 2523 sine
623 2463 889 2542 periculo
920 2463 1052 2524 fore
1085 2474 1142 2524 et
1175 2464 1333 2525 illam
1365 2466 1611 2544 plurium
1641 2463 1881 2524 arbitrio
1913 2472 2136 2523 temere
2172 2480 2327 2523 com-

311 2548 489 2625 mitti,
523 2548 581 2607 in
617 2547 917 2608 retinenda
949 2551 1382 2627 perseveravit,
1415 2549 1679 2625 dubium,
1725 2557 1936 2608 eventu
1978 2547 2223 2607 meliore
2257 2565 2330 2608 an

312 2632 632 2693 voluntate.
698 2633 880 2707 Quam
910 2632 1292 2712 voluntatem,
1338 2652 1464 2693 cum
1496 2651 1637 2713 prae
1681 2651 1746 2693 se
1782 2631 2090 2692 identidem
2123 2630 2327 2709 ferret,

315 2716 563 2796 quodam
597 2717 767 2777 etiam
793 2717 985 2778 edicto
1014 2716 1103 2777 his
1135 2716 1333 2778 verbis
1357 2727 1601 2779 testatus
1633 2727 1758 2778 est.
1790 2714 1895 2777 Ila
1914 2715 2065 2776 mihi
2082 2715 2330 2776 salvam

314 2818 394 2862 ac
438 2803 732 2880 sospitem
765 2820 895 2862 rem
922 2820 989 2880 p.
1029 2802 1250 2862 sistere
1290 2801 1355 2863 in
1391 2819 1514 2863 saa
1542 2801 1691 2863 sede
1723 2801 1938 2876 liceat,
1973 2808 2158 2880 atque
2195 2800 2330 2860 eius
2345 2824 2403 2866 3ο

309 2887 406 2946 rei
427 2883 701 2964 fructum
724 2884 1086 2985 percipere,
1121 2904 1297 2966 quem
1319 2893 1498 2965 peto,
1531 2893 1601 2947 ut
1630 2885 1843 2965 optimi
1872 2891 2076 2946 statas
2109 2891 2330 2945 auctor

312 2969 525 3050 dicar,
560 2978 620 3032 et
643 2971 914 3032 moriens
943 2978 1012 3032 at
1034 2969 1240 3048 feram
1267 2989 1503 3034 mecum
1532 2988 1735 3050 spem,
1782 2987 2087 3030 mansura
2127 2970 2193 3029 in
2222 2986 2325 3028 ve·

308 3054 492 3133 stiyio
532 3073 647 3116 suo
689 3054 1101 3133 fundamenta
1142 3056 1240 3116 rei
1268 3075 1336 3135 p.
1384 3074 1546 3135 quae
1587 3056 1811 3117 iecora.
1881 3053 2164 3133 Fecitque
2194 3053 2328 3132 ipse

311 3154 377 3196 se
409 3147 739 3236 compotem
786 3141 941 3219 voti,
983 3140 1141 3200 nisus
1187 3142 1340 3201 omni
1367 3140 1578 3218 modo,
1621 3159 1696 3200 ne
1740 3156 1910 3217 quem
1957 3140 2094 3200 novi
2127 3147 2328 3198 status

311 3222 656 3299 paeniteret.
2343 3243 2397 3286 ³⁶

439 3304 657 3364 Urbem
673 3298 926 3385 ‚neque
945 3325 1052 3387 pro
1086 3310 1387 3370 maiestate
1430 3309 1659 3390 imperii
1703 3319 1962 3370 ornatam
1996 3317 2054 3368 et
2090 3306 2324 3366 inunda-

309 3385 566 3446 tionibus
611 3389 1011 3469 incendiisque
1052 3393 1395 3473 ohnoxiam,
1442 3394 1703 3455 excoluit
1744 3395 1925 3471 adeo,
1970 3402 2031 3454 ut
2076 3393 2198 3451 iure
2248 3392 2326 3451 sit

309 3468 624 3549 gloriatus,
655 3488 1072 3538 marmoream
1110 3495 1181 3539 se
1205 3478 1586 3560 relinquere,
1621 3496 1807 3560 quam
1837 3475 2185 3540 latericiam
2215 3493 2322 3536 ac-
