2553 3960
323 195 447 256 222
504 208 565 257 c,
596 209 898 257 snn'rom
936 209 1194 269 TRANQ.
1229 211 1323 256 DE
1356 208 1522 256 vrrA
1554 208 1934 274 cAESARtJM,
1954 209 2094 256 121ss.
2121 209 2243 256 vn.

327 373 502 424 nocte
544 364 920 442 interposita,
981 365 1169 443 primo
1214 363 1470 424 diluculo
1523 363 1847 423 sordidatus
1900 361 2204 422 descendit
2259 362 2335 424 ad

329 457 520 508 rostra
551 447 866 526 multisque
898 467 1025 507 cum
1055 448 1313 508 lacrimis
1356 448 1559 508 eadem
1595 448 1724 525 illa,
1766 464 1968 507 verum
2016 465 2049 505 e
2104 446 2330 525 libello,

323 541 570 594 testatus
604 541 712 591 est.
778 533 1003 593 Rursus
1031 532 1443 610 interpellante
1475 531 1656 592 milite
1686 549 1757 591 ac
1792 531 2019 610 populo
2046 538 2106 591 et
2127 548 2202 589 ne
2229 531 2329 591 de-

326 618 531 678 ficeret
563 615 828 677 hortante
863 623 1208 695 omnemque
1238 634 1480 696 operam
1506 633 1668 675 suam
1694 616 1954 675 certatim
1980 614 2325 694 pollicente,

327 703 574 761 animum
616 701 929 778 resumpsit
968 699 1359 780 Sabinumque
1408 710 1465 760 et
1508 701 1772 779 reliquos
1821 698 2136 759 Flavianos
2188 698 2373 758 nihils

327 788 439 846 iam
468 787 773 844 metuentis
801 784 860 843 vi
892 783 1080 844 subita
1109 785 1167 843 in
1202 782 1550 864 Capitolium
1585 782 1886 862 compulit,
1920 799 2328 861 succensoque

326 870 548 948 templo
583 868 746 928 Iovis
776 867 990 946 Optimi
1021 868 1256 929 Maximi
1289 870 1608 948 oppressit.
1676 867 1819 929 Cum
1861 876 1921 926 et
1951 867 2238 946 proelium
2270 874 2329 926 et

323 953 647 1014 incendium
680 971 713 1012 e
745 951 1054 1014 Tiberiana
1085 953 1460 1032 prospiceret
1500 951 1671 1014 domo
1716 953 1865 1012 inter
1911 951 2152 1030 epulas,
2210 967 2326 1009 non

322 1039 501 1099 multo
535 1047 672 1115 post
706 1037 1014 1115 paenitens
1048 1036 1187 1097 iacti
1222 1047 1281 1096 et
1309 1038 1365 1096 in
1397 1037 1547 1097 alios
1578 1036 1809 1116 culpam
1842 1035 2193 1112 conferens,
2226 1051 2325 1093 vo-

324 1132 448 1183 cata
485 1120 758 1182 contione
788 1120 997 1180 iuravit
1031 1123 1345 1199 coegitque
1375 1124 1566 1180 iurare
1616 1130 1676 1180 et
1723 1128 1992 1197 ceteroS,
2033 1119 2172 1178 nihil
2217 1116 2327 1177 sibi
2346 1131 2394 1173 ιο

323 1206 610 1283 antiquius
642 1206 837 1284 quiete
868 1203 1102 1283 publica
1130 1204 1281 1266 fore.
1347 1205 1508 1265 Tunc
1542 1205 1792 1265 solutum
1824 1222 1858 1264 a
1885 1204 2069 1264 latere
2117 1205 2324 1281 pugio-

323 1306 454 1349 nem
484 1288 712 1348 consuli
742 1289 1003 1366 primum,
1042 1288 1253 1349 deinde
1284 1288 1387 1349 illo
1417 1299 1730 1350 recusante
1772 1286 2211 1366 magistratibus
2256 1304 2329 1346 ac

321 1392 459 1436 mox
491 1372 858 1433 senatoribus
888 1372 1135 1449 singulis
1162 1375 1518 1453 porrigens,
1562 1373 1724 1434 nullo
1755 1373 2117 1451 recipiente,
2163 1371 2329 1449 qnasi

323 1457 556 1518 in-aede
588 1455 954 1518 Concordiae
988 1458 1289 1535 positurus
1318 1457 1625 1518 abscessit.
1692 1456 1811 1517 Sed
1854 1455 2200 1535 quibusdam
2228 1454 2325 1515 ad-

327 1540 724 1619 clamantibus,
754 1541 959 1619 ipsum
986 1558 1125 1602 esse
1153 1540 1593 1617 Concordiam,
1625 1541 1796 1601 rediit
1824 1559 1936 1600 nec
1965 1540 2153 1599 solum
2188 1539 2317 1598 reti·
2347 1561 2397 1601 ω

322 1645 464 1687 nere
498 1642 565 1684 se
596 1625 813 1685 ferrum
835 1625 1166 1701 affirmavit,
1196 1644 1399 1686 verum
1430 1629 1604 1686 etiam
1635 1623 2005 1686 Concordiae
2052 1623 2325 1701 recipere

249 1726 308 1780 [6
325 1727 683 1788 cognomen;
716 1711 1014 1789 suasitque
1050 1713 1308 1787 senatui,
1340 1719 1400 1769 ut
1428 1710 1664 1787 legatos
1696 1728 1826 1770 cum
1857 1707 2177 1786 virginibus
2208 1707 2324 1767 Ve-

324 1793 565 1855 stalibus
597 1793 909 1870 mitterent,
943 1812 1149 1873 pacem
1180 1804 1278 1855 aut
1314 1802 1477 1855 certe
1507 1803 1736 1873 tempus
1766 1792 1839 1854 ad
1887 1790 2326 1852 consultandum

323 1878 630 1958 petituros.
921 1946 926 1951 .

449 1961 736 2023 Postridie
767 1978 1054 2041 responsa
1086 1961 1420 2042 opperienti
1452 1963 1762 2023 nuntiatum
1794 1970 1885 2023 est
1916 1979 2022 2040 per
2052 1958 2324 2039 explora·
2346 1982 2399 2023 ιο

249 2074 254 2078 ·
323 2057 533 2123 torem,
564 2046 769 2106 hostes
797 2049 1299 2126 appropinquare.
1365 2044 1651 2107 Continuo
1683 2049 1858 2126 igitur
1888 2046 2191 2107 abstrusus
2217 2063 2325 2123 ge-

325 2131 563 2191 statoria
599 2129 768 2207 sella,
803 2130 1027 2191 duobus
1063 2130 1207 2192 solis
1239 2131 1566 2208 comitibus,
1589 2132 1813 2210 pistore
1839 2141 1898 2191 et
1922 2147 2095 2206 coco,
2124 2128 2323 2189 Aven-

323 2218 498 2275 tinum
538 2221 596 2273 et
622 2221 922 2293 paternam
953 2215 1180 2276 domum
1212 2215 1361 2275 clam
1388 2217 1567 2294 petit,
1598 2224 1660 2276 ut
1691 2215 1823 2275 inde
1857 2217 1913 2275 in
1947 2211 2325 2292 Campaniam

322 2300 587 2377 fugeret:
617 2316 755 2359 mox
786 2298 902 2359 levi
933 2317 1167 2361 rumore
1198 2307 1257 2359 et
1284 2302 1528 2377 incerto,
1560 2310 1847 2379 tamquam
1874 2316 1991 2378 pax
2014 2299 2325 2376 impetrata

325 2392 513 2460 esset,
548 2383 759 2465 referri
792 2402 859 2444 se
894 2384 952 2443 in
985 2385 1260 2445 Palatium
1310 2402 1517 2464 passus
1566 2392 1672 2444 est.
1765 2383 1879 2445 Ubi
1920 2400 2047 2442 cum
2089 2381 2325 2442 deserta
2344 2410 2400 2450 ῃ,

326 2468 515 2529 omnia
545 2468 893 2547 reperisset,
917 2467 1304 2530 dilabentibus
1335 2470 1510 2547 etqui
1541 2466 1707 2528 simul
1735 2475 1919 2544 erant,
1957 2484 2105 2527 zona
2131 2484 2198 2525 se
2224 2483 2324 2525 au-

324 2570 558 2613 reorum
591 2552 763 2632 plena
795 2553 1174 2614 circumdedit
1204 2553 1588 2631 confugitque
1619 2552 1675 2611 in
1722 2551 1991 2612 cellulam
2035 2550 2325 2627 ianitoris,

323 2638 576 2714 religato
609 2655 718 2716 pro
750 2637 975 2698 foribus
1003 2655 1147 2697 cane
1179 2637 1463 2715 lectoque
1494 2646 1552 2696 et
1585 2636 1795 2697 culcita
1824 2635 2094 2697 obiectis.

244 2731 307 2790 17
449 2721 788 2800 Irruperant
836 2721 947 2781 iam
992 2721 1240 2799 agminis
1283 2730 1699 2783 antecessores
1739 2739 1808 2782 ac
1854 2720 2082 2781 nemine
2144 2717 2324 2779 obvio

324 2804 695 2882 rimabantur,
733 2813 795 2864 ut
825 2806 906 2882 lit,
936 2804 1185 2882 singula.
1275 2805 1370 2866 Ab
1404 2805 1496 2866 his
1527 2814 1826 2866 extractus
1860 2824 1895 2865 e
1927 2803 2174 2880 latebra,
2213 2803 2399 2866 sci-so

324 2890 625 2966 scitantes,
661 2889 791 2967 quis
822 2896 983 2949 esset
1015 2890 1180 2969 (nam
1208 2889 1620 2968 ignorabatur)
1652 2899 1711 2949 et
1739 2889 1836 2949 ubi
1866 2907 2002 2950 esse
2026 2887 2328 2950 Vitellium

324 2976 520 3051 sciret,
552 2972 859 3033 mendacio
892 2973 1091 3044 elusit;
1126 2974 1336 3035 deinde
1367 2976 1627 3053 agnitus,
1661 2991 1879 3052 rogare
1926 2991 2044 3033 non
2089 2970 2328 3049 destitit,

325 3058 492 3137 quasi
522 3057 806 3137 quaedam
843 3057 916 3118 de
952 3058 1137 3119 salute
1168 3059 1518 3138 Vespasiani
1552 3058 1844 3135 dicturus,
1899 3068 1955 3118 ut
2005 3055 2328 3117 custodire-

324 3150 416 3200 tur
444 3142 673 3202 interim
708 3142 805 3203 vel
836 3144 894 3204 in
928 3161 1192 3221 carcere,
1223 3143 1416 3204 donec
1448 3144 1712 3220 religatis
1755 3150 2108 3221 post,terga
2150 3138 2324 3199 mani-

322 3224 454 3301 bus,
487 3225 704 3288 iniecto
742 3227 1075 3289 cervicibus
1109 3226 1356 3306 laqueo,
1401 3237 1568 3288 veste
1611 3226 1857 3287 discissa
1898 3223 2227 3288 seminudus
2267 3222 2400 3291 ines

321 3309 512 3369 forum
543 3318 766 3371 tractus
797 3321 888 3372 est
931 3313 1081 3372 inter
1115 3329 1322 3390 magna
1365 3329 1557 3372 rernm
1603 3309 2037 3390 ‚verborumque
2081 3307 2329 3368 ludibria

324 3410 434 3469 per
461 3399 645 3451 totum
690 3395 820 3454 viae
851 3397 1070 3457 Sacrae
1125 3398 1406 3476 spatium,
1454 3395 1695 3456 reducto
1738 3412 1904 3456 coma
1952 3394 2172 3474 capite,
2217 3409 2330 3453 ceu

326 3474 484 3532 noxii
512 3474 727 3551 solent,
762 3486 937 3557 atque
966 3481 1140 3541 etiam
1169 3490 1364 3541 mento
1398 3497 1675 3541 mucrone
1703 3479 1889 3557 gladii
1919 3478 2235 3555 subrecto,
2266 3485 2329 3537 ut
