2553 3960
527 245 693 294 XCVI
1204 242 1622 291 PRAEFATIO.

532 405 703 462 baec:
742 404 1082 476 Explicit
1123 402 1647 475 praescriptae
1690 401 2069 458 verborum
2102 403 2352 461 diffe-

533 488 813 544 rentiae
876 504 960 542 ex
1018 486 1212 542 libro
1274 485 1611 542 Suetonii
1668 486 2177 556 Tranquillini
2226 490 2348 560 qui

531 570 967 629 inscribitur
999 570 1293 627 Pratum.
1359 570 1491 625 Inde
1515 584 1626 640 ego
1648 571 1925 640 integrum
1954 569 2169 626 titulum
2194 588 2348 628 com-

530 656 695 728 posui
733 673 789 728 p.
821 660 944 724 306,
982 661 1067 714 35·

656 738 748 794 Ad
807 738 1202 794 emendandum
1258 738 1509 793 libellum
1565 738 1922 791 vehementer
1983 738 2344 809 depravatum

500 824 885 880 contulerunt
931 822 1179 877 nonnihil
1225 822 1369 877 duae
1400 819 1836 876 differentiarum
1881 820 2220 893 scriptiones
2265 824 2347 879 si-

529 907 825 976 millimae,
862 921 1004 977 quae
1044 906 1241 961 eodem
1282 905 1477 960 codice
1519 903 2010 975 montepessulano
2053 905 2346 962 continen-

531 997 640 1046 tur.
732 990 923 1046 Altera
976 989 1258 1062 superiori
1309 988 1563 1059 proxime
1605 988 1952 1060 praecedens
1995 987 2073 1044 ita
2115 988 2342 1062 incipit:

530 1074 717 1129 ‘luter
749 1072 1016 1129 auxilium
1045 1079 1101 1127 et
1144 1072 1485 1145 praesidium
1523 1078 1580 1127 et
1618 1070 1961 1127 subsidium'
1995 1070 2071 1128 ita
2103 1072 2343 1129 desinit:

529 1157 717 1212 ‘Inter
743 1157 980 1212 ultorem
1017 1162 1073 1211 et
1097 1156 1374 1213 vindicem
1403 1157 1512 1211 hoc
1544 1155 1807 1223 interest,
1840 1156 1990 1226 quod
2018 1155 2346 1213 ulciscimur

527 1256 634 1297 nos
666 1246 895 1312 accepta
930 1239 1165 1308 iniuria,
1207 1239 1552 1295 vindicamus
1585 1254 1655 1293 ne
1686 1238 2019 1310 accipiamus
2032 1238 2073 1292 ’.
2164 1239 2343 1297 Maio·

528 1340 649 1380 rem
680 1324 803 1379 eius
848 1322 1174 1395 scriptionis
1205 1328 1419 1395 partem
1460 1322 1638 1380 edidit
1672 1339 1722 1379 a.
1761 1328 1892 1381 1605
1922 1321 2075 1378 Elias
2104 1322 2341 1379 Putsche

527 1408 585 1463 in
633 1406 1012 1463 Grammaticis
1072 1407 1189 1463 suis
1242 1424 1297 1479 p.
1339 1412 1479 1466 2203
1517 1423 1639 1477 sqq.
1729 1405 2065 1462 Postremum
2127 1414 2342 1479 partem

529 1492 816 1565 supplevit
874 1507 946 1545 ex
999 1490 1125 1561 ipso
1183 1490 1384 1546 codice
1427 1490 1612 1545 editor
1656 1490 1899 1560 catalogi
1962 1506 2130 1562 supra
2185 1491 2339 1547 citati

532 1593 586 1648 p.
612 1581 717 1633 412
750 1592 836 1646 sq.
873 1580 930 1629 et
961 1591 1032 1630 ex
1063 1571 1389 1648 apographo
1412 1572 1760 1629 Dorvilliano
1785 1573 2163 1629 Fordinandus
2183 1573 2338 1630 Hand

527 1659 583 1714 in
615 1664 1026 1731 programmate
1059 1658 1281 1728 lenensi
1314 1675 1362 1713 a.
1400 1663 1550 1717 1848.
1622 1656 1871 1711 Alteram
1900 1656 2337 1713 differentiarum

527 1744 815 1813 syllogen‚
841 1759 983 1814 quae
1012 1743 1089 1797 ita
1120 1742 1347 1814 incipit:
1379 1742 1398 1772 ³
1418 1742 1569 1796 Inter
1597 1738 1857 1813 polliceri
1888 1745 1944 1798 et
1974 1740 2334 1815 promittere’

527 1833 586 1882 et
617 1826 825 1881 Isidori
857 1825 1208 1897 Hispalensis
1240 1841 1367 1881 esse
1399 1825 1608 1895 fertur,
1653 1825 1816 1898 primi
1854 1826 2147 1882 ediderunt
2176 1827 2340 1882 laco-

525 1909 632 1965 bus
662 1910 731 1964 du
763 1910 928 1964 Breul
960 1924 1082 1963 cum
1110 1909 1332 1965 Isidoro
1360 1908 1534 1965 Paris.
1569 1912 1702 1968 1601
1734 1909 2106 1979 etDionysius
2129 1910 2335 1966 Gotho-

528 1993 723 2050 l'redus
757 1993 811 2047 in
862 1992 1241 2049 Grammaticis
1285 1993 1401 2049 suis
1455 2011 1504 2050 a.
1543 1999 1714 2063 1602,
1762 1993 1923 2065 isque
1954 1994 2338 2065 Bongarsianc

527 2077 725 2132 codice
769 2092 921 2132 usus.
1010 2076 1144 2132 Eius
1187 2077 1367 2133 libelli
1407 2093 1516 2147 ego
1564 2093 1784 2148 quoque
1824 2077 2083 2134 maiorem
2125 2085 2336 2149 partem

525 2159 716 2231 reperi
774 2159 830 2214 in
874 2159 1071 2215 codice
1120 2160 1414 2216 Basiliensi
1463 2162 1502 2217 F
1538 2161 1734 2219 11115·
1767 2161 1929 2217 Saec.
1966 2161 2111 2217 Vlll.
2190 2160 2332 2218 Non-

526 2244 674 2299 nulla
707 2241 986 2300 Arevalus
1015 2244 1267 2299 contulit.

649 2327 761 2381 lam
793 2327 841 2382 si
875 2325 1000 2398 quis
1028 2327 1097 2382 de
1134 2328 1466 2384 auctoritate
1508 2327 1673 2384 huius
1706 2327 1886 2384 libelli
1921 2335 2182 2399 quaerat,
2231 2329 2341 2385 hoc

523 2409 758 2481 primum
786 2425 1008 2480 mone0,
1047 2411 1225 2482 qualis
1263 2419 1350 2468 est
1373 2412 1547 2470 talem
1581 2427 1762 2483 neque
1792 2428 1823 2467 a
1854 2411 2123 2476 Suetonio
2157 2428 2339 2485 neque

526 2495 595 2549 ab
628 2493 743 2548 ullo
791 2499 985 2549 vetere
1036 2495 1316 2569 scriptore
1360 2494 1723 2567 compositum
1771 2511 1898 2551 esse
1946 2511 2146 2567 posse:
2188 2502 2339 2552 tanta

528 2583 616 2633 est
661 2594 847 2633 rerum
890 2579 1328 2650 pei-scriptarum
1358 2578 1676 2634 commixtio
1710 2595 1776 2634 ac
1804 2578 2170 2651 perturbatio.
2245 2579 2340 2634 Ti-

525 2662 672 2717 tulus
700 2659 1047 2717 differentias
1066 2661 1287 2732 quidem
1321 2678 1631 2718 sermonum
1664 2661 1965 2734 pollicetur
1996 2667 2053 2717 et
2084 2668 2172 2718 est
2201 2678 2339 2718 sane

525 2744 701 2801 maior
736 2762 868 2817 pars
917 2744 1038 2800 eius
1071 2746 1414 2816 argumenti,
1457 2746 1560 2801 sed
1601 2745 2027 2819 interponuntur
2066 2747 2340 2817 permulta

525 2829 688 2901 plane
737 2830 945 2884 diversi
993 2829 1255 2899 generis,
1318 2830 1387 2885 de
1440 2828 1907 2885 declinationibus
1953 2829 2231 2884 nominum
2285 2836 2341 2883 et

526 2913 827 2968 verborum
854 2912 945 2968 vel
979 2913 1048 2967 ad
1079 2927 1418 2967 communem
1450 2911 1714 2983 loquendi
1746 2927 1902 2967 usum
1937 2913 2029 2968 vel
2062 2913 2131 2969 ad
2160 2912 2338 2983 magi-

523 3001 762 3051 strorum
794 3001 1095 3068 praecepta
1135 2994 1466 3066 dirigendis,
1500 2997 1569 3051 de
1607 2996 1909 3066 generibus
1939 2995 2236 3064 nominum,
2269 2997 2339 3051 de

524 3078 838 3149 originibus
866 3078 1285 3152 Vocabulorum,
1316 3080 1385 3134 de
1408 3085 1562 3134 recte
1591 3077 1973 3148 intelligendis
1997 3079 2187 3136 verbis
2213 3079 2339 3150 qui-

524 3162 757 3218 busdam
799 3162 1145 3230 rarioribuS‚
1193 3178 1370 3233 eaque
1404 3169 1512 3218 tam
1542 3162 1778 3219 disiecta
1814 3168 1870 3218 et
1902 3163 2061 3234 quasi
2103 3163 2337 3217 fortuito

524 3244 731 3317 passim
762 3261 977 3316 sparsa,
1012 3251 1121 3299 tum
1153 3245 1392 3316 repetita
1421 3262 1642 3318 quoque
1672 3245 1761 3302 bis
1789 3252 1945 3303 terve
1976 3253 2138 3318 atque
2171 3245 2335 3300 etiam

524 3329 892 3398 repugnantia
921 3328 1067 3383 inter
1100 3345 1183 3399 se,
1219 3336 1278 3383 ut
1313 3337 1521 3386 certum
1546 3329 1817 3401 quoddam
1840 3329 2123 3387 scribendi
2155 3345 2336 3400 genus

528 3416 848 3482 certumque
899 3412 1193 3483 scriptoris
1244 3414 1536 3469 consilinm
1572 3427 1680 3467 non
1718 3429 1995 3484 agnoscas
2021 3456 2037 3484 ,
2090 3414 2191 3469 sed
2234 3413 2335 3467 ad-

532 3492 780 3549 versaria
834 3495 1100 3565 quaedam
1152 3497 1495 3569 perlustrare
1547 3495 1649 3552 tibi
1681 3497 1911 3553 videare
1957 3498 2231 3570 privatum
2279 3495 2333 3550 in
