2553 3960
256 220 338 280 56
427 231 488 279 ο.
520 231 821 280 επΤοΝῙ
860 232 1117 291 TRANQ.
1150 234 1245 280 DE
1276 233 1444 280 vrrA
1475 232 1844 282 GAEsARtm
1872 234 2011 282 Lus.
2041 234 2118 282 11.

257 386 398 446 ditio
445 403 642 447 coram
691 385 1089 465 pugillarium,
1140 404 1288 465 quos
1329 389 1485 449 taciti
1525 396 1586 448 et
1625 386 1837 447 ibidem
1879 390 2066 449 statim
2101 389 2264 467 lege·

255 479 415 539 rent;
470 472 803 549 notavitque
860 470 1117 549 aliquos,
1168 470 1324 550 quod
1372 473 1648 551 pecunias
1700 471 2019 532 levioribus
2077 474 2266 533 usuris

124 577 125 580 ¹
167 556 492 615 {omutuati
533 556 811 633 graviore
852 554 1103 615 foenore
1133 555 1550 616 collocassent.
1630 554 1723 615 Ac
1754 558 2002 616 comitiis
2031 555 2264 617 tribuni·

259 641 362 701 ciis
393 640 442 699 si
474 639 751 699 deessent
780 637 1063 699 candidati
1095 648 1430 717 senatores,
1475 657 1550 700 ex
1590 639 1877 719 equitibus
1912 640 1984 701 R.
2024 642 2263 720 creavit,

255 727 333 785 ita
374 731 436 783 ut
476 731 772 803 potestate
813 731 1133 800 transacta,
1177 724 1236 781 in
1280 731 1410 783 utro
1442 722 1663 783 vellent
1713 722 1916 783 ordine
1946 731 2263 785 manerent.
2309 743 2334 784 s

259 807 402 869 Cum
430 817 620 868 autem
649 805 916 886 plerique
948 808 1199 885 equitum
1241 809 1437 868 attrito
1480 805 1654 868 bellis
1699 807 1964 869 civilibus
1994 812 2264 888 patrimo-

256 895 355 954 nio
390 901 663 971 spectare
692 890 862 951 ludos
902 909 937 950 e
976 891 1436 970 quattuordecim
1476 908 1593 951 non
1622 891 1900 952 auderent
1929 901 2083 953 metu
2122 910 2264 972 poe-

257 995 365 1039 nae
405 975 735 1053 theatralis,
786 977 1178 1055 pronuntiavit
1217 993 1334 1035 non
1373 977 1560 1036 teneri
1600 994 1701 1053 ea,
1747 975 1953 1056 quibus
1992 977 2135 1056 ipsis
2166 994 2264 1056 pa-

256 1060 595 1122 rentibusve
632 1067 909 1138 equester
941 1076 1149 1119 census
1181 1078 1443 1139 umquam
1471 1059 1696 1119 fuisset.

385 1144 592 1223 Populi
634 1161 943 1203 recensum
986 1145 1217 1203 vicatim
1254 1145 1404 1223 egit,
1444 1161 1514 1204 ac
1552 1161 1626 1203 ne
1671 1142 1842 1223 plebs
1870 1145 2264 1205 frumentatio·
2286 1167 2338 1209 ιο

255 1247 389 1290 num
419 1245 593 1288 causa
622 1227 985 1306 frequentius
1016 1226 1087 1288 ab
1127 1229 1382 1305 negotiis
1413 1236 1793 1305 avocaretur,
1843 1236 1934 1288 ter
1972 1230 2032 1289 in
2061 1246 2268 1289 annum

258 1322 593 1393 quaternum
622 1328 881 1372 mensum
908 1319 1167 1372 tesseras
1205 1311 1345 1372 dare
1384 1312 1722 1382 destinavit;
1766 1312 1872 1373 sed
1914 1312 2268 1373 desideranti

259 1394 733 1457 consuetudinem
755 1404 1018 1456 veterem
1048 1398 1343 1456 concessit
1365 1414 1582 1473 rursus,
1614 1406 1675 1457 ut
1698 1398 1784 1456 sui
1811 1397 2088 1477 cuiusque
2109 1414 2265 1457 men-

256 1483 338 1542 sis
368 1482 686 1560 acciperet.
767 1478 1144 1548 comitiorum
1185 1497 1420 1560 quoque
1459 1482 1759 1560 pristinum
1798 1483 1887 1541 ins
1924 1481 2155 1542 reduxit
2196 1498 2269 1541 ac

256 1565 558 1645 multiplici
587 1581 781 1645 poena
815 1566 1080 1625 coercito
1122 1564 1367 1643 ambitu,
1409 1564 1681 1626 Fabianis
1727 1574 1786 1625 et
1827 1565 2265 1645 Scaptiensibus
2286 1585 2338 1629 ιε

259 1649 564 1724 tribulibus
603 1651 722 1710 suis
751 1649 844 1709 die
878 1651 1272 1727 comitiorum,
1316 1667 1389 1708 ne
1418 1648 1614 1728 quida
1644 1665 1931 1729 quoquam
1962 1649 2267 1711 candidato

257 1734 685 1815 desiderarent,
724 1733 953 1812 singula
981 1734 1136 1794 milia
1164 1751 1448 1794 nummum
1479 1752 1512 1795 a
1540 1752 1606 1793 se
1638 1732 1948 1794 dividebat.

381 1818 578 1897 Magni
600 1828 908 1897 praeterea
932 1819 1262 1879 existimans
1296 1819 1585 1878 sincerum
1614 1826 1786 1896 atque
1816 1817 1887 1879 ab
1919 1817 2266 1878 omnicollu-

257 1903 433 1963 vione
485 1903 785 1983 peregrini
837 1919 908 1961 ac
959 1902 1191 1962 servilis
1245 1903 1540 1979 sanguinis
1587 1903 1983 1983 incorruptum
2026 1919 2267 1962 servare

259 1987 566 2069 populum,
606 1997 666 2047 et
707 1988 998 2047 civitatem
1035 1988 1352 2049 Romanam
1390 1988 1731 2066 parcissime
1776 1987 1932 2047 dedit
1977 1996 2038 2047 et
2075 2004 2267 2048 mann·
2285 2002 2344 2044 πο

255 2072 514 2133 mittendi
542 2071 771 2132 modum
798 2072 1140 2132 terminavit.
1217 2071 1456 2132 Tiberio
1499 2088 1607 2151 pro
1655 2071 1864 2131 cliente
1896 2071 2122 2133 Graeco
2165 2089 2266 2151 pe·

257 2156 399 2217 tenti
449 2156 785 2234 rescripsit,
838 2173 957 2216 non
1009 2155 1176 2215 aliter
1226 2174 1292 2215 se
1336 2155 1624 2234 daturum,
1682 2174 1848 2236 quam
1890 2157 1941 2216 si
1983 2173 2266 2235 praesens

258 2238 368 2300 sibi
394 2240 817 2319 persuasisset,
860 2257 1028 2319 quam
1053 2242 1232 2300 iustas
1258 2240 1496 2320 petendi
1538 2258 1742 2301 causas
1769 2240 2047 2310 haberet;
2090 2250 2150 2300 et
2177 2239 2266 2300 Li-

258 2325 388 2383 viae
431 2340 538 2403 pro
581 2322 831 2402 quodam
877 2324 1179 2384 tributario
1212 2323 1381 2385 Gallo
1426 2326 1657 2401 roganti
1688 2324 1978 2385 civitatem
2006 2325 2265 2402 negavit,

259 2408 662 2468 immunitatem
695 2407 905 2487 optulit
933 2407 1256 2485 affirmans,
1299 2407 1529 2469 facilius
1559 2427 1626 2468 se
1660 2426 1960 2487 passurum
1987 2409 2133 2469 fisco
2167 2407 2264 2468 de·
2283 2423 2340 2466 25

258 2490 404 2551 trahi
440 2491 685 2571 aliquid,
715 2508 883 2571 quam
917 2493 1163 2552 civitatis
1192 2493 1491 2554 Romanae
1519 2492 1744 2570 vulgari
1769 2492 2072 2554 honorem.
2130 2492 2265 2553 Ser-

258 2593 369 2635 vos
409 2591 526 2635 non
571 2584 876 2635 contentus
914 2575 1104 2636 multis
1141 2575 1574 2637 difficultatibus
1613 2594 1647 2636 a
1686 2575 1955 2638 libertate
1994 2585 2055 2636 et
2084 2576 2265 2636 multo

259 2658 520 2740 pluribus
548 2678 582 2720 a
613 2658 878 2719 libertate
908 2661 1056 2721 iusta
1085 2662 1439 2737 removisse,
1486 2677 1613 2720 cum
1641 2668 1701 2720 et
1729 2661 1802 2721 de
1837 2678 2072 2721 numero
2104 2669 2166 2721 et
2191 2659 2265 2720 de

260 2742 593 2804 conditione
630 2762 700 2804 ac
732 2742 1053 2805 differentia
1091 2762 1295 2805 eorum
1334 2746 1430 2824 qui
1470 2747 1998 2806 manumitterentur
2035 2745 2265 2806 curiose

259 2829 541 2906 cavisset,
590 2828 708 2888 hoc
752 2844 984 2908 quoque
1027 2828 1267 2906 adiecit,
1322 2846 1397 2888 ne
1434 2829 1660 2889 vinctus
1698 2846 1963 2908 nmquam
2002 2838 2340 2890 tortusveso

259 2912 387 2991 quis
417 2911 537 2972 ullo
571 2912 856 2972 libertatis
891 2930 1115 2989 genere
1144 2913 1435 2974 civitatem
1465 2913 1904 2993 adipisceretur.

382 2995 568 3058 Etiam
611 2995 866 3057 habitum
906 2999 1291 3077 vestitumque
1342 2998 1642 3077 pristinum
1688 2997 1975 3058 reducere
2031 2997 2265 3076 studuit,

256 3096 328 3140 ac
358 3081 483 3141 visa
512 3081 798 3159 quondam
827 3096 937 3160 pro
968 3082 1239 3142 contione
1274 3081 1622 3162 pullatorum
1650 3082 1848 3160 turba,
1892 3081 2264 3160 indignabun-

258 3161 362 3222 dus
397 3170 456 3222 et
487 3163 814 3225 clamitans:

382 3243 482 3306 En
522 3246 879 3326 Romanos,
927 3266 1134 3309 renam
1179 3247 1491 3327 dominos,
1545 3256 1902 3329 gentemque
1953 3249 2264 3330 toqatam!
2285 3262 2339 3305 ³5

255 3330 554 3407 negotium
583 3330 863 3393 aedilibus
891 3332 1078 3411 dedit,
1111 3352 1184 3393 ne
1213 3351 1384 3414 quem
1413 3333 1659 3412 posthac
1682 3343 2019 3414 paterentur
2046 3336 2103 3393 in
2131 3333 2263 3395 foro

261 3413 494 3474 circave
527 3413 637 3473 nisi
669 3417 877 3493 positis
903 3417 1157 3478 lacernis
1187 3427 1446 3496 togatum
1478 3419 1822 3480 consistere.

176 3503 243 3557 41
385 3495 816 3558 Liberalitatem
853 3500 1116 3563 omnibus
1145 3502 1441 3564 ordinibus
1467 3521 1577 3583 per
1616 3503 1961 3564 occasiones
1991 3502 2264 3582 frequen-
