2553 3960
565 238 711 286 XCII
1241 238 1666 287 PRAEFATIO.

258 392 490 486 ”epfssss-fg
524 403 560 431 ⁸·
703 397 792 454 Ad
813 399 939 468 loca
964 399 1032 454 ab
1056 397 1273 454 Isidoro
1303 416 1374 455 ex
1395 399 1604 456 Prato
1629 398 1751 455 sive
1776 394 1997 455 libris
2022 396 2058 450 P
2078 404 2396 453 ratorum

581 482 888 553 Tranquilli
932 488 1194 553 excerpta
1242 484 1534 553 egregium
1568 499 1744 555 nuper
1795 481 2102 538 subsidium
2151 483 2395 538 accessit

582 566 837 623 sollertia
881 564 1095 621 Gusta
1116 565 1181 620 vi
1228 566 1512 622 Becker
1554 567 1927 635 Lubecensis‚
1969 565 2058 621 cui
2104 566 2288 621 libelli
2319 566 2390 620 de

579 652 783 707 Natura
814 664 999 704 rerum
1038 649 1272 704 debetur
1302 650 1475 705 editio
1522 666 1631 706 non
1672 650 1837 706 modo
1879 650 1935 704 in
1971 649 2162 704 verbis
2204 666 2391 704 emen-

581 735 764 791 datior
796 750 954 804 quam
983 731 1321 788 Arevaliana
1352 734 1487 803 ruit,
1540 734 1641 789 sed
1671 733 1726 788 in
1765 731 2191 789 auctoritatibus
2224 733 2396 788 etiam

579 817 918 888 colligendis
947 817 1116 871 multo
1147 815 1491 887 diligentior.
1579 817 1633 872 Is
1666 817 1838 887 igitur
1869 831 1979 871 non
2025 817 2162 871 satis
2197 816 2395 872 habuit

581 904 651 959 ad
674 901 1000 956 Suetonium
1028 899 1244 955 referre
1276 917 1415 971 quae
1444 900 1695 956 Isidorus
1728 899 2045 956 nominatim
2083 900 2213 955 inde
2245 906 2392 955 attu-

581 987 676 1056 lit,
723 986 825 1041 sed
868 991 924 1039 et
955 1000 1098 1055 quae
1145 983 1398 1055 proxime
1427 985 1519 1039 vel
1563 984 1971 1056 praecederent
1999 984 2090 1038 vel
2121 982 2386 1055 inseque-

581 1074 793 1137 rentur,
822 1073 883 1121 ut
911 1084 1036 1138 cap.
1057 1071 1123 1125 37
1157 1072 1213 1132 et
1240 1072 1330 1135 38,
1369 1066 1500 1138 quin
1530 1068 1695 1122 etiam
1723 1063 1985 1123 nonnulla
2020 1084 2050 1122 a
2078 1066 2387 1137 Tranquilli

582 1151 800 1208 nomine
831 1150 1001 1221 longe
1041 1156 1275 1218 remota,
1306 1150 1451 1205 sicut
1483 1149 1539 1205 in
1580 1151 1774 1223 primis
1805 1168 1909 1206 sex
1947 1150 2256 1221 capitibuS‚
2304 1150 2389 1204 ei-

583 1237 706 1291 dem
760 1234 974 1290 auctori
1030 1233 1324 1289 tribuenda
1386 1250 1513 1290 esse
1571 1235 1708 1290 satis
1756 1232 2124 1307 probabiliter
2174 1234 2385 1289 docuit.

581 1320 748 1374 Cuius
780 1317 1279 1387 argumentationis
1309 1334 1513 1373 summa
1544 1320 1684 1374 haec
1713 1324 1830 1387 est,
1860 1324 1920 1372 ut
1956 1323 2120 1388 caput
2150 1322 2239 1386 37,
2273 1332 2390 1388 quo

580 1402 729 1458 venti
764 1407 1151 1457 enumerantur
1191 1406 1387 1471 quater
1415 1401 1597 1471 terni,
1636 1407 1810 1457 totum
1848 1401 2153 1471 eodemque
2185 1400 2386 1455 ordine

578 1486 836 1542 versibus
874 1484 1113 1540 leoninis
1126 1478 1198 1558 ⁸⁹)
1232 1484 1377 1541 infra
1409 1502 1462 1557 p.
1493 1492 1615 1555 305,
1644 1490 1711 1544 27
1742 1484 1924 1539 citatis
1954 1484 2161 1539 includi
2193 1483 2391 1554 ibique

580 1569 900 1641 Tranquillo
943 1568 1112 1623 tribui
1161 1574 1443 1636 moneret,
1489 1576 1601 1624 tum
1643 1569 1713 1624 de
1764 1568 1943 1639 siguis
1998 1573 2381 1639 tempestatum

579 1671 701 1726 cap.
749 1661 818 1714 38
860 1651 1130 1708 Varronis
1187 1658 1244 1706 et
1285 1652 1495 1723 Nigidii
1555 1651 1918 1708 auctoritates
1982 1651 2386 1707 reconditioris

579 1738 868 1794 doctrinae
903 1752 1061 1807 quam
1101 1751 1205 1808 pro
1245 1736 1467 1791 lsidoro
1510 1751 1638 1791 esse
1681 1736 2106 1804 demonstraret,
2139 1734 2384 1805 denique

580 1822 649 1877 ad
680 1822 856 1894 prima
882 1820 1083 1891 capita,
1125 1836 1266 1890 quae
1300 1825 1427 1875 sunt
1457 1820 1527 1875 de
1562 1819 1761 1875 diebus
1791 1825 1848 1874 et
1877 1818 2160 1873 mensibus
2199 1825 2256 1872 et
2284 1835 2385 1873 au-

579 1905 687 1973 niS,
721 1905 830 1960 duo
863 1903 1117 1960 Su‘etonii
1150 1903 1384 1960 frustula
1420 1920 1474 1974 p.
1508 1910 1642 1973 305,
1672 1908 1740 1962 36
1770 1908 1826 1957 et
1859 1908 1995 1972 306,
2029 1908 2094 1961 18
2121 1902 2382 1974 proxime

579 1990 853 2046 accedere
884 1989 1132 2043 doceret.
1221 1986 1333 2042 Nos
1366 1994 1566 2057 tamen,
1595 1993 1656 2042 ut
1684 1986 1741 2041 in
1771 2003 1832 2042 re
1862 2003 1972 2042 non
2007 1987 2172 2059 plane
2207 1992 2383 2056 certa,

578 2074 720 2129 intra
776 2071 1120 2128 manifestam
1170 2070 1501 2143 nomineque
1552 2071 1756 2126 finitam
1808 2071 2193 2126 auctoritatem
2248 2086 2381 2126 cou-

574 2157 881 2213 sistendum
915 2155 1186 2210 duximus.

699 2241 901 2296 Collati
939 2239 1008 2294 ad
1061 2256 1116 2310 p.
1169 2243 1305 2309 304,
1356 2245 1424 2298 18
1474 2238 1700 2314 codices
1741 2239 1791 2295 X
1834 2244 1961 2294 sunt
2005 2236 2378 2308 antiquissimi

581 2341 797 2392 omnes,
826 2321 1171 2379 Basilienses
1201 2328 1339 2392 treS‚
1379 2323 1691 2378 Beruenses
1704 2317 1773 2394 ⁹⁰)
1810 2328 2087 2394 quattuor,
2116 2321 2380 2376 Bamber-

575 2424 782 2478 genses
806 2408 939 2475 duo,
966 2406 1334 2461 Bruxellanus
1364 2422 1525 2476 unus,
1556 2422 1787 2477 quorum
1815 2406 2007 2460 titulos
2037 2404 2379 2477 scripturae-

575 2509 683 2563 que
713 2488 1144 2561 discrepantiam
1175 2489 1461 2545 studiosus
1497 2491 1679 2545 lector
1709 2490 1853 2561 apud
1877 2489 2184 2545 Beckerum
2221 2488 2379 2543 inve-

708 2737 805 2802 89)
830 2738 965 2787 Addi
999 2738 1162 2803 potuit
1188 2738 1285 2788 hoc
1314 2752 1532 2804 quoque,
1570 2739 1731 2789 videri
1766 2738 1840 2789 illi
1873 2737 2206 2789 versificatori
2230 2752 2378 2803 prae·

571 2816 649 2858 ter
677 2808 859 2857 librum
892 2807 956 2856 de
981 2807 1173 2856 Natura
1206 2822 1377 2856 rerum
1412 2808 1477 2858 ad
1512 2822 1692 2858 manus
1728 2806 1888 2857 fuisse
1920 2820 2121 2856 carmen
2154 2805 2217 2856 de
2243 2805 2380 2855 Ven—

573 2878 639 2927 tis
697 2874 826 2941 (cfr.
881 2874 1054 2941 Meyer
1101 2874 1307 2927 Anthol.
1351 2891 1434 2927 no.
1487 2876 1637 2928 1056.
1702 2874 2016 2926 Wernsdorf
2055 2877 2087 2926 5
2135 2891 2186 2940 p.
2233 2872 2382 2937 523)

575 2945 713 3010 quod
744 2944 995 2995 Arevalus
1032 2946 1095 2994 ab
1119 2944 1350 3009 Eugenio
1376 2944 1645 3006 Toletano,
1682 2944 1768 3008 qui
1801 2958 1848 2993 a.
1886 2943 1988 2995 657
2022 2952 2252 2993 mortuus
2285 2951 2381 3004 est,

572 3013 914 3079 conscriptum
950 3014 1221 3073 existimat,
1255 3013 1637 3064 Wernsdorflus
1672 3014 1751 3063 vel
1778 3012 1972 3063 Isidoro
2008 3011 2268 3074 antiquius
2303 3012 2382 3060 iu—

573 3085 725 3143 dicat,
799 3083 867 3132 At
902 3083 987 3131 ille
1013 3082 1249 3131 carminis
1288 3082 1503 3147 scriptor
1522 3082 1759 3132 Suetonio
1797 3081 1933 3130 baud
1964 3081 2114 3131 dubie
2132 3094 2260 3129 usus
2287 3087 2382 3133 est.

573 3167 690 3202 cum
726 3151 822 3201 tria
856 3158 1120 3200 ventorum
1151 3150 1356 3200 nomina
1395 3149 1586 3201 Graeca
1621 3150 1762 3200 solus
1796 3150 2163 3208 subministret,
2198 3148 2265 3197 ab
2290 3148 2383 3198 Isi-

574 3221 700 3270 doro
736 3227 784 3268 et
817 3218 1096 3269 recentiore
1125 3219 1467 3269 versificatore
1506 3219 1712 3279 omissa,
1754 3233 1785 3267 a
1816 3218 2108 3282 Tranquillo
2142 3231 2383 3266 necessa-

574 3289 653 3338 rio
690 3289 872 3351 posita.
944 3287 1069 3337 Cum
1098 3286 1337 3338 Suetonio
1375 3287 1497 3338 facit
1524 3294 1790 3338 ventorum
1822 3295 1934 3337 rota
1968 3288 2022 3336 in
2059 3299 2238 3335 museo
2265 3284 2385 3334 Pio-

576 3355 890 3407 clementino
928 3370 1226 3406 marmorea.
2041 3350 2048 3357 ’

577 3491 624 3538 v
681 3420 810 3541 G90)
872 3423 1011 3482 Quos
1063 3433 1237 3476 nostra
1300 3424 1467 3492 gratia
1524 3425 1746 3490 inspexit
1795 3427 1859 3475 Io
1870 3440 1901 3475 a
1915 3440 1947 3473 n
1960 3440 1994 3473 u
2008 3438 2036 3472 e
2048 3437 2074 3472 s
2131 3420 2169 3469 Z
2184 3423 2218 3468 ii
2233 3433 2266 3469 n
2279 3419 2315 3469 d
2327 3434 2359 3467 e
