2553 3960
972 257 1032 308 c.
1077 251 1451 311 camum.
2106 253 2220 316 121

226 410 512 490 gistanum
559 412 938 489 abstinuisse,
981 415 1136 493 quod
1185 417 1337 495 apud
1382 416 1629 478 Parthos
1671 420 1846 480 iustiti
1891 421 2071 481 instar
2114 431 2221 483 est.

222 495 447 556 Romae
481 496 728 577 quidem,
777 514 902 556 cum
933 497 1003 558 ad
1034 501 1270 578 primam
1300 501 1507 562 famam
1539 501 1863 563 valitudinis
1894 506 2129 566 attonita
2166 515 2224 565 et
2251 512 2286 568 6

223 588 446 641 maesta
485 580 688 641 civitas
728 584 1024 660 sequentis
1053 584 1282 644 nuntios
1316 586 1711 664 opperiretur,
1745 595 1804 647 et
1832 597 2078 666 repente
2108 590 2221 649 iam

223 664 459 743 vesperi
480 666 718 725 incertis
739 666 1070 727 auctoribus
1095 668 1463 728 convaluisse
1487 669 1713 729 tandem
1732 671 2219 751 precrebruisset,

174 750 438 831 spassim
485 766 611 809 cum
660 747 962 810 luminibus
1000 759 1061 810 et
1102 753 1350 812 victimis
1381 753 1448 812 ,in
1489 752 1833 832 Capitolium
1876 757 2220 817 coneursum

224 841 315 892 est
345 849 414 891 ac
456 850 643 912 paene
689 833 963 895 revolsae
1007 836 1208 915 templi
1239 836 1434 913 fores,
1477 855 1552 896 ne
1580 836 1715 915 quid
1744 839 2049 914 gestientis
2083 850 2220 901 vota

221 915 469 976 reddere
509 925 865 995 moraretur,
912 920 1370 998 expergefactus
1400 938 1434 979 e
1476 936 1680 981 somno
1724 921 1990 981 Tiberius
2024 932 2222 1001 gratu-

220 998 456 1060 lantium
487 1000 731 1061 vocibus
761 1010 933 1081 atque
965 1002 1214 1081 undique
1249 1005 1699 1065 concinentium:

368 1083 569 1146 Salva
597 1085 821 1163 Roma,
852 1086 1038 1147 salva
1068 1087 1309 1165 patria,
1342 1088 1558 1149 salvus
1587 1095 1682 1149 est
1701 1087 2122 1150 Germanii-mx.

146 1187 199 1231 ιο
220 1167 296 1230 Et
324 1177 384 1228 ut
429 1169 653 1230 demum
699 1169 816 1230 fato
862 1171 1115 1231 functum
1154 1172 1344 1251 palam
1389 1173 1602 1232 factum
1655 1181 1773 1249 est,
1824 1190 1939 1232 non
1992 1174 2215 1236 solatiis

219 1251 381 1329 ullis,
425 1271 540 1314 non
571 1252 777 1313 edictis
809 1253 1054 1314 inhiberi
1094 1254 1283 1316 luctus
1317 1255 1581 1334 publicus
1614 1258 1830 1336 potuit,
1880 1256 2214 1339 duravitque

219 1338 391 1398 etiam
421 1356 528 1416 per
555 1337 744 1397 festos
775 1337 1118 1399 Decembris
1154 1340 1369 1399 mensis
1404 1340 1548 1399 dies.
1636 1339 1813 1400 Auxit
1842 1339 2089 1419 gloriam
2113 1343 2210 1403 de-

217 1420 605 1502 sideriumque
655 1421 907 1482 defuncti
952 1432 1011 1483 et
1065 1424 1345 1484 atrocitas
1395 1424 1810 1504 insequentium
1869 1434 2210 1504 temporum,

219 1506 440 1566 cunctis
486 1523 599 1565 nec
640 1515 861 1567 temere
903 1508 1269 1587 opinantibus
1293 1510 1642 1568 ‘reverentia
1670 1509 1794 1567 eins
1827 1526 1896 1567 ac
1932 1518 2084 1568 metu
2118 1528 2208 1568 re-

142 1607 195 1649 15
216 1607 479 1669 pressam
523 1588 718 1650 Tiberi
761 1592 1098 1667 saevitiam,
1159 1609 1308 1670 quae
1347 1607 1486 1651 mox
1528 1593 1805 1670 eruperit.
1889 1589 2100 1651 Habuit
2153 1594 2211 1651 in
2238 1599 2271 1656 7

65 1690 69 1693 ’
214 1673 576 1734 matrimonio
609 1673 1012 1754 Agrippinam,
1042 1674 1117 1736 M.
1155 1673 1460 1754 Agrippae
1489 1684 1547 1735 et
1573 1674 1752 1734 Iuliae
1777 1674 1991 1752 filiam,
2031 1684 2092 1736 et
2134 1692 2210 1736 ex

214 1775 287 1817 ea
317 1775 531 1817 novem
571 1757 790 1818 liberos
835 1759 988 1819 tulit:
1051 1776 1291 1839 quorum
1332 1757 1445 1820 duo
1499 1757 1748 1818 infantes
1798 1757 1982 1818 adhuc
2034 1761 2207 1838 rapti,

160 1862 179 1872 ‘
212 1859 359 1900 nnus
388 1843 499 1901 iam
530 1858 884 1919 puerascens
918 1843 1129 1920 insigni
1157 1842 1493 1918 festivitate,
1531 1843 1689 1901 cuius
1724 1842 1981 1919 effigiem
2012 1842 2209 1903 babitu

214 1923 510 2006 Cupidinis
540 1926 596 1986 in
622 1926 766 1987 aede
799 1924 1161 2007 Capitolinae
1193 1928 1444 1988 Veneris
1470 1925 1632 1987 Livia
1666 1925 1973 2005 dedicavit,
2007 1926 2206 2005 Augu·

133 2028 190 2071 20
217 2018 340 2069 stus
362 2013 419 2070 in
451 2010 721 2070 cubiculo
755 2028 858 2070 suo
894 2013 1160 2090 positam,
1202 2009 1587 2090 quotiensque
1616 2011 1912 2087 introiret,
1960 2028 2207 2071 exoscu-

212 2093 464 2164 labatur;
501 2096 684 2154 ceteri
720 2096 1067 2174 superstites
1097 2097 1245 2175 patri
1276 2095 1525 2172 fuerunt,
1565 2103 1686 2154 tres
1718 2113 1894 2154 sexus
1927 2095 2206 2172 feminini,

209 2178 535 2257 Agrippina
561 2178 814 2240 Drusilla
851 2178 1078 2255 Livilla,
1127 2180 1399 2240 continuo
1441 2178 1688 2239 triennio
1722 2188 1921 2248 natae;
1969 2178 2207 2239 totidem

208 2279 420 2339 mares,
467 2260 630 2322 Nero
674 2272 732 2322 et
768 2263 990 2323 Drusus
1025 2271 1084 2323 et
1117 2261 1184 2324 C.
1223 2261 1462 2324 Caesar.
1521 2261 1817 2322 Neronem
1858 2272 1916 2322 et
1960 2262 2207 2323 Drusum

210 2355 444 2407 senatus
476 2346 711 2408 Tiberio
749 2348 1081 2407 criminante
1104 2346 1304 2407 hostes
1335 2346 1620 2407 iudicavit.
2255 2396 2264 2405 .

128 2445 187 2486 25
339 2428 405 2490 C.
432 2429 651 2491 Caesar
679 2440 843 2491 natus
876 2440 965 2491 est
989 2430 1172 2510 pridie
1203 2430 1296 2490 Kl.
1327 2432 1489 2510 Sept.
1524 2439 1689 2509 patre
1721 2447 1840 2490 suo·
1860 2438 1919 2490 et
1956 2428 2022 2490 C.
2052 2430 2203 2490 Fon·
2234 2439 2270 2495 8

204 2514 325 2574 teio
370 2512 655 2593 Capitone
696 2532 850 2574 coss.
918 2515 1033 2576 Ubi
1077 2523 1240 2576 natus
1288 2516 1390 2590 sit,
1433 2516 1716 2573 incertum
1753 2513 2059 2574 diversitas
2090 2522 2202 2575 tra-

204 2597 460 2658 dentium
491 2598 652 2659 facit.
712 2595 832 2658 CN.
867 2598 1140 2659 Lentulus
1183 2598 1513 2659 Gaetulicus
1544 2597 1736 2658 Tiburi
1769 2599 2202 2674 genitumscri-

206 2681 313 2758 bit,
356 2682 573 2742 Plinius
616 2681 918 2753 Secundus
959 2685 1015 2741 in
1056 2682 1366 2759 TreveriS,
1436 2682 1566 2741 vico
1616 2679 1978 2740 Ambitarvio
2028 2698 2203 2758 supra

207 2762 804 2835 Confluentes3addit
837 2767 1006 2827 etiam
1040 2784 1147 2846 pro
1182 2773 1546 2844 argumento,
1579 2782 1712 2825 aras
1744 2763 1823 2823 ibi
1861 2762 2089 2823 ostendi
2120 2763 2203 2823 in-

128 2850 493 2928 soscriptas:
528 2849 614 2909 ob
658 2849 1131 2929 Agrippinae
1184 2850 1678 2929 puerperium.
1766 2847 2060 2909 versiculi
2102 2848 2201 2907 im-

204 2942 447 3012 perante
479 2950 616 2995 mox
647 2952 720 2995 eo
757 2933 1032 3011 divulgati
1059 2933 1210 3012 apud
1241 2933 1515 2994 hibernas
1537 2933 1807 3011 legiones
1835 2940 2202 3012 procreatum

202 3016 488 3078 indicant:

457 3105 530 3163 In
559 3110 762 3164 castris
802 3112 985 3174 natus,
1004 3108 1214 3178 patrii-s
1240 3109 1483 3162 nutritus
1520 3107 1580 3162 in
1618 3108 1809 3175 armisz

619 3189 745 3247 Iam
788 3192 1059 3262 desiynati
1080 3192 1362 3262 principes
1402 3205 1560 3246 omen
1592 3195 1733 3245 erat.

127 3271 338 3350 ssEgo
382 3272 440 3331 in
481 3272 628 3332 actis
662 3272 801 3332 Anti
845 3270 1057 3331 editum
1093 3270 1346 3330 invenio.
1436 3268 1793 3331 Gaetulicum
1833 3268 2050 3328 refellit
2086 3269 2197 3329 Pli-

201 3357 329 3416 nius
377 3355 540 3436 qnasi
583 3356 875 3415 mentitum
918 3372 1026 3433 per
1067 3353 1484 3430 adulationem,
1527 3360 1587 3412 ut
1629 3350 1700 3412 ad
1743 3350 1942 3413 laudes
1974 3353 2199 3411 iuvenis

199 3438 570 3519 gloriosique
600 3439 879 3519 principis
909 3438 1124 3517 aliquid
1158 3439 1328 3498 etiam
1361 3456 1438 3497 ex
1465 3435 1609 3496 urbe
1638 3434 1875 3496 Herculi
1904 3452 2072 3495 sacra
2103 3450 2195 3491 su-

196 3533 404 3603 meret,
437 3522 791 3605 abusumque
816 3521 1113 3585 audentius
1146 3520 1469 3598 mendacio,
1503 3519 1657 3600 quod
1690 3528 1821 3580 ante
1843 3534 2046 3579 annum
2068 3514 2198 3574 fere
