2553 3960
304 205 380 268 12
472 217 532 266 ο.
565 217 862 266 sum-om
893 218 1147 279 TRANQ.
1181 220 1278 266 mn
1307 219 1473 267 vrrA
1506 218 1877 269 CAnsAmm
1906 222 2046 269 mn.
2075 221 2125 269 1.

296 392 444 434 mam
485 374 744 451 redegit,
788 374 959 452 eique
991 374 1126 410 Η*
1167 374 1223 433 in
1253 375 1518 452 singulos
1553 394 1736 436 annos
1777 376 2052 455 stipendii
2081 374 2317 436 nomine

297 459 582 536 inposuit;
622 457 973 535 Germanos,
1006 459 1103 538 qui
1134 466 1294 518 trans
1317 459 1589 534 ¹Rhenum
1622 460 1908 536 incolunt,
1945 462 2164 537 primus
2193 460 2314 520 Ro·

295 560 589 602 manorum
633 550 813 619 ponte
859 541 1145 601 fabricato
1188 541 1538 620 adgressus,
1583 544 1842 603 maximis
1875 542 2092 604 adfecit
2138 542 2313 603 cladi·

296 627 433 695 bus;
482 625 798 702 adgressus
831 635 924 685 est
955 635 1012 685 et
1043 624 1348 687 Britannos
1384 630 1622 705 ignotos
1658 637 1854 705 antea,
1901 629 2314 706 superatisque

296 711 573 791 pecunias
618 718 677 768 et
721 709 956 770 obsides
997 710 1329 789 imperavit:
1386 730 1493 790 per
1538 720 1624 772 tot
1667 730 1976 772 successus
2019 720 2145 787 ter,
2199 729 2362 779 neos,

297 795 571 873 ampliuS,
617 793 922 855 adversum
967 812 1162 853 casum
1215 806 1527 875 expertus:
1583 797 1641 855 in
1683 795 1975 856 Britannia
2019 795 2213 855 classe
2258 797 2316 853 vi

296 879 659 957 tempestatis
700 896 889 958 prope
930 878 1266 956 absumpta,
1313 888 1372 938 et
1414 880 1471 939 in
1505 880 1689 941 Gallia
1728 879 1801 939 ad
1835 880 2189 956 Gergoviam
2231 878 2315 939 le·

297 965 474 1041 gione
504 961 666 1038 fusa,
699 970 758 1021 et
789 964 845 1021 in
878 961 1292 1024 Germanorum
1325 963 1533 1024 finibus
1567 963 1786 1024 Titurio
1823 973 1881 1023 et
1916 963 2315 1023 Aurunculeio

212 1052 280 1106 26
296 1048 508 1124 legatis
542 1063 649 1125 per
681 1046 917 1107 insidias
955 1048 1163 1107 caesis.
1250 1047 1477 1107 Eodem
1518 1050 1803 1126 temporis
1848 1049 2038 1127 spatio
2071 1056 2318 1107 matrem

299 1133 514 1210 primu,
563 1129 771 1190 deinde
802 1131 1003 1207 filiam,
1040 1148 1153 1191 neo
1182 1131 1360 1191 multo
1398 1140 1533 1210 post
1561 1140 1836 1210 nepotem
1871 1131 2073 1192 amisit.
2153 1130 2315 1191 Inter
2337 1153 2391 1193 10

301 1233 483 1293 quae,
515 1221 885 1274 consternata
909 1213 1075 1275 Publi
1103 1212 1275 1275 clodi
1308 1215 1489 1276 caede
1522 1234 1587 1275 re
1619 1216 1885 1295 publica,
1919 1234 2047 1276 cum
2076 1224 2316 1275 senatus

297 1316 467 1359 unum
510 1297 810 1358 consulem
850 1300 1301 1377 nominatimque
1344 1298 1599 1361 Gnaeum
1639 1299 1977 1380 Pompeium
2006 1301 2134 1359 lieri
2179 1297 2315 1359 cen-

299 1384 544 1458 suisset,
578 1383 701 1461 egit
731 1401 858 1443 cum
886 1382 1129 1442 tribunis
1164 1383 1358 1462 plebis
1392 1384 1684 1460 collegam
1728 1403 1794 1444 se
1824 1385 2107 1462 Pompeio
2137 1382 2314 1442 desti-

297 1467 598 1542 nantibus,
638 1466 695 1525 id
737 1467 930 1545 potius
959 1466 1032 1527 ad
1061 1467 1343 1545 populum
1373 1468 1597 1528 ferrent
1624 1476 1684 1527 ut
1713 1470 1939 1529 absenti
1970 1468 2101 1544 sibi,
2133 1485 2314 1546 quan-

299 1553 494 1629 doque
525 1552 751 1629 imperii
782 1559 1010 1629 tempus
1045 1551 1274 1630 expleri
1304 1553 1630 1630 coepisset,
1662 1555 1866 1631 petitio
1900 1550 2139 1612 secundi
2173 1569 2312 1611 con·
2334 1573 2388 1613 ιε

300 1636 518 1696 sulatus
563 1634 827 1711 daretur,
869 1653 942 1694 ne
991 1652 1061 1695 ea
1109 1654 1283 1695 causa
1325 1636 1604 1696 maturius
1648 1645 1708 1695 et
1746 1637 2075 1715 inperfecto
2127 1634 2317 1695 adhuc

298 1718 459 1779 bello
493 1717 824 1779 decederet.
913 1718 1084 1795 Quod
1113 1727 1174 1779 ut
1203 1719 1449 1799 adeptus
1481 1726 1603 1795 est,
1648 1719 1853 1780 altiora
1888 1721 1997 1780 iam
2028 1719 2316 1779 meditans

300 1812 358 1863 et
410 1803 540 1879 spei
589 1802 796 1881 plenus
837 1803 1054 1863 nullum
1096 1803 1423 1880 largitionis
1478 1812 1573 1863 aut
1620 1803 1946 1864 officiorum
2004 1805 2061 1862 in
2117 1821 2314 1882 quem-

302 1904 469 1965 quam
513 1904 698 1962 genus
735 1886 971 1965 publice
1016 1888 1401 1965 privatimque
1451 1888 1662 1946 omisit.
1749 1887 1963 1948 Forum
2008 1887 2080 1947 de
2118 1905 2315 1947 manu-

297 1970 411 2031 biis
443 1970 765 2050 inchoavit,
817 1972 977 2032 cuius
1023 1989 1159 2032 area
1198 1991 1378 2051 super
1428 1972 1755 2032 sestertium
1793 1973 1984 2033 milies
2030 1972 2308 2032 constitit.
2330 1989 2384 2030 20

299 2055 504 2117 Munus
548 2055 769 2135 populo
817 2056 1166 2135 epulumque
1208 2057 1602 2135 pronuntiavit
1643 2057 1701 2115 in
1756 2057 1912 2117 filiae
1953 2057 2312 2130 memoriam,

302 2138 457 2219 quod
500 2149 630 2199 ante
673 2159 801 2200 eum
831 2157 1023 2200 nemo.
1113 2141 1368 2216 Quorum
1404 2150 1463 2200 ut
1496 2158 1666 2218 quam
1694 2143 1941 2201 maxima
1975 2139 2311 2218 expectatio

303 2232 495 2299 esset,
538 2241 609 2285 ea
652 2242 800 2302 quae
842 2223 916 2285 ad
959 2224 1189 2302 epulum
1234 2225 1625 2303 pertinerent,
1679 2226 1940 2302 quamvis
1982 2223 2315 2284 macellaris

302 2307 602 2383 ablocata,
644 2309 813 2368 etiam
846 2307 1264 2368 domesticatim
1296 2307 1636 2388 apparabat.
1665 2375 1669 2381 ‚
1714 2307 2083 2370 Gladiatores
2115 2315 2312 2384 notos,

301 2390 485 2452 sicubi
531 2390 758 2451 infestis
802 2393 1232 2470 spectatoribus
1263 2392 1627 2467 dimicarent,
1673 2394 1729 2451 vi
1774 2391 2088 2472 rapiendos
2117 2409 2311 2450 reser-
2332 2412 2386 2452 25

302 2474 641 2552 vandosque
682 2474 1004 2535 mandabat.
1095 2475 1342 2536 Tirones
1382 2494 1574 2554 neque
1603 2477 1660 2534 in
1700 2475 1838 2536 ludo
1867 2493 2060 2554 neque
2091 2493 2201 2553 per
2230 2474 2311 2533 la·

302 2560 516 2634 nistaS,
556 2557 660 2618 sed
689 2560 746 2618 in
777 2558 1038 2629 domibus
1069 2578 1177 2638 per
1211 2560 1441 2638 equites
1470 2561 1768 2619 Romanos
1798 2569 1969 2638 atque
2001 2562 2171 2620 etiam
2204 2576 2313 2636 per

304 2651 608 2704 senatores
637 2661 923 2704 armorum
948 2646 1172 2721 peritos
1204 2643 1537 2720 erudiebat,
1563 2644 1840 2722 precibus
1875 2645 2120 2719 enitens,
2156 2640 2311 2720 quod

304 2727 569 2806 epistulis
589 2729 712 2787 eius
733 2727 1073 2804 ostenditur,
1092 2737 1150 2788 ut
1167 2727 1529 2806 disciplinam
1555 2727 1916 2804 singulorum
1944 2730 2313 2805 susciperent

304 2813 534 2890 ipsique
574 2810 781 2872 dictata
822 2813 1233 2872 exercentibus
1279 2812 1498 2872 darent.
1568 2811 1923 2889 Legionibus
1966 2810 2385 2890 stipendiumso

303 2897 362 2954 in
393 2904 738 2974 perpetuum
770 2895 1105 2974 duplicavit.
1191 2896 1592 2972 Frumentum,
1625 2896 1897 2974 quotiens
1930 2897 2101 2974 copia
2126 2902 2312 2971 esset,

306 2981 478 3040 etiam
525 2981 650 3039 sine
689 2980 862 3040 modo
894 2998 1279 3058 mensuraque
1311 2978 1605 3059 praebuit,
1649 2998 1721 3039 ac
1764 2980 1993 3056 singula
2029 2977 2314 3039 interdum

220 3070 286 3125 27
303 3064 587 3143 mancipia
618 3082 652 3123 e
685 3064 899 3143 praeda
929 3065 1140 3124 viritim
1169 3064 1345 3124 dedit.
1406 3062 1500 3122 Ad
1538 3062 1894 3123 retinendam
1922 3071 2111 3124 autem
2144 3062 2313 3121 Pom·

308 3147 405 3225 pei
446 3147 932 3209 necessitudinem
966 3165 1037 3208 ac
1074 3148 1429 3207 voluntatem
1461 3147 1757 3208 Octaviam
1789 3148 2011 3207 sororis
2041 3164 2182 3207 suae
2212 3163 2313 3205 ne-

307 3239 498 3310 ptem,
531 3247 678 3307 quae
706 3231 848 3292 Gaio
872 3231 1154 3293 Marcello
1178 3240 1354 3311 nupta
1387 3241 1542 3308 erat,
1578 3230 1974 3292 condicionem
2008 3233 2062 3291 ei
2093 3229 2313 3306 detulit,
2332 3251 2385 3292 ss

308 3314 537 3390 sibique
567 3314 741 3373 filiam
772 3316 897 3374 eius
927 3317 983 3374 in
1012 3316 1428 3376 matrimonium
1456 3317 1626 3395 petit,
1656 3315 1873 3375 Fausto
1906 3314 2105 3375 Sullae
2138 3314 2311 3373 desti-

310 3407 518 3457 natam.
609 3396 882 3458 Omnibus
923 3417 1067 3459 vero
1113 3401 1267 3460 circa
1308 3418 1438 3459 eum
1480 3408 1654 3479 atque
1695 3401 1866 3460 etiam
1907 3408 2073 3478 parte
2103 3414 2313 3474 magna

310 3490 544 3541 senatus
574 3483 827 3558 gratuito
869 3491 965 3543 aut
1009 3483 1126 3543 levi
1155 3484 1401 3543 foenore
1432 3483 1759 3561 obstrictis,
1803 3502 1880 3543 ex
1908 3483 2137 3561 reliquo
2171 3497 2312 3561 quo-
