2553 3960
274 196 394 259 200
440 210 500 258 c,
535 210 833 258 sun'rom
869 210 1125 270 TRANQ.
1161 210 1255 256 DE
1289 210 1452 257 vrrA
1484 210 1853 258 CAESARUM
1882 211 2022 258 ΜΒ.
2057 212 2175 257 vn.

272 365 462 426 miliae
487 363 744 424 breviter
767 365 1058 442 attingam.
1134 365 1245 439 Qui
1275 367 1492 444 primus
1517 364 1904 443 Sulpiciorum
1930 381 2262 440 cognomen

274 448 491 511 Galbae
516 447 641 508 tulit
665 466 765 507 cur
789 457 885 508 aut
908 448 1056 508 unde
1080 450 1342 527 traxerit,
1370 444 1693 526 ainbigitur.
1764 448 2007 523 Quidam
2042 457 2260 526 putant,

273 532 429 612 quod
453 531 727 611 oppidum
745 531 1056 610 Hispaniae
1078 531 1291 592 frustra
1316 532 1410 592 diu
1434 541 1829 610 oppugnatum
1843 532 2019 592 inlitis
2035 531 2262 592 demum

271 616 524 695 galbano
548 615 775 676 facibus
800 614 1195 685 succenderit;
1223 616 1352 693 alii,
1381 615 1536 696 quod
1559 618 1615 675 in
1652 615 1912 677 diuturna
1951 615 2263 676 valitudine

271 700 522 779 gallice,
548 698 606 759 id
629 709 719 760 est
741 699 1012 760 remediis
1034 699 1165 759 lana
1191 699 1501 778 involutis,
1530 698 1761 760 assidue
1795 708 2084 769 uteretur;
2120 717 2262 761 non·
2286 714 2310 749 ε

272 784 433 862 nulli,
461 783 618 864 quod
634 784 1013 863 praepinguis
1026 782 1199 843 fuerit
1209 785 1387 860 visus,
1413 803 1584 862 quem
1605 783 1837 861 galbam
1854 783 2001 844 Galli
2014 793 2263 854 vocent;

274 868 370 930 vel
402 877 625 945 contra,
651 867 807 946 quod
831 877 943 928 tam
960 866 1153 944 exilis,
1178 885 1347 946 quam
1370 877 1500 928 sunt
1524 867 1790 928 animalia
1809 869 1958 947 quae
1977 869 2034 927 in
2059 884 2261 927 aescu-

273 953 345 1012 lis
369 961 677 1012 nascuntur
701 951 1186 1030 appellanturque
1210 952 1443 1029 galbae.
1485 951 1782 1016 Familiam
1805 951 2114 1012 illustravit
2128 951 2261 1010 Ser·

272 1038 399 1096 vius
428 1034 607 1097 Galba
631 1035 986 1111 consularis,
1009 1043 1333 1114 temporum
1369 1051 1600 1096 suorum
1638 1045 1696 1095 et
1733 1035 2259 1114 eloquentissimus,

274 1138 444 1200 quem
470 1118 696 1180 tradunt
719 1118 1051 1198 Hispaniam
1076 1137 1151 1178 ex
1186 1128 1457 1198 praetura
1483 1120 1871 1198 eminentem,
1897 1120 2131 1197 triginta
2155 1118 2332 1178 Lu-1o

274 1205 585 1263 sitanorum
608 1202 836 1261 milibus
861 1202 1103 1281 perfidia
1144 1203 1467 1282 trucidatis,
1505 1204 1810 1265 Viriathini
1856 1203 1998 1263 belli
2031 1220 2263 1264 causam

275 1287 553 1347 extitisse.
641 1285 780 1346 Eius
814 1303 1004 1365 nepos
1044 1285 1119 1345 ob
1154 1287 1446 1366 repulsam
1480 1288 1813 1349 consulatus
1835 1287 2094 1348 infensus
2116 1285 2264 1346 Iulio

275 1369 533 1446 Caesari,
564 1371 723 1432 cuius
746 1370 976 1447 legatus
998 1371 1056 1429 in
1071 1369 1255 1430 Gallia
1278 1372 1489 1450 fuerat,
1517 1371 1876 1451 conspiravit
1901 1390 2026 1433 cum
2053 1370 2261 1432 Cassio

275 1465 332 1516 et
352 1455 552 1532 Bruto,
579 1462 821 1533 propter
844 1453 1000 1532 quod
1028 1453 1205 1514 Pedia
1227 1454 1365 1532 lege
1388 1456 1684 1517 damnatus
1708 1464 1815 1515 est.
1853 1455 1946 1517 Ab
1982 1454 2098 1516 hoc
2132 1462 2264 1514 sunt

273 1539 640 1619 imperatoris
678 1536 895 1599 Galbae
928 1556 1069 1598 avus
1100 1556 1169 1599 ac
1205 1549 1399 1619 pater:
1438 1558 1578 1601 avus
1618 1540 1831 1601 clarior
1867 1538 2068 1600 studiis
2093 1556 2263 1618 quam
2286 1556 2332 1595 ιε

274 1624 552 1700 dignitate
579 1623 727 1702 (non
750 1623 900 1682 enim
933 1640 1211 1699 egressus
1237 1633 1545 1703 praeturae
1581 1623 1854 1702 gradum)
1887 1622 2262 1702 multiplicem

272 1725 384 1767 nec
400 1707 746 1767 incuriosam
757 1705 1055 1767 historiam
1072 1706 1247 1767 edidit
1263 1731 1276 1777 ;
1296 1717 1464 1786 pater
1481 1707 1782 1768 consulatu
1794 1707 2044 1784 functus,
2067 1724 2259 1785 quam·

277 1808 443 1869 quam
467 1789 631 1849 brevi
653 1807 924 1869 corpore,
949 1799 1121 1870 atque
1147 1793 1323 1851 etiam
1339 1792 1566 1870 gibber,
1591 1791 1974 1871 modicaeque
1997 1792 2053 1849 in
2068 1790 2259 1852 dicen·

274 1874 348 1935 do
374 1873 688 1951 facultatiS,
716 1890 920 1933 causas
942 1874 1219 1934 industrie
1254 1879 1527 1937 actitavit.
1583 1877 1819 1937 Uxores
1853 1874 2050 1935 habuit
2082 1873 2258 1934 Mum·

273 1959 439 2019 miam
461 1956 797 2035 Achaicam,
820 1966 1055 2036 neptem
1081 1956 1268 2020 Catuli
1299 1968 1763 2039 proneptemque
1794 1960 1857 2021 L.
1888 1959 2137 2037 Mummi,
2162 1958 2259 2037 qui
2278 1971 2331 2013 ²0

275 2040 608 2103 Corinthum
634 2041 875 2110 excidit;
911 2044 1046 2102 item
1079 2044 1296 2104 Liviam
1331 2044 1650 2106 Ocellinam
1677 2044 1850 2104 ditem
1875 2044 2175 2104 admodum
2205 2050 2262 2101 et

275 2125 589 2205 pulchram,
618 2144 650 2185 a
676 2143 786 2203 qua
810 2133 999 2185 tamen
1024 2126 1342 2188 nobilitatis
1367 2147 1540 2189 causa
1564 2130 1859 2208 appetitus
1884 2128 2036 2189 ultro
2063 2126 2260 2188 existi-

274 2218 475 2286 matur,
509 2218 567 2267 et
591 2208 885 2287 aliquanto
913 2211 1136 2270 enixius
1160 2220 1296 2290 post
1324 2230 1492 2291 quam
1527 2212 1768 2273 subinde
1801 2213 2033 2273 instanti
2069 2212 2261 2271 vitium

277 2292 546 2371 corporis
569 2301 801 2352 secreto
826 2291 1016 2371 posita
1039 2303 1206 2355 veste
1230 2295 1469 2375 detexit,
1495 2315 1566 2357 ne
1593 2299 1753 2376 quasi
1776 2298 2034 2375 ignaram
2052 2296 2260 2357 fallere

277 2376 589 2437 videretur.
645 2375 738 2435 Ex
755 2374 1014 2439 Achaica
1040 2378 1260 2441 liberos
1287 2380 1482 2442 Gaium
1513 2389 1571 2441 et
1605 2382 1869 2442 Servium
1904 2380 2258 2460 procreavit,
2276 2392 2328 2434 2⁵

277 2475 517 2540 quorum
540 2460 724 2521 maior
754 2460 927 2522 Gaius
951 2464 1157 2523 attritis
1180 2465 1548 2526 facultatibus
1574 2465 1717 2525 urbe
1755 2466 1963 2543 cessit,
2005 2462 2259 2544 prohibi·

276 2553 483 2623 tusque
522 2563 560 2687 ἶ
593 2543 827 2605 Tiberio
858 2546 1055 2606 sortiri
1089 2566 1240 2609 anno
1278 2566 1391 2613 suo.
1421 2549 1893 2628 proconsulatum
1938 2548 2260 2609 voluntaria

274 2637 459 2690 morte
484 2645 519 2688 o
563 2628 644 2687 iit.

218 2725 253 2779 4
394 2713 522 2773 Ser.
560 2710 918 2793 Galbalmp.
954 2715 1030 2776 Μ.
1066 2716 1307 2777 Valerio
1342 2710 1631 2794 Messala,
1672 2715 1792 2778 GN.
1827 2717 2069 2778 Lentulo
2095 2733 2257 2777 cons.

275 2806 441 2859 natus
475 2805 567 2858 est
590 2796 773 2857 v1111:
806 2797 1045 2858 Kl.1an.
1075 2800 1133 2858 in
1159 2800 1293 2861 villa
1320 2800 1460 2861 colli
1488 2803 1859 2882 superposita
1898 2818 2086 2882 prope
2118 2799 2256 2859 Ter·
2279 2806 2329 2847 ³⁰

274 2882 555 2958 racinam,
593 2882 959 2942 sinistrorsus
985 2882 1218 2943 Fundos
1246 2884 1605 2963 petentibus,
1642 2885 2066 2964 adoptatusque
2099 2902 2131 2943 a
2157 2900 2257 2942 no·

274 2984 449 3026 verca
475 2983 578 3026 sua
601 2964 721 3025 Livi
738 2982 946 3025 nomen
971 2974 1029 3025 et
1051 2966 1293 3027 Ocellae
1317 2985 1642 3046 cognomen
1670 2970 2008 3048 assumpsit,
2045 2975 2257 3028 mutato

278 3051 682 3127 praenomine;
714 3068 844 3111 nam
875 3050 1109 3110 Lucium
1140 3068 1278 3111 mox
1317 3069 1426 3131 pro
1464 3054 1670 3114 Servio
1703 3071 1889 3132 usque
1928 3053 2000 3113 ad
2033 3063 2258 3130 tempus

276 3132 501 3208 imperii
537 3136 853 3213 usurpavit.
915 3132 1157 3196 Constat
1179 3135 1502 3212 Augustum
1537 3155 1720 3216 puero
1757 3136 1960 3214 adhuc,
1994 3136 2258 3204 salutanti

277 3230 342 3273 se
375 3214 615 3306 internae
696 3218 1257 3317 aleS,‘apprehensa
1290 3219 1538 3305 buccula
1577 3221 1827 3283 dixisse:
1864 3214 1999 3282 Καὶ
2030 3209 2116 3279 σύ
2149 3213 2326 3279 ἰε’-3ο

279 3313 446 3356 κνῡν
478 3313 593 3374 της
669 3316 826 3379 ρχης
845 3300 1035 3381 ημῶν
1071 3295 1486 3386 παρατρεόξῃ.
1555 3304 1672 3364 Sed
1713 3315 1770 3365 et
1801 3305 2089 3381 Tiberius,
2132 3321 2256 3362 cum

281 3378 665 3456 comperisset
687 3382 1092 3461 imperaturum
1116 3406 1242 3447 eum
1266 3405 1465 3448 verum
1489 3390 1546 3449 in
1580 3399 1834 3467 senecta,
1871 3388 2057 3450 Vivat
2080 3405 2255 3466 sane,

280 3459 387 3532 ait,
422 3460 764 3537 quandoid
785 3467 873 3525 ad
894 3487 1011 3530 nos
1038 3471 1193 3531 nihil
1208 3474 1512 3549 pertinet!
1564 3473 1695 3534 Avo
1727 3491 1960 3553 quoque
1994 3473 2116 3533 eius
2150 3471 2233 3530 ful
