2553 3960
318 269 436 334 102
492 281 552 330 c.
579 281 880 329 somom
914 280 1165 339 TRANQ.
1200 282 1295 327 DE
1328 281 1494 327 vrrA
1531 279 1898 328 cmsffltm
1926 278 2064 326 Lm.
2090 278 2192 325 111.

314 438 459 497 ciem
492 437 834 498 sacramenti
863 439 920 494 in
954 436 1291 514 provincias
1318 435 1605 512 gravioris
1635 434 1783 494 caeli
1812 433 2132 510 distribuit,
2175 432 2309 493 reli·

312 539 459 600 quos
489 521 680 598 gentis
712 520 967 580 eiusdem
989 518 1085 578 vel
1121 519 1324 579 similia
1356 528 1648 579 sectantes
1679 517 1822 578 urbe
1850 518 2171 593 summovit,
2204 517 2310 577 sub

311 622 503 685 poena
549 613 869 684 perpetuae
908 604 1202 663 servitutis
1240 604 1351 663 nisi
1395 603 1920 682 obtemperassent.
1976 601 2217 682 Expulit
2253 610 2311 661 et

309 688 776 766 mathematicos,
821 687 925 748 sed
970 687 1415 765 deprecantibus
1444 705 1515 747 ac
1546 704 1612 747 se
1642 694 1823 746 artem
1851 686 2141 747 desituros
2172 703 2308 765 pro—

309 773 662 833 mittentibus
694 775 916 833 veniam
948 770 1121 831 dedit.
2329 784 2355 823 ὀ

225 870 292 926 37
437 855 504 917 In
529 859 726 936 primis
753 856 998 917 tuendae
1022 857 1186 934 pacis
1210 873 1244 915 a
1266 857 1617 933 grassaturis
1639 872 1710 915 ac
1734 854 2051 915 latrociniis
2074 854 2308 914 seditio-

307 959 556 1020 numque
599 941 832 1001 licentia
873 958 1065 1000 curam
1098 939 1313 1000 habuit.
1369 941 1660 1000 Stationes
1688 938 1923 999 militum
1952 957 2061 1018 per
2090 936 2310 999 Italiam

308 1026 482 1085 solito
527 1026 954 1104 frequentiores
985 1024 1287 1103 disposuit.
1343 1024 1564 1084 Romae
1601 1032 1792 1084 castra
1822 1023 2143 1099 constituit,
2187 1023 2307 1102 qui-

307 1107 415 1168 bus
450 1111 857 1188 praetorianae
893 1108 1199 1185 cohortes,
1242 1125 1435 1185 vagae
1468 1116 1599 1167 ante
1639 1107 1694 1167 id
1723 1116 1949 1186 tempus
1979 1115 2038 1166 et
2067 1125 2176 1186 per
2207 1107 2307 1165 ho-

307 1193 478 1271 spitia
509 1192 842 1271 dispersae,
876 1193 1326 1251 continerentur.
2330 1203 2384 1245 ιο

433 1276 753 1355 Populares
805 1276 1074 1336 tumultus
1128 1284 1187 1335 et
1228 1284 1392 1336 ortos
1437 1277 1783 1353 gravissime
1830 1274 2090 1335 coercuit
2134 1284 2192 1334 et
2236 1292 2311 1333 ne

307 1369 613 1420 orerentur
649 1360 854 1420 sedulo
873 1362 1055 1420 cavit.
1121 1358 1317 1420 Caede
1347 1362 1404 1419 in
1434 1360 1660 1420 theatro
1693 1378 1802 1440 per
1834 1358 2182 1419 discordiam
2214 1357 2309 1418 ad-

304 1445 508 1521 missa,
554 1446 743 1523 capita
787 1445 1098 1506 factionum
1129 1453 1188 1503 et
1219 1443 1562 1520 histriones,
1606 1453 1853 1523 propter
1885 1461 2034 1522 quos
2068 1442 2291 1506 disside

305 1528 503 1605 batur,
534 1528 847 1606 relegavit,
876 1547 988 1589 nec
1011 1538 1072 1588 ut
1100 1537 1412 1589 revocaret
1442 1546 1704 1606 umquam
1727 1528 1860 1588 ullis
1890 1527 2090 1607 populi
2118 1544 2282 1606 pree.

305 1612 412 1672 bus
468 1615 653 1690 potuit
705 1614 916 1673 evinci.
1003 1611 1145 1673 Cum
1196 1612 1524 1673 Pollentina
1576 1612 1748 1691 plebs
1795 1612 1963 1672 funus
2018 1610 2306 1672 cuiusdam
2330 1628 2383 1669 ιιι

306 1697 676 1777 primipilaris
717 1715 831 1758 non
873 1699 1034 1777 prius
1067 1716 1142 1757 ex
1170 1697 1305 1756 foro
1336 1699 1623 1771 misisset,
1671 1714 1839 1776 quam
1875 1704 2103 1756 extorta
2134 1713 2306 1774 pecu-

304 1782 399 1841 nia
444 1799 551 1859 per
590 1783 706 1840 vim
742 1780 1053 1841 heredibus
1096 1780 1167 1841 ad
1208 1780 1611 1858 gladiatorium
1641 1799 1874 1857 munus,
1907 1779 2208 1840 cohortem
2235 1777 2308 1839 ab

305 1864 448 1924 urbe
490 1873 549 1924 et
576 1864 743 1925 aliam
772 1883 804 1925 a
837 1864 991 1925 Cotti
1024 1882 1248 1942 regno,
1280 1864 1631 1925 dissimulata
1658 1866 1878 1925 itineris
1915 1870 2118 1940 causa,
2147 1863 2304 1923 dete-

307 1950 413 2009 ctis
456 1958 697 2028 repente
729 1950 900 2010 armis
947 1949 1497 2029 concinentibusque
1535 1949 1714 2026 signis
1745 1967 1854 2028 per
1881 1948 2142 2009 diversas
2173 1965 2305 2027 por·

304 2042 393 2093 tas
435 2033 492 2091 in
534 2033 806 2111 oppidum
849 2035 1104 2110 immisit,
1151 2052 1219 2094 ac
1249 2043 1473 2112 partem
1501 2034 1778 2094 maiorem
1810 2034 2006 2112 plebei
2036 2051 2107 2094 ac
2135 2033 2303 2093 decu·
2327 2041 2383 2082 ²0

304 2118 529 2177 rionum
568 2120 625 2176 in
659 2127 941 2196 perpetua
977 2116 1207 2178 vincula
1247 2120 1481 2179 coiecit.
1551 2117 1833 2179 Abolevit
1862 2127 1919 2178 et
1946 2120 2034 2177 ius
2063 2134 2305 2177 morem-

305 2218 416 2278 que
467 2200 786 2277 asylorum,
841 2219 990 2280 quae
1040 2220 1278 2280 usquam
1330 2211 1511 2263 erant.
1583 2200 1890 2277 Cyzicenis
1930 2203 1985 2261 in
2035 2203 2196 2263 cives
2233 2201 2304 2261 R.

304 2284 614 2343 violentius
657 2286 936 2364 quaedam
988 2289 1143 2347 ausis
1193 2286 1427 2365 publice
1479 2286 1806 2348 libertatem
1847 2286 2089 2362 ademit,
2141 2302 2306 2364 quam

303 2367 688 2435 Mithridatico
718 2369 878 2430 bello
908 2379 1253 2431 meruerant.

429 2451 687 2513 Hostiles
726 2463 946 2532 motuS,
992 2455 1146 2516 nulla
1185 2465 1392 2534 postea
1431 2456 1802 2535 expeditione
1848 2464 2155 2534 suscepta,
2200 2465 2383 2533 pern

303 2536 536 2613 legatos
589 2541 976 2616 compescuit,
1031 2558 1104 2599 ne
1147 2558 1275 2618 per,
1302 2558 1410 2600 eos
1451 2540 1677 2620 quidem
1720 2541 1830 2599 nisi
1873 2548 2209 2599 cunctanter
2248 2546 2308 2597 et

303 2623 661 2682 necessario.
736 2623 936 2700 Reges
992 2624 1238 2684 infestos
1289 2632 1715 2704 suspectosque
1770 2621 2307 2684 comminationibus

300 2707 486 2781 magis
517 2715 576 2765 et
606 2707 884 2784 querellis
914 2725 1081 2786 quam
1111 2709 1166 2766 vi
1193 2708 1506 2787 repressit:
1553 2708 1831 2786 quosdam
1862 2726 1971 2787 per
2003 2706 2304 2768 blanditias

303 2798 474 2867 atque
514 2793 800 2867 promissa
846 2801 1141 2852 extractos
1182 2790 1251 2851 ad
1294 2811 1359 2852 se
1396 2809 1511 2850 non
1553 2793 1798 2869 remisit,
1840 2800 1901 2851 nt
1927 2789 2304 2853 Marobodum

303 2871 665 2950 Germanum,
695 2875 1111 2953 Rhascypolim
1141 2874 1457 2953 Thracem,
1486 2876 1837 2937 Archelaum
1870 2873 2300 2954 Cappadocem,
2326 2883 2382 2925 ⁸⁰

304 2958 464 3016 cuius
493 2959 663 3020 etiam
693 2976 934 3036 regnum
965 2961 1020 3017 in
1048 2960 1290 3019 formam
1322 2961 1657 3038 provinciae
1690 2960 1939 3038 redegit.

219 3055 289 3108 38
426 3040 667 3104 Biennio
722 3045 990 3104 continuo
1040 3053 1176 3122 post
1225 3043 1493 3123 adeptum
1543 3046 1840 3123 imperium
1887 3044 2095 3124 pedem
2138 3049 2304 3120 porta

302 3139 418 3181 non
451 3127 682 3196 extulit;
725 3129 991 3207 sequenti
1028 3136 1289 3206 tempore
1322 3137 1726 3208 praeterquam
1756 3132 1814 3189 in
1842 3129 2165 3208 propinqua
2197 3141 2301 3202 op·

302 3203 435 3282 pida
478 3217 567 3283 et,
617 3227 743 3269 cnm
790 3211 1159 3290 longissime,
1211 3212 1388 3272 Antio
1419 3223 1584 3273 tenus
1614 3232 1889 3295 nusquam
1918 3213 2088 3288 afuit,
2130 3208 2303 3289 idque

302 3304 543 3385 perraro
588 3300 646 3350 et
674 3312 893 3371 paucos
924 3295 1075 3363 dies:
1124 3298 1383 3373 quamvis
1411 3299 1742 3375 provincias
1782 3315 2015 3378 quoque
2048 3305 2105 3355 et
2133 3311 2301 3355 exer·
2325 3302 2382 3343 ³⁵

304 3378 450 3430 citus
488 3376 804 3437 revisurum
850 3399 915 3439 se
956 3400 1135 3459 saepe
1180 3383 1609 3458 pronuntiasset
1651 3392 1711 3443 et
1751 3399 1940 3461 prope
1973 3378 2302 3461 quotannis

302 3453 728 3548 profectionem
758 3474 1157 3541 praepararet,
1194 3465 1478 3525 vehiculis
1511 3466 1981 3545 comprehensis,
2016 3480 2301 3524 commea·

301 3532 452 3592 tibus
488 3554 596 3613 per
621 3543 927 3622 municipia
966 3556 1024 3607 et
1056 3550 1317 3610 colonias
1348 3549 1676 3627 dispositis,
1708 3551 1778 3612 ad
1814 3560 2128 3612 extremum
2164 3558 2301 3614 vota
