2553 3960
529 228 726 277 Lxxx
1198 224 1619 273 PRAEFATIO.

532 402 638 459 pro
672 385 933 442 Mortuus
971 387 1134 441 estin
1176 383 1295 455 salo
1329 384 1553 456 (phalo)
1602 375 1614 462 Ι
1663 388 1734 443 23
1772 385 1829 437 in
1863 385 2064 454 oppido
2100 401 2209 456 ego
2241 403 2350 458 pro

530 471 730 541 oppido
768 463 779 546 Ι
815 475 884 528 24
911 472 992 526 nil
1022 476 1107 524 ter
1120 469 1285 525 Wolf
1307 485 1409 540 pro
1439 469 1575 523 nihil
1611 464 1621 544 Ι
1659 472 1727 525 25
1757 467 1817 522 id
1842 466 2010 523 Wolf
2034 484 2138 539 pro
2165 470 2310 524 idem
2334 463 2346 547 Ι

531 560 600 613 29
633 561 690 610 et
717 560 786 615 34
814 554 1044 610 Caecilio
1077 558 1134 608 et
1165 553 1388 608 Caecilii
1424 551 1665 608 Crinitus
1698 556 1756 605 ot
1790 551 2036 607 Muretus
2066 568 2171 622 pro
2208 551 2349 608 Gae-

531 640 616 694 rio
647 644 704 693 et
734 638 920 694 Caerii
944 654 1016 692 ex
1056 653 1111 707 p·
1146 641 1423 709 291„⁹.8;
1470 635 1636 691 etiam
1680 650 1739 706 p.
1769 640 1909 704 294,
1957 639 2025 693 25
2057 635 2348 692 Parisinus

533 721 690 794 prior
723 722 863 778 Celio
892 722 1065 777 habet
1111 711 1122 796 Ι
1172 726 1241 778 30
1274 719 1472 774 dicitur
1502 719 1579 774 Th
1593 719 1923 785 Mommsen3
1959 723 2114 775 totus
2142 735 2348 776 versus

532 812 589 860 et
636 806 871 878 amplius
922 823 952 862 a
991 802 1242 860 Parisino
1286 801 1479 874 priore
1522 804 1684 858 abest
1731 793 1743 881 Ι
1802 808 1869 861 35
1912 803 2351 859 dinumeratione

533 889 793 961 Sehopen
844 904 948 961 pro
998 888 1444 943 denumeratione
1491 887 1583 942 vel
1641 886 1710 941 de
1759 887 2170 941 enumeratione
2212 878 2224 962 Ι
2277 892 2346 948 37

530 973 759 1044 Hecyra
799 977 1068 1028 summota
1102 972 1180 1026 Th
1194 971 1494 1026 Mommsen
1547 962 1558 1047 Ι
1616 975 1689 1029 38
1722 969 1810 1026 die
1840 968 2094 1026 omittunt
2118 975 2347 1027 veteres

532 1055 659 1111 edd.
686 1072 798 1125 pro
825 1070 967 1112 nova
999 1055 1229 1111 Ritschl.

650 1144 785 1208 293,
843 1145 877 1199 6
920 1152 1150 1210 eamque
1183 1138 1441 1210 Sehopen
1498 1153 1602 1209 pro
1643 1151 1884 1209 namque
1931 1136 2022 1192 vel
2049 1137 2280 1192 eandem
2333 1132 2344 1214 Ι

530 1228 567 1281 8
593 1223 684 1277 isti
716 1222 838 1278 edd.
876 1239 980 1295 pro
1007 1225 1116 1292 ipsi
1148 1213 1160 1300 Ι
1199 1228 1265 1280 11
1295 1237 1419 1276 cum
1435 1220 1612 1277 Aldus
1644 1237 1749 1293 pro
1778 1221 1927 1292 quod
1958 1211 1971 1299 Ι
2008 1226 2077 1283 14
2103 1226 2349 1291 tempore

531 1305 787 1361 omittunt
816 1304 1054 1363 Parisiui
1091 1296 1103 1385 Ι
1143 1312 1208 1366 19
1237 1305 1422 1361 domui
1448 1321 1559 1376 ego
1591 1320 1696 1378 pro
1724 1305 1888 1360 demu
1917 1305 2011 1360 vel
2050 1304 2196 1359 domi
2227 1301 2238 1376 Ι
2277 1311 2349 1365 28

531 1388 743 1445 Santra
771 1389 1033 1446 Erasmus
1066 1406 1169 1462 pro
1201 1389 1372 1445 Satra
1410 1387 1420 1462 Ι
1468 1394 1537 1450 32
1568 1389 1797 1460 Popillio
1825 1388 2071 1444 Muretus
2101 1403 2204 1460 pro
2230 1388 2347 1445 Po-

525 1475 681 1544 pilio,
719 1473 1019 1544 Pompilio,
1058 1472 1271 1544 Popilio
1320 1468 1330 1550 Ι
1389 1478 1459 1534 34
1489 1473 1750 1528 dicantur
1789 1488 1898 1542 ego
1937 1487 2042 1544 pro
2083 1471 2347 1529 dicuntur

531 1558 621 1614 vei
670 1558 983 1614 dicerentur
1032 1550 1044 1634 Ι
1097 1561 1164 1617 37
1204 1573 1317 1629 qua
1344 1557 1654 1614 Aseensius
1691 1573 1740 1612 a.
1772 1560 1909 1615 1504
1952 1562 2008 1610 et
2041 1554 2188 1611 liare
2236 1572 2345 1629 pro

530 1643 628 1712 qui
658 1642 749 1698 vel
789 1644 948 1714 quia,
989 1641 1095 1697 afr.
1129 1658 1183 1714 p.
1218 1647 1319 1710 59,
1350 1647 1436 1701 23.

655 1730 779 1796 294,
811 1733 838 1784 1
863 1726 1214 1798 percipiendi
1242 1725 1368 1781 edd.
1401 1741 1505 1797 pro
1530 1724 1930 1799 percipienda‚·
1954 1723 2086 1780 addi
2123 1740 2347 1796 quoque

530 1807 713 1880 potuit
743 1809 822 1864 ad
853 1801 866 1887 Ι
902 1815 937 1868 3
971 1823 1227 1880 eyressus
1264 1808 1456 1864 urbem
1486 1814 1570 1863 est
1594 1807 1909 1880 Stephanus
1948 1801 1959 1882 Ι
1996 1813 2030 1867 6
2056 1814 2109 1864 et
2151 1823 2348 1866 navem

528 1897 590 1946 ut
624 1907 729 1963 pro
759 1907 954 1947 navem
986 1888 1228 1965 (navim)
1260 1896 1322 1948 ut
1345 1909 1472 1963 ego.
1518 1892 1701 1948 navim
1729 1907 1854 1947 cum
1887 1892 2012 1948 edd.
2051 1885 2061 1967 Ι
2099 1898 2132 1952 9
2164 1906 2195 1946 e
2220 1890 2344 1948 Me·

527 1974 747 2032 nandro
788 1974 1073 2034 Sehildius
1111 1995 1161 2033 a.
1193 1983 1363 2047 1656,
1406 1976 1508 2033 sed
1553 1976 1658 2032 cfr.
1695 1973 1897 2033 Cicero
1941 1976 2012 2032 de
2048 1975 2247 2034 finibus
2289 1987 2340 2049 1,

529 2066 584 2129 3,
612 2067 666 2123 7.
757 2058 972 2115 Gellius
1009 2066 1064 2131 2,
1094 2065 1183 2131 23,
1213 2062 1268 2120 6‘.
1354 2061 1600 2118 Donatus
1637 2059 1693 2115 in
1726 2060 2036 2132 appendice
2068 2059 2234 2116 huius
2257 2059 2341 2116 vi-

528 2148 618 2198 tae
657 2136 667 2216 Ι
706 2151 776 2203 10
793 2143 1074 2199 Arcadiae
1103 2143 1422 2217 Stymphala
1449 2145 1561 2200 sive
1575 2143 1853 2200 Leucadia
1878 2143 2155 2199 Erasmus·
2219 2144 2342 2199 sinu

527 2225 841 2283 Leucadiae
868 2227 1152 2285 Parisinus
1181 2227 1494 2301 posterior,
1530 2228 1669 2283 Edd.
1726 2219 1739 2303 Ι
1786 2232 1856 2287 12
1886 2240 1962 2283 ex
1996 2242 2106 2297 ego
2139 2243 2245 2299 pro
2274 2242 2343 2282 ac

527 2324 606 2365 ex
633 2311 724 2366 vel
759 2313 887 2365 acri
929 2305 939 2388 Ι
999 2318 1065 2371 16
1095 2314 1152 2367 in
1180 2314 1268 2367 via
1300 2313 1672 2380 Burmannus,
1707 2311 1809 2367 sed
1849 2310 1951 2365 οἶν.
1982 2328 2036 2383 p.
2074 2316 2208 2381 116,
2258 2318 2342 2370 15.

530 2399 647 2458 147.
680 2400 766 2456 28.
810 2400 948 2465 208,
982 2401 1067 2455 29.
1112 2402 1234 2465 231,
1266 2401 1350 2455 19.
1396 2401 1534 2464 252,
1564 2401 1614 2455 9.
1659 2399 1783 2466 291,
1816 2400 1902 2453 25.
1945 2400 2083 2465 295,
2121 2399 2191 2454 14
2225 2387 2237 2471 Ι
2278 2400 2342 2455 16

528 2478 710 2534 villam
733 2480 885 2534 delet
922 2477 1216 2552 Schopen‚
1253 2479 1355 2535 sed
1386 2479 1489 2535 cfr.
1523 2495 1577 2549 p.
1609 2485 1732 2549 113,
1768 2484 1838 2537 28
1874 2471 1885 2555 Ι
1924 2484 1990 2539 16
2019 2476 2137 2545 Quo
2167 2481 2342 2551 mayis

410 2590 417 2599 ·
526 2563 701 2617 miror
734 2569 842 2619 ete.
876 2562 1030 2618 delet
1055 2563 1264 2633 Bothe,
1296 2562 1396 2618 sed
1429 2562 1535 2617 eir.
1569 2579 1621 2632 p.
1658 2568 1793 2633 162,
1826 2568 1911 2622 17.
1952 2567 2090 2631 262,
2121 2570 2190 2622 10
2226 2555 2238 2640 Ι
2276 2567 2343 2623 18

205 3238 372 3283 florum
397 3240 503 3283 vlu.

524 2646 664 2701 nihil
701 2646 932 2702 Publius
977 2646 1163 2717 Scipio
1198 2645 1451 2717 profuit,
1505 2645 1644 2700 nihil
1681 2647 1736 2701 ei
1769 2646 1992 2701 Laelius
2038 2644 2218 2701 Aldus
2272 2662 2342 2701 ex

526 2747 580 2801 p.
613 2736 750 2800 292,
781 2736 852 2789 23
899 2727 910 2802 Ι
960 2735 1026 2789 19
1064 2731 1127 2785 id
1148 2729 1316 2787 Wolf
1345 2745 1449 2802 pro
1480 2729 1621 2785 idem
1671 2720 1684 2808 Ι
1733 2734 1803 2788 24
1834 2730 1980 2785 dices
2008 2728 2342 2798 Asconsius,

525 2811 702 2870 Aldus
751 2805 762 2889 Ι
824 2818 893 2872 25
934 2811 1214 2870 Vulcatius
1254 2813 1367 2869 Seb
1387 2814 1551 2869 Brant
1591 2831 1642 2869 a.
1681 2819 1820 2873 1503
1857 2829 1961 2886 pro
2008 2805 2337 2890 Vulcanus}

528 2902 597 2957 33
644 2902 701 2952 tu
746 2898 804 2952 in
845 2898 1070 2952 summis
1116 2915 1148 2955 o
1201 2897 1517 2969 Stephanus
1565 2913 1669 2969 pro
1716 2903 1776 2951 tu
1812 2898 1872 2951 in
1915 2897 2207 2953 summisso
2247 2897 2340 2952 vel

525 2986 637 3035 tam
667 2982 954 3037 summisso
991 2972 1002 3059 Ι
1040 2987 1107 3041 37
1143 2996 1276 3038 neve
1306 2996 1412 3053 pro
1450 2994 1627 3051 neque
1658 2996 1785 3051 ego.
1855 2995 2033 3053 neque
2071 2981 2130 3037 in
2163 2980 2291 3037 edd.
2329 2974 2339 3054 Ι

524 3070 590 3124 37
623 3065 911 3137 despectus
961 3065 1087 3120 edd.
1121 3081 1226 3137 pro
1266 3064 1521 3135 despecta
1559 3077 1636 3119 ex
1673 3064 1765 3119 vel
1814 3064 2071 3136 despecta
2106 3057 2117 3141 Ι
2157 3069 2229 3124 38
2268 3078 2344 3119 ac

526 3163 635 3217 ego
669 3166 772 3220 pro
806 3164 883 3203 au
917 3148 1008 3202 vel
1041 3154 1110 3203 et.
1230 3194 1241 3204 .

654 3230 718 3297 Q.
765 3231 1050 3287 Horatii
1097 3229 1348 3288 Flaeei
1390 3230 1615 3287 vitam
1668 3232 1738 3287 ab
1779 3225 2054 3305 aliquoffl)
2083 3236 2337 3287 veterum

661 3425 753 3489 67)
804 3427 1039 3478 Fortasse
1071 3428 1303 3491 Acrone,
1343 3444 1458 3479 cum
1487 3429 1770 3496 Porphyrio
1800 3430 1972 3496 ipsum
2018 3443 2074 3479 se
2109 3428 2247 3479 dicat
2275 3428 2345 3478 de

523 3496 628 3544 vita
660 3502 842 3561 poetae
868 3495 1205 3546 narrationem
1241 3498 1529 3564 scripsisse,
1559 3498 1627 3548 ad
1658 3497 1807 3550 Satir.
1848 3499 1896 3560 1,
1924 3498 1977 3561 6,
2013 3496 2100 3549 41.
