2553 3960
289 192 370 254 28
461 204 521 253 e.
559 205 858 253 snmom
889 205 1144 265 TRANQ.
1176 205 1274 252 m:
1304 205 1468 252 vrrA
1505 204 1874 252 CAESARUM
1909 204 2048 253 Lm.
2077 204 2126 252 1.

204 369 274 422 68
295 360 517 435 Quibus
543 360 719 419 rebus
750 369 809 419 et
835 359 1246 421 devotissimos
1274 360 1385 419 sibi
1416 368 1475 420 et
1500 360 1855 420 fortissimos
1881 357 2152 419 reddidit.
2210 359 2300 419 In-

289 461 504 522 gresso
549 444 723 504 civile
762 443 977 504 bellum
1021 447 1392 505 centuriones
1434 446 1711 522 cuiusque
1739 443 1995 520 legionis
2033 444 2301 521 singulos

293 530 517 609 equites
564 547 597 587 e
639 530 851 588 viatico
893 546 999 588 suo
1045 529 1408 609 optulerunt,
1440 529 1696 587 universi
1736 528 1949 588 milites
1990 529 2303 605 gratuitam

293 623 353 674 et
382 615 511 672 sine
536 612 826 672 frumento
865 614 1273 692 stipendioque
1305 630 1576 692 operam;
1626 629 1752 671 cum
1789 613 2115 671 tenuiorum
2154 619 2303 671 tute-

292 698 405 758 lam
434 697 856 776 locupletiores
893 699 950 756 in
980 716 1047 756 se
1076 697 1477 757 contulissent.
1546 695 1752 775 Neque
1784 697 1839 754 in
1883 704 1998 756 tam
2036 695 2303 756 diuturno
2324 717 2349 756 5

295 782 485 861 spatio
518 782 815 859 quisquam
862 783 1094 841 omnino
1140 781 1416 857 descivit,
1454 779 1722 860 plerique
1763 782 1915 859 capti
1958 795 2307 839 concessam

294 865 404 925 sibi
435 864 541 924 sub
577 864 912 925 conditione
940 867 1149 943 vitam,
1188 866 1237 924 si
1279 866 1524 925 militare
1568 865 1849 925 adversus
1889 881 2018 923 eum
2059 862 2305 939 vellent,

293 957 660 1015 recusarunt:
703 949 909 1009 famem
949 959 1008 1009 et
1040 958 1270 1009 ceteras
1304 950 1719 1024 necessitates,
1763 965 1880 1008 non
1913 965 2040 1007 cum
2073 945 2305 1007 obside-

293 1042 492 1094 rentur
519 1031 694 1092 modo
724 1032 830 1093 sed
858 1042 918 1093 et
948 1036 997 1093 si
1029 1035 1142 1114 ipsi
1165 1033 1316 1094 alios
1353 1031 1719 1108 obsiderent,
1748 1040 2057 1112 tantopere
2088 1031 2305 1091 tolera·

296 1118 461 1193 hant,
506 1124 568 1175 ut
592 1115 954 1190 Dyrrachina
992 1119 1307 1177 munitione
1349 1117 1661 1195 Pompeius
1704 1118 1835 1177 viso
1877 1133 2100 1194 genere
2135 1116 2305 1196 panis
2329 1131 2378 1173 ιο

297 1220 374 1261 ex
405 1199 616 1276 herba,
656 1217 771 1278 quo
817 1200 1270 1278 sustinebantur,
1314 1219 1449 1261 cum
1472 1199 1633 1278 feris
1664 1199 1790 1261 sibi
1816 1218 1947 1261 rem
1978 1218 2115 1261 esse
2142 1200 2305 1259 dixe-

295 1287 402 1362 rit,
445 1286 820 1363 amoverique
861 1286 1025 1344 ocius
1062 1303 1175 1345 nec
1215 1286 1477 1365 cuiquam
1518 1284 1747 1345 ostendi
1786 1287 2049 1362 iusserit,
2090 1303 2164 1344 ne
2203 1300 2306 1362 pa-

297 1369 497 1428 tientia
529 1376 589 1427 et
620 1370 939 1447 pertinacia
967 1368 1154 1429 hostis
1184 1372 1353 1429 animi
1382 1387 1615 1430 suorum
1644 1370 2069 1447 frangerentur.

428 1452 650 1526 Quanta
700 1452 1036 1513 fortitudine
1087 1452 1437 1531 dimicarint,
1492 1455 1826 1513 testimonio
1875 1462 1965 1513 est
2010 1452 2166 1532 quod
2211 1450 2308 1511 ad-

297 1553 474 1596 verso
521 1535 703 1596 semel
747 1536 898 1616 apud
924 1538 1345 1613 Dyrrhachium
1384 1538 1616 1618 proelio
1655 1555 1905 1617 poenam
1947 1539 2005 1595 in
2047 1555 2112 1596 se
2151 1536 2308 1595 ultro
2332 1556 2385 1597 1⁵

300 1620 810 1700 depoposcerunt,
852 1630 914 1681 ut
957 1621 1353 1682 consolandos
1397 1640 1503 1682 eos
1549 1624 1735 1699 magis
1777 1624 2095 1701 imperator
2142 1636 2310 1698 quam

299 1704 623 1785 puniendos
655 1704 941 1766 habuerit.
1028 1704 1258 1766 Ceteris
1289 1706 1535 1786 proeliis
1576 1708 1904 1766 innumeras
1943 1704 2310 1765 adversario-

298 1805 423 1848 rum
453 1790 690 1867 copiaS,
715 1790 906 1849 multis
936 1791 1195 1870 partibus
1225 1792 1337 1871 ipsi
1366 1791 1709 1869 pauciores,
1734 1790 1912 1850 facile
1942 1795 2310 1867 superarunt.

297 1872 561 1951 Denique
593 1890 704 1932 una
733 1882 936 1935 sextae
968 1873 1222 1951 legionis
1254 1875 1471 1935 cohors
1501 1876 1841 1955 praeposita
1874 1872 2118 1933 castello
2150 1880 2311 1951 quat-

300 1964 432 2017 tuor
472 1955 713 2036 Pompei
742 1956 1016 2035 legiones
1041 1977 1151 2040 per
1180 1960 1402 2039 aliquot
1426 1958 1603 2021 horas
1634 1960 1931 2035 sustinuit,
1973 1974 2163 2038 paene
2190 1972 2309 2016 om·
2331 1971 2389 2013 zo

299 2042 388 2099 nis
421 2042 651 2100 confixa
689 2041 1045 2102 multitudine
1075 2043 1371 2104 hostilium
1401 2046 1771 2121 sagittarum,
1817 2059 2053 2123 quarum
2083 2049 2313 2101 centum

302 2141 373 2184 ac
412 2125 646 2200 triginta
684 2124 841 2186 milia
876 2129 1025 2187 intra
1066 2129 1279 2189 vallum
1317 2137 1554 2208 reperta
1597 2137 1744 2187 sunt.
1816 2127 1945 2187 Nec
1981 2128 2212 2202 mirum,
2261 2125 2310 2183 si

303 2209 431 2287 quis
472 2208 830 2285 singulorum
883 2211 1035 2273 facta
1085 2215 1393 2292 respiciat,
1449 2211 1545 2272 vel
1596 2210 1761 2272 Cassi
1803 2213 2064 2272 Scaevae
2115 2219 2311 2270 centu·

302 2292 484 2351 rionis
519 2292 616 2351 vel
649 2292 752 2353 Gai
778 2293 936 2354 Acili
964 2297 1159 2357 militis
1178 2343 1196 2373 ,
1232 2314 1306 2357 ne
1337 2296 1409 2356 de
1436 2295 1698 2376 pluribus
1726 2296 1995 2356 referam.
2064 2295 2311 2370 Scaeva,

305 2393 557 2435 excusso
602 2376 807 2455 oculo,
846 2381 1155 2441 transfixus
1196 2382 1423 2442 femore
1463 2389 1522 2440 et
1561 2379 1828 2457 humero,
1876 2387 2103 2440 centum
2132 2387 2194 2438 et
2230 2379 2392 2440 vi-zs

303 2460 447 2537 ginti
485 2459 696 2519 ictibus
737 2471 905 2522 scuto
939 2464 1272 2543 perforato,
1308 2464 1626 2525 custodiam
1655 2474 1866 2545 portae
1897 2463 2188 2523 commissi
2222 2480 2314 2522 ca-

305 2541 460 2603 stelli
492 2545 743 2604 retinuit.
820 2547 1044 2608 Acilius
1088 2549 1280 2610 navali
1323 2548 1393 2609 ad
1434 2548 1747 2609 Massiliam
1786 2548 2054 2629 proelio,
2101 2549 2318 2606 iniecta

303 2629 361 2688 in
390 2646 645 2707 puppem
673 2629 924 2690 hostium
951 2632 1195 2694 dextera
1221 2643 1280 2694 et
1306 2633 1569 2709 abscisa,
1592 2632 1971 2693 memorabile
1997 2630 2137 2691 illud
2167 2628 2320 2711 apud

306 2712 568 2774 Graecos
618 2710 931 2792 Cynaegiri
973 2719 1300 2796 exemplum
1340 2718 1619 2794 imitatus,
1665 2717 1951 2777 transiluit
1991 2717 2049 2774 in
2092 2732 2318 2792 navem,

303 2797 556 2857 umbone
592 2796 804 2857 obvios
835 2817 1039 2877 agens.

218 2897 288 2952 69
422 2880 790 2941 Seditionem
814 2902 923 2962 per
949 2884 1154 2945 decem
1177 2902 1359 2945 annos
1386 2885 1623 2947 Gallicis
1649 2885 1822 2945 hellis
1846 2884 2057 2945 nullam
2083 2884 2317 2943 omnino

305 2974 644 3043 moverunt,
691 2967 957 3028 civilibus
1000 2969 1251 3049 aliquas,
1296 2969 1401 3029 sed
1433 2979 1494 3030 ut
1527 2970 1803 3031 celeriter
1835 2969 1905 3030 ad
1939 2969 2194 3029 officium
2223 2985 2317 3026 re-

307 3047 544 3126 dierint,
590 3069 703 3111 nec
745 3061 862 3112 tam
905 3052 1262 3130 indulgentia
1316 3053 1478 3113 ducis
1529 3072 1696 3133 quam
1746 3055 2113 3114 auctoritate.
2182 3049 2321 3111 Non

309 3132 459 3191 enim
487 3136 668 3193 cessit
698 3154 961 3216 umquam
988 3137 1459 3198 tumultuantibus
1492 3149 1663 3217 atque
1695 3140 1865 3199 etiam
1906 3138 2137 3197 obviam
2168 3152 2317 3195 sem-

304 3232 414 3294 per
454 3217 546 3286 iit;
593 3226 653 3277 et
691 3237 899 3281 nonam
929 3220 1158 3300 quidem
1193 3222 1491 3299 legionem
1525 3222 1674 3302 apud
1703 3222 2083 3298 Placentiam,
2124 3236 2317 3300 quam·
2338 3241 2391 3284 35

306 3315 475 3376 quam
513 3302 572 3359 in
601 3305 773 3362 armis
813 3304 998 3365 adhuc
1028 3304 1343 3386 Pompeius
1386 3316 1573 3384 esset,
1618 3316 1798 3367 totam
1833 3324 1958 3366 cum
2001 3306 2321 3383 ignominia

305 3383 537 3444 missam
572 3384 717 3444 fecit
752 3404 1052 3467 aegreque
1090 3401 1228 3470 post
1255 3391 1462 3451 multas
1504 3400 1564 3451 et
1603 3391 1886 3471 supplicis
1925 3406 2168 3469 preces,
2204 3406 2320 3448 nec

219 3465 414 3527 ‘Ionisi
459 3475 667 3528 exacta
714 3468 788 3530 de
841 3473 1104 3533 sontibus
1146 3492 1368 3556 poena,
1421 3477 1699 3546 restituit;
1754 3474 2088 3536 decimanos
2128 3481 2318 3533 autem
