2553 3960
957 237 1165 287 nwns
1200 239 1457 287 lomus.
2133 228 2216 290 29

198 394 422 457 Romae
455 410 584 452 cum
616 392 953 470 ingentibus
988 396 1155 453 minis
1184 412 1520 475 summoque
1551 397 1725 456 etiam
1749 394 1909 456 urbis
1947 394 2216 473 periculo

200 480 541 539 missionem
591 485 651 537 et
699 478 959 555 praemia
1006 479 1371 556 flagitantes,
1431 479 1673 541 ardente
1722 487 1857 538 tunc
1905 480 1965 537 in
2014 477 2218 539 Africa

199 564 393 640 hello,
433 579 625 640 neque
676 560 841 621 adire
891 570 1190 622 cunctatus
1233 572 1355 640 est,
1409 581 1746 643 quamquam
1789 562 2218 622 deterrentibus

201 649 436 722 amicis,
468 663 661 724 neque
692 644 1013 716 dimittere;
1047 646 1153 706 sed
1182 664 1295 706 una
1325 664 1510 724 voce,
1541 666 1653 727 qua
1677 648 1935 723 Quirites
1968 664 2076 706 eos
2107 664 2217 726 pro

157 730 478 791 smilitibus
531 727 885 809 appellarat,
926 738 1042 791 tam
1093 731 1271 791 facile
1319 733 1662 809 circumegit
1714 740 1775 791 et
1825 731 2020 808 flexit,
2059 740 2120 790 ut
2164 731 2218 790 ei

201 816 416 876 milites
469 831 608 873 esse
652 813 959 874 confestim
997 815 1411 894 responderint
1449 826 1509 877 et
1555 817 1812 894 quamvis
1853 823 2219 874 recusantem

202 901 355 961 ultro
396 899 457 958 in
489 897 751 958 Africam
790 898 904 957 sint
944 900 1160 969 secuti3
1200 917 1272 960 ac
1314 901 1402 959 sic
1445 916 1678 979 quoque
1717 899 2219 959 seditiosissimum

202 1000 491 1065 quemque
524 991 583 1041 et
616 981 869 1060 praedae
901 991 961 1042 et
991 986 1117 1060 agri
1147 983 1417 1044 destinati
1448 985 1618 1044 tertia
1647 992 1813 1063 parte
1842 982 2120 1043 multavit.

332 1066 593 1127 Studium
618 1074 678 1125 et
707 1066 852 1126 fides
876 1084 1020 1144 erga
1051 1066 1281 1127 clientis
1308 1086 1382 1127 ne
1412 1070 1605 1128 iuveni
1636 1067 1863 1146 quidem
1890 1067 2215 1129 defuerunt.
2233 1075 2294 1129 71

138 1176 186 1217 ιο
201 1149 549 1214 Masintham
589 1148 847 1210 nobilem
890 1152 1188 1228 iuvenem,
1228 1169 1359 1211 cum
1394 1152 1675 1213 adversus
1702 1151 2094 1232 Hiempsalem
2124 1170 2216 1211 re-

201 1254 341 1315 gem
368 1244 486 1295 tam
515 1235 687 1295 enixe
717 1234 1077 1295 defendisset
1105 1245 1167 1296 ut
1192 1235 1371 1297 Iubae
1400 1239 1564 1315 regis
1596 1238 1717 1297 lilio
1748 1239 1805 1296 in
1833 1236 2218 1297 altercatione

200 1320 444 1382 barbam
491 1320 800 1396 invaserit,
860 1320 1293 1399 stipendiarium
1352 1338 1585 1399 quoque
1644 1322 2099 1401 pronuntiatum,
2159 1327 2219 1378 et

202 1403 672 1466 abstrahentibus
724 1405 914 1464 statim
959 1406 1173 1484 eripuit
1223 1406 1652 1484 occultavitque
1713 1404 1864 1484 apud
1911 1423 1978 1464 se
2019 1403 2114 1463 diu
2159 1411 2219 1462 et

200 1507 372 1568 mox,
436 1508 513 1549 ex
562 1497 832 1568 praetura
879 1488 1267 1567 proficiscens
1309 1491 1368 1548 in
1407 1489 1770 1569 Hispaniam,
1818 1491 1969 1548 inter
2019 1488 2214 1548 officia

138 1596 186 1637 ιε
203 1575 683 1656 prosequentium
711 1573 1024 1651 fascesque
1052 1573 1319 1634 lictorum
1350 1574 1562 1634 lectica
1591 1591 1693 1633 sua
1723 1575 1938 1634 avexit.

331 1658 576 1718 Amicos
618 1666 773 1720 tauta
819 1674 1054 1736 semper
1090 1658 1368 1718 facilitate
1407 1657 1882 1735 indulgentiaque
1925 1657 2212 1733 tractavit,
2231 1670 2300 1724 72

201 1753 262 1803 ut
303 1742 449 1803 Gaio
494 1740 686 1821 Oppio
740 1743 1032 1802 comitanti
1075 1759 1141 1801 se
1190 1760 1299 1821 per
1344 1741 1620 1802 silvestre
1660 1743 1773 1801 iter
1821 1748 2214 1819 correptoque
2351 1751 2356 1756 ·

200 1827 392 1888 subita
426 1824 743 1886 valitudine
780 1824 1189 1886 deversoriolo
1225 1843 1333 1903 eo,
1374 1824 1532 1904 quod
1559 1844 1729 1886 unum
1764 1834 1922 1902 erat,
1969 1827 2216 1884 cesserit

203 1920 263 1972 et
291 1913 424 1991 ipse
456 1909 608 1968 humi
641 1927 711 1969 ac
738 1910 844 1969 sub
873 1908 1008 1970 divo
1041 1910 1323 1970 cubuerit.
1398 1910 1518 1971 Iam
1558 1920 1746 1971 autem
1781 1927 1972 1970 rerum
2001 1918 2213 1990 potens

136 1995 487 2076 mquosdam
535 1997 704 2054 etiam
747 1996 922 2054 infimi
968 1997 1205 2073 generis
1246 1995 1318 2055 ad
1351 1996 1738 2075 amplissimos
1778 1995 2038 2055 honores
2076 2013 2212 2073 pro-

202 2081 395 2157 vexit,
428 2096 556 2138 cum
593 2078 669 2138 ob
707 2078 764 2139 id
795 2079 1154 2159 culparetur,
1200 2079 1505 2160 professus
1532 2081 1749 2160 palam,
1793 2080 1854 2140 si
1884 2086 2211 2159 gyras-sato-

198 2183 341 2225 rum
370 2170 434 2224 et
457 2163 833 2223 sicariorum
865 2180 983 2241 ope
1014 2164 1080 2224 in
1113 2163 1343 2225 tuenda
1370 2182 1491 2225 sua
1519 2164 1820 2244 dignitate
1846 2181 2000 2224 usus
2030 2171 2211 2239 esset,

202 2247 442 2310 talibus
471 2264 709 2327 quoque
745 2265 815 2308 sc
840 2265 1066 2325 parem
1095 2249 1369 2327 qratiam
1395 2249 1754 2310 relaturum.

333 2330 666 2392 Simultates
699 2340 903 2391 contra
928 2332 1114 2392 nullas
1155 2341 1269 2393 tam
1307 2350 1523 2410 graves
1553 2335 1791 2411 excepit
1831 2349 2104 2410 unquam,
2155 2340 2215 2390 ut
2229 2340 2300 2395 73

133 2432 324 2477 2⁵non
366 2417 683 2476 occasione
728 2415 923 2477 oblata
952 2415 1141 2476 libens
1182 2416 1527 2496 deponeret.
1617 2417 1718 2477 Gai
1745 2417 2007 2492 Memmi,
2053 2416 2213 2476 cuius

201 2501 546 2580 asperrimis
592 2500 949 2560 orationibus
995 2517 1114 2560 uon
1152 2502 1377 2560 minore
1429 2501 1749 2562 acerbitate
1802 2461 2213 2580 rescripserat,

202 2587 382 2647 etiam
432 2583 786 2662 suffragator
834 2602 972 2644 mox
1022 2586 1081 2644 in
1133 2586 1415 2665 petitione
1469 2583 1805 2645 consulatus
1855 2584 1980 2644 fuit.
2070 2584 2212 2645 Gaio

204 2669 397 2731 Calvo
425 2676 565 2749 post
592 2669 814 2729 famosa
845 2670 1259 2748 epigrammata
1304 2667 1376 2728 de
1416 2667 1897 2729 reconciliatione
1936 2684 2046 2745 per
2080 2668 2213 2727 ami·

205 2771 313 2815 cos
340 2753 539 2831 agenti
567 2752 720 2812 ultro
751 2770 822 2813 ac
848 2754 1012 2832 prior
1045 2755 1300 2833 scripsit.
1358 2752 1654 2814 Valerium
1685 2750 2000 2827 Catullum,
2032 2768 2065 2810 a
2100 2768 2216 2830 quo

135 2837 320 2898 sosihi
362 2836 673 2896 versiculis
714 2835 788 2897 de
827 2835 1112 2898 Mamurra
1150 2845 1436 2917 perpetua
1480 2838 1748 2914 stigmata
1790 2836 2059 2916 imposita
2097 2852 2214 2894 non

204 2919 699 2998 dissimulaverat,
744 2923 882 2981 satis
926 2921 1238 2981 facientem
1290 2921 1494 2982 eadem
1547 2921 1642 2982 die
1691 2920 1946 2983 adhibuit
1997 2937 2214 2980 caenae

202 3007 583 3085 hospitioque
631 3007 814 3086 patris
860 3006 1018 3081 eius,
1063 3007 1214 3065 sicut
1264 3013 1608 3084 consuerat,
1657 3008 1739 3065 uti
1789 3007 2212 3084 perseveravit.

207 3090 328 3151 Sed
370 3098 430 3149 et
481 3091 540 3149 in
587 3088 927 3151 ulciscendo
976 3099 1176 3150 natura
1219 3090 1581 3166 lenissimus,
1630 3092 1879 3168 piratas,
1931 3107 1963 3148 a
2007 3090 2213 3169 quibus
2231 3104 2301 3159 74

209 3184 415 3254 captus
441 3183 564 3251 est,
606 3192 732 3234 cum
770 3176 829 3235 in
859 3173 1149 3234 dicionem
1180 3174 1544 3252 redegisset,
1580 3176 1848 3253 quoniam
1878 3174 2215 3234 suffixurum

136 3273 275 3319 asse
321 3260 646 3318 cruciante
683 3260 1005 3335 iuraverat,
1046 3259 1293 3336 iugulari
1322 3261 1482 3338 prius
1519 3259 1712 3335 iussit,
1748 3257 1956 3318 deiude
1985 3259 2210 3336 suffigi:

208 3340 493 3407 Cornelio
520 3340 832 3421 Phagitae,
875 3345 1036 3404 cuius
1077 3342 1366 3423 quondam
1403 3351 1717 3403 nocturnas
1757 3341 1992 3402 insidias
2030 3358 2213 3419 aeger

206 3445 278 3489 ac
304 3427 528 3503 latens,
561 3444 635 3487 ne
664 3427 1082 3506 perduceretur
1111 3426 1183 3488 ad
1212 3426 1459 3503 Sullam,
1491 3429 1590 3486 vix
1621 3428 1880 3506 praemio
1913 3425 2047 3485 dato
2078 3441 2209 3483 eva-

206 3520 400 3590 serat,
441 3527 743 3591 numquam
784 3529 1005 3573 nocere
1048 3513 1345 3580 sustinuit;
1377 3510 1786 3571 ‘Philemonem
1818 3528 1853 3570 a
1882 3524 2048 3566 manu
2087 3523 2210 3564 ser-
