2553 3960
277 236 396 302 166
478 250 539 299 ο.
565 250 866 299 summu
890 251 1147 311 TRANQ.
1177 252 1272 298 mr
1298 250 1467 299 vrrA
1495 249 1867 299 cassanum
1908 250 2047 299 ms.
2079 251 2140 297 v.

271 409 467 469 niasse
500 424 568 466 se
597 407 711 465 vim
745 407 801 466 ei
831 405 904 465 ab
934 405 1132 485 Appio
1172 404 1436 475 inlatam
1483 405 1701 479 altera,
1749 406 1807 464 in
1846 403 2283 467 admirationem

271 491 547 568 formata,
590 490 701 550 sibi
745 507 979 569 quoque
1023 488 1266 549 eandem
1309 489 1571 567 speciem
1605 488 1831 567 aliquot
1862 491 1973 549 iam
2011 489 2281 552 noctibus

275 574 579 636 obversari
626 574 871 644 rettulit3
928 592 1040 633 nec
1083 572 1260 632 multo
1293 582 1430 651 post
1467 590 1545 632 ex
1583 574 1911 652 composito
1952 574 2281 653 inrumpere

274 660 505 739 Appius
535 660 855 733 nuntiatus,
902 659 993 718 cui
1023 655 1209 736 pridie
1240 655 1312 716 ad
1341 656 1399 715 id
1426 659 1707 736 temporis
1743 666 1802 716 ut
1847 656 2081 718 adesset
2111 677 2280 737 prae·

277 751 508 823 ceptum
537 752 694 819 erat,
740 744 903 821 quasi
935 741 1108 821 plane
1151 750 1697 819 repraesentaretur
1727 742 1934 802 somnii
1973 740 2149 819 fides,
2193 761 2280 803 ar·
2301 766 2329 805 5

277 828 431 888 cessi
473 827 661 886 statim
701 843 770 886 ac
813 827 960 885 mori
999 827 1189 885 iussus
1240 833 1349 884 est.
1417 824 1544 884 Nec
1588 824 1867 885 dubitavit
1911 834 2152 904 postero
2189 825 2280 887 die

277 910 551 974 Claudius
593 909 854 971 ordinem
896 911 981 969 rei
1022 917 1228 988 gestae
1261 909 1528 992 perferre
1567 909 1639 970 ad
1670 918 1930 970 senatum
1970 928 2040 971 ac
2069 910 2281 972 liberto

276 997 495 1074 gratias
531 1012 748 1071 agere,
791 993 945 1074 quod
979 1011 1086 1073 pro
1128 992 1315 1053 salute
1362 1010 1464 1052 sua
1495 994 1664 1053 etiam
1708 994 2000 1054 dormiens
2032 994 2281 1056 excuba-

191 1088 390 1151 aeret.
436 1079 567 1141 Irae
610 1086 783 1157 atque
823 1078 1154 1139 iracundiae
1190 1077 1462 1137 conscius
1485 1077 1629 1156 sibi,
1661 1086 1959 1158 utramque
1981 1080 2283 1140 excusavit

280 1163 474 1225 edicto
504 1161 907 1241 distinxitque,
944 1161 1241 1241 pollicitus
1271 1161 1538 1222 alteram
1566 1162 1806 1241 quidem
1834 1161 2079 1223 brevem
2105 1170 2166 1224 et
2187 1163 2279 1223 in·
2303 1178 2356 1221 ιο

274 1246 565 1321 noxiam,
601 1246 865 1306 alteram
887 1264 1013 1307 non
1037 1245 1331 1305 iniustam
1358 1244 1522 1323 fore.
1578 1244 1973 1325 Ostiensibus,
2006 1249 2138 1327 quia
2173 1247 2284 1307 sibi

277 1331 547 1392 subeunti
578 1330 830 1392 Tiberim
862 1329 1108 1409 scaphas
1140 1328 1371 1391 obviam
1399 1348 1516 1390 non
1538 1331 1828 1409 miserint,
1866 1334 2125 1408 graviter
2154 1348 2281 1392 cor·

274 1416 492 1496 reptis,
542 1432 730 1494 eaque
775 1432 903 1475 cum
946 1414 1188 1491 invidia,
1237 1423 1297 1474 ut
1344 1415 1403 1473 in
1437 1414 1694 1475 ordinem
1732 1434 1798 1475 se
1841 1424 2107 1476 coactum
2147 1433 2280 1476 con-

276 1499 596 1577 scriberet,
654 1509 899 1579 repente
943 1507 1158 1559 tantum
1201 1515 1318 1558 non
1368 1501 1508 1559 satis
1552 1499 1819 1559 facientis
1852 1499 2023 1560 modo
2055 1501 2280 1560 veniam

276 1585 451 1647 dedit.
501 1584 794 1658 Quosdam
839 1585 897 1643 in
939 1582 1178 1662 publico
1212 1600 1415 1662 parum
1442 1585 1788 1663 tempestive
1823 1582 2083 1645 adeuntis
2113 1602 2280 1643 manu
2301 1603 2356 1646 ιε

276 1688 378 1731 sua
420 1667 696 1748 reppulit.
764 1668 909 1730 Item
954 1666 1201 1727 scribam
1248 1669 1672 1747 quaestorium,
1726 1669 1977 1749 itemque
2010 1678 2282 1747 praetura

275 1754 531 1814 functum
562 1762 893 1814 senatorem
922 1750 1211 1812 inauditos
1246 1760 1307 1811 et
1335 1754 1606 1828 innoxios
1638 1753 1960 1831 relegavit,
1998 1752 2154 1831 quod
2182 1752 2280 1811 ille

277 1836 556 1899 adversus
591 1840 871 1916 privatum
904 1854 969 1897 se
1003 1836 1482 1915 intemperantius
1524 1836 1813 1914 affuisset,
1858 1836 1953 1896 hic
1990 1839 2048 1896 in
2083 1836 2279 1898 aedili·

277 1930 392 1984 tate
458 1920 768 2000 inquilinos
813 1920 1180 2000 praediorum
1234 1937 1502 1999 suorum,
1569 1929 1774 1983 contra
1822 1922 2059 1982 vetitum
2112 1929 2281 1982 cocta

277 2005 624 2082 vendentes,
685 2005 986 2066 multasset
1050 2006 1397 2084 vilicumque
1454 2007 1930 2066 intervenientem
1986 2006 2351 2084 flagellas-20

277 2099 389 2151 set.
453 2089 580 2163 Qua
618 2088 691 2149 de
732 2107 907 2150 causa
943 2089 1114 2150 etiam
1158 2091 1574 2150 coercitionem
1606 2091 1949 2169 popinarum
1997 2089 2279 2151 aedilibus

277 2173 508 2236 ademit.
1788 2185 1861 2250 Ι

407 2256 500 2316 Ac
545 2274 618 2316 ne
661 2254 952 2316 stultitiam
996 2258 1224 2336 quidem
1268 2276 1428 2318 suam
1467 2258 1724 2336 reticuit,
1768 2258 2203 2338 simulatamque
2246 2277 2278 2318 a

278 2361 347 2402 se
374 2360 451 2401 ex
483 2339 760 2401 industria
792 2340 898 2400 sub
929 2339 1103 2420 Gaio,
1151 2341 1309 2420 quod
1340 2343 1507 2403 aliter
1545 2360 1825 2412 evasurus
1869 2352 2277 2421 perventurus-

282 2444 395 2505 que
427 2424 500 2486 ad
532 2433 862 2504 susceptam
890 2426 1198 2487 stationem
1223 2443 1342 2485 non
1369 2426 1566 2504 fuerit,
1599 2426 1934 2506 quibusdam
1958 2428 2275 2486 oratiuncu·
2296 2444 2352 2486 25

277 2510 351 2570 lis
379 2517 624 2570 testatus
648 2518 766 2577 est:
804 2527 914 2570 nec
938 2519 1128 2571 tamen
1157 2511 1483 2590 persuasit,
1518 2528 1646 2570 cum
1676 2512 1822 2571 intra
1844 2510 2028 2570 breve
2052 2518 2280 2589 tempus

275 2594 428 2655 liber
462 2592 648 2654 editus
683 2595 787 2671 sit,
822 2596 911 2654 cui
941 2595 1115 2655 index
1146 2602 1270 2655 erat
1297 2590 1575 2674 Μωρῶν
1608 2586 2069 2672 ἐπανάστασις,
2106 2611 2278 2670 argu-

276 2687 527 2740 mentum
557 2687 779 2756 autem,
813 2679 1105 2740 stultitiam
1136 2679 1425 2738 neminem
1459 2679 1705 2757 fingere.

193 2773 263 2830 39
403 2762 563 2824 Inter
592 2771 789 2823 cetera
813 2763 868 2822 in
893 2780 965 2822 eo
989 2764 1171 2823 mirati
1201 2771 1333 2822 sunt
1358 2762 1620 2823 homines
1651 2772 1709 2824 et
1737 2762 2092 2824 oblivionem
2115 2771 2175 2823 et
2195 2765 2277 2822 in-

279 2846 779 2923 considerantiam,
801 2846 897 2906 vel
916 2855 975 2905 ut
991 2847 1218 2909 Graece
1242 2846 1449 2924 dicam,
1474 2846 1843 2927 μετεωρίαν
1857 2835 2274 2927 θιᾶβλεψίαν.
2297 2863 2351 2905 30

276 2930 489 2992 Occisa
518 2929 856 3007 Messalina,
890 2932 1065 3009 paulo
1100 2939 1235 3010 post
1263 2949 1432 3010 quam
1462 2933 1519 2991 in
1552 2931 1803 2991 triclinio
1836 2931 2135 3008 decubuit,
2168 2950 2281 2992 cur

275 3013 530 3076 domina
568 3033 694 3077 non
731 3015 969 3076 veniret
1006 3016 1288 3094 requisiit.
1353 3014 1568 3076 Multos
1614 3033 1691 3074 ex
1725 3016 1827 3090 iis,
1890 3033 2041 3094 quos
2089 3016 2280 3095 capite

278 3096 675 3175 damnaverat,
721 3108 962 3179 postero
996 3101 1186 3159 statim
1228 3097 1322 3158 die
1369 3108 1428 3158 et
1472 3100 1527 3158 in
1560 3100 1860 3159 consilium
1908 3108 1968 3159 et
2006 3098 2078 3160 ad
2113 3099 2278 3159 aleae

274 3181 461 3243 lusum
495 3182 790 3243 admoneri
821 3184 987 3242 iussit
1015 3192 1106 3259 et,
1142 3184 1306 3260 quasi
1335 3192 1729 3261 morarentur,
1762 3191 1822 3242 ut
1854 3183 2279 3244 somniculosos

276 3281 386 3342 per
417 3265 669 3323 nuntium
701 3267 1007 3346 increpuit.
1050 3266 1344 3327 Ducturus
1375 3276 1574 3327 contra
1604 3268 1692 3328 fas
1722 3266 2105 3347 Agrippinam
2135 3283 2277 3327 uxo·
2297 3287 2352 3330 ss

275 3363 425 3423 rem,
461 3363 577 3406 non
622 3351 874 3410 cessavit
914 3352 1067 3411 omni
1114 3353 1379 3411 oratione
1420 3351 1619 3430 filiam
1655 3357 1715 3412 et
1753 3351 2069 3412 alumnam
2115 3358 2176 3412 et
2212 3350 2281 3411 in

273 3431 507 3506 gremio
537 3447 651 3490 suo
678 3437 892 3493 natam
922 3441 1108 3515 atque
1139 3433 1468 3496 educatam
1496 3435 1859 3515 praedicare.
1932 3435 2278 3498 Adsciturus

276 3511 335 3568 in
377 3529 587 3572 nomen
640 3511 970 3595 Neronem,
1032 3519 1196 3598 quasi
1249 3536 1451 3598 parum
1503 3517 2062 3600 reprehenderetur,
2121 3517 2278 3598 quod
