2553 3960
270 189 391 252 184
448 199 507 248 c.
535 199 834 248 sumom
867 199 1122 258 TRANQ.
1149 199 1245 245 DE
1276 198 1444 246 vrrs
1476 197 1842 245 CAESARUM
1871 197 2008 244 Lm.
2037 197 2131 244 vr.

264 355 541 434 silvisque
573 355 763 431 varia,
800 371 926 415 cum
971 351 1327 413 multitudine
1368 353 1551 412 omnis
1592 351 1827 429 generis
1871 349 2153 431 pecudum
2196 368 2268 412 ac

264 439 535 499 ferarum.
622 439 689 499 In
720 438 932 503 ceteris
964 436 1224 515 partibus
1256 446 1463 498 cuncta
1494 452 1633 496 auro
1657 435 1778 512 lita,
1813 434 2079 497 distincta
2104 453 2264 512 gem·

261 525 371 582 mis
405 524 789 601 unionumque
835 520 1073 581 conchis
1112 530 1301 591 erant;
1350 522 1718 580 caenationes
1758 518 2063 598 laqueatae
2104 518 2262 580 tabu-

265 607 336 667 lis
367 605 639 668 eburneis
669 604 1060 681 versatilibus,
1093 614 1152 667 ut
1181 605 1381 682 flores,
1412 604 1711 681 fistulatis,
1748 612 1808 663 ut
1841 611 2132 680 unguenta
2163 602 2261 663 de·
2308 638 2321 649 ·

265 709 442 770 super
492 698 908 770 spargerentur
922 713 936 760 ;
993 690 1309 768 praecipua
1361 691 1756 755 caenationum
1798 686 2071 763 rotunda,
2115 704 2311 766 quaes

266 784 553 854 perpetuo
581 774 784 835 diebus
812 792 882 834 ac
914 773 1183 837 noctibus
1214 774 1346 833 vice
1374 772 1565 833 mundi
1596 772 2118 848 circumageretur;
2162 769 2262 830 ba-

265 859 454 922 lineae
482 859 716 919 marinis
749 867 806 918 et
847 856 1057 918 albulis
1099 857 1345 919 fluentes
1385 856 1568 935 aquis.
1657 855 1798 919 Eius
1841 853 1995 921 modi
2037 854 2265 914 domum

267 942 739 1004 cumabsolutam
765 940 1082 1018 dedicaret,
1111 940 1392 1003 hactenus
1427 939 1858 1019 comprobavit,
1904 947 1964 998 ut
1997 955 2066 999 se
2108 937 2262 998 dice-

264 1037 357 1088 ret
387 1027 572 1106 quasi
597 1025 898 1092 hominem
926 1025 1171 1093 tandem
1198 1023 1490 1094 habitare
1517 1024 1817 1102 coepisse.

292 1175 297 1180 ,
382 1110 697 1178 Praeterea
724 1109 1032 1175 inchoabat
1061 1110 1341 1189 piscinam
1386 1127 1420 1169 a
1461 1108 1686 1173 Miseno
1731 1107 1803 1168 ad
1844 1106 2137 1167 Avernum
2178 1104 2258 1166 la·
2282 1123 2337 1164 10

267 1214 411 1272 cum,
451 1202 778 1256 contectam
809 1193 1241 1272 porticibusque
1276 1190 1637 1269 conclusam,
1675 1208 1788 1271 quo
1823 1189 2094 1271 quidquid
2124 1189 2263 1253 totis

261 1278 395 1338 Bais
448 1277 757 1338 calidarum
818 1294 1091 1355 aquarum
1161 1287 1321 1337 esset
1388 1284 1826 1337 converteretur
1839 1298 1853 1345 ;
1911 1275 2131 1335 fossam
2188 1273 2261 1333 ab

264 1362 503 1422 Averno
535 1360 753 1424 Ostiam
784 1379 991 1439 usque,
1021 1369 1084 1420 ut
1112 1359 1355 1420 navibus
1385 1378 1497 1420 nec
1527 1369 1718 1422 tamen
1744 1361 1884 1419 mari
1904 1361 2106 1435 iretur,
2134 1357 2259 1418 lon-

263 1444 534 1523 gitudinis
566 1451 672 1525 per
704 1453 930 1511 centum
962 1447 1267 1522 sexaginta
1296 1445 1471 1521 milia,
1506 1442 1848 1520 latitudinis,
1892 1460 2004 1521 qua
2036 1450 2259 1503 contra-

262 1531 385 1595 riae
418 1531 860 1610 quinqueremes
890 1537 1293 1595 commearent.
1383 1529 1637 1604 Quorum
1680 1545 1920 1607 operum
1953 1527 2258 1605 perficien-
2285 1536 2334 1576 15

264 1613 465 1674 dorum
499 1615 687 1692 gratia
718 1613 871 1694 quod
900 1612 1110 1693 ubique
1156 1621 1316 1673 esset
1358 1611 1652 1672 custodiae
1699 1613 1753 1671 in
1781 1610 2003 1677 Italiam
2043 1610 2259 1690 depor-

264 1699 394 1775 tari,
429 1699 600 1759 etiam
634 1697 863 1759 scelere
896 1698 1200 1759 convictos
1228 1696 1454 1757 nonnisi
1496 1695 1568 1756 ad
1615 1713 1763 1777 opus
1805 1695 2055 1756 damnari
2094 1711 2260 1774 prae·

266 1791 526 1859 ceperat.

307 1866 316 1875 ’
390 1865 481 1930 Ad
512 1864 662 1926 hunc
684 1866 1099 1944 impendiorum
1123 1864 1400 1942 furorem,
1420 1881 1596 1942 super
1621 1863 1883 1924 fiduciam
1907 1862 2153 1941 imperii,
2178 1869 2259 1921 et·

263 1952 373 2012 iam
400 1968 508 2030 spe
537 1949 779 2029 quadam
808 1951 1110 2030 repentina
1136 1950 1535 2014 immensarum
1561 1956 1618 2012 et
1641 1946 2260 2025 reconditarumopum
2277 1959 2336 2001 20

264 2034 541 2115 impulsus
600 2044 690 2094 est
747 2052 822 2094 ex
857 2035 1065 2096 indicio
1108 2036 1319 2112 equitis
1368 2033 1438 2094 R.
1479 2049 1587 2112 pro
1634 2041 1935 2111 comperto
1977 2030 2259 2110 pollicen-

263 2120 358 2195 tis,
393 2117 699 2182 thesauros
731 2118 1155 2197 antiquissimae
1185 2135 1389 2195 gazae,
1417 2134 1562 2196 quos
1590 2115 1741 2176 Dido
1784 2115 1988 2192 regina
2029 2114 2260 2191 fugiens

265 2201 421 2277 Tyro
458 2218 655 2261 secum
698 2201 1023 2279 extulisset,
1064 2220 1196 2262 esse
1240 2204 1298 2261 in
1343 2199 1544 2261 Africa
1585 2200 1923 2259 vastissimis
1966 2197 2260 2277 specubus
2362 2263 2373 2273 ,

176 2297 246 2353 32
270 2284 516 2362 abditos,
550 2302 620 2345 ac
650 2302 829 2366 posse
869 2287 991 2346 erui
1026 2285 1265 2366 parvula
1300 2285 1652 2345 molientium
1682 2300 1910 2362 opera.·
1942 2284 2161 2344 Verum
2199 2290 2260 2342 ut

265 2387 404 2449 spes
436 2367 666 2447 fefellit,
700 2368 1037 2448 destitutus,
1072 2378 1243 2449 atque
1273 2370 1350 2431 ita
1382 2370 1491 2429 iam
1525 2369 1836 2428 exhaustus
1878 2376 1936 2427 et
1974 2385 2157 2445 egens
2199 2374 2330 2425 ut2⁵

145 2454 156 2467 ⁶
263 2451 545 2532 stipendia
577 2471 806 2533 quoque
835 2454 1072 2516 militum
1102 2464 1160 2514 et
1181 2451 1507 2515 ᾖιιοιιιιιιοιίιι
1552 2461 1958 2513 veteranorum
1998 2448 2258 2530 protrahi

262 2556 331 2597 ac
392 2535 608 2600 differri
666 2555 915 2599 necesse
986 2548 1178 2617 esset,
1247 2538 1544 2599 calumniis
1611 2537 1943 2616 rapinisque
2020 2533 2259 2602 intendit

259 2639 522 2682 animum.

384 2704 538 2766 Ante
570 2708 758 2768 omnia
793 2707 1061 2783 instituit,
1098 2714 1157 2766 ut
1189 2724 1220 2766 e
1268 2704 1607 2766 libertorum
1651 2704 2049 2765 defunctorum
2086 2701 2259 2761 bonis

261 2807 368 2869 pro
401 2791 641 2851 semisse
684 2789 926 2851 dextans
970 2792 1023 2850 ei
1069 2799 1401 2867 cogeretur,
1448 2791 1542 2868 qui
1583 2790 1706 2849 sine
1754 2786 2042 2866 probabili
2082 2803 2255 2846 causa
2277 2804 2330 2845 30

213 2884 241 2910 ·
262 2891 333 2934 eo
366 2873 595 2936 nomine
626 2882 845 2951 essent,
880 2892 994 2954 quo
1029 2874 1273 2940 fuissent
1299 2873 1453 2934 ullae
1487 2873 1737 2934 familiae
1774 2889 1916 2950 quas
1947 2872 2076 2949 ipse
2119 2887 2254 2930 con-

260 2958 542 3035 tingeret;
578 2958 816 3036 deinde,
847 2966 907 3030 ut
942 2960 1296 3035 ingratorum
1338 2960 1393 3017 in
1439 2958 1759 3036 principem
1804 2962 2146 3016 testamenta
2187 2952 2257 3012 ad

261 3041 461 3102 fiscum
492 3045 886 3121 pertinerent,
920 3059 990 3102 ac
1038 3061 1111 3101 ne
1153 3044 1383 3122 impune
1425 3051 1584 3102 esset
1626 3039 1899 3101 studiosis
1937 3039 2109 3115 iuris,
2161 3038 2256 3116 qui

261 3124 635 3200 scripsissent
664 3126 760 3187 vel
791 3125 1107 3188 dictassent
1142 3143 1240 3196 ea;
1285 3134 1420 3185 tunc
1461 3134 1519 3186 ut
1562 3127 1699 3203 lege
1746 3125 2063 3184 maiestatis
2100 3121 2255 3182 faeta
2324 3121 2329 3126 ’

260 3206 528 3284 dictaque
565 3213 786 3288 omnia,
832 3209 1037 3289 quibus
1066 3208 1237 3270 modo
1272 3210 1500 3271 delator
1527 3203 1642 3269 non
1677 3208 1944 3285 deesset,
1986 3215 2324 3268 teneren-sss

258 3298 367 3349 tur.
467 3290 796 3353 Revocavit
835 3303 893 3354 et
938 3293 1195 3372 praemia
1237 3311 1611 3369 coronarum,
1653 3310 1802 3372 quae
1843 3301 2103 3371 umquam
2145 3287 2255 3350 sibi

262 3372 523 3432 civitates
564 3374 618 3432 in
662 3377 1067 3440 certaminibus
1117 3377 1479 3444 detulissent.
1565 3377 1643 3437 Et
1690 3394 1816 3435 cum
1857 3374 2253 3440 interdixisset

260 3470 420 3513 usum
454 3455 813 3530 amethystini
855 3477 922 3519 ac
952 3461 1112 3537 Tyrii
1148 3463 1402 3541 coloris,
1448 3461 1940 3541 summisissetque
1983 3459 2078 3539 qui
2117 3474 2255 3516 nun·
