2553 3960
403 205 528 265 252
578 217 635 265 C.
666 216 965 264 sumom
990 216 1248 276 TRANQ.
1276 216 1372 263 ms:
1393 216 1561 262 vm&
1587 215 1956 265 CAESARUM
1979 218 2119 264 Lm.
2147 219 2301 268 v111.

403 393 515 455 que
542 373 613 434 ad
639 380 812 451 caput
846 370 1150 450 quidquam
1188 379 1440 450 excepto
1477 370 1724 450 capulo,
1770 379 1828 430 et
1865 380 2174 450 praeterea
2211 374 2415 438 clausa

401 459 590 520 omnia
619 457 988 536 repperisse;
1022 463 1195 534 atque
1218 455 1380 515 illum
1408 455 1633 515 interim
1669 454 1905 533 arrepto
1944 454 2315 539 deductoque
2340 460 2414 521 ad

399 554 613 604 terram
640 539 970 618 Stephano,
997 539 1385 600 conluctatum
1409 539 1536 615 diu,
1582 539 1712 598 dum
1743 538 1918 600 modo
1955 539 2170 601 ferrum
2214 553 2410 604 extor-

400 643 614 707 quere,
660 623 833 684 modo
874 639 1211 703 quamquam
1244 622 1472 684 laniatis
1513 624 1709 700 digitis
1749 623 1956 684 oculos
2000 625 2261 687 effodere
2309 647 2408 689 co-

400 720 582 773 natur.
2426 730 2449 768 ε

527 793 771 854 Occisus
804 799 893 852 est
926 790 1111 852 XIIII.
1149 791 1245 852 Kl.
1284 790 1453 852 Octb.
1489 808 1639 851 anno
1678 795 1882 852 aetatis
1923 792 2405 871 quadragensimo

400 881 619 959 quinto,
651 877 874 956 imperii
899 877 1097 956 quinto
1123 874 1368 937 decimo.
1416 872 1681 936 Cadaver
1703 877 1857 952 eius,
1898 877 2167 955 populari
2203 881 2405 941 sanda-

400 964 517 1044 pila
541 980 650 1041 per
671 960 1033 1038 vespillones
1069 969 1467 1039 exportatum,
1504 959 1724 1034 Phyllis
1758 963 1949 1020 nutrix
1981 961 2039 1020 in
2077 961 2406 1025 suburbano

376 1059 505 1108 ‘suo
522 1047 721 1108 Latina
743 1045 838 1104 via
872 1044 1190 1114 funeravit3
1231 1044 1336 1105 sed
1373 1044 1649 1123 reliquias
1682 1044 1899 1124 templo
1934 1043 2171 1106 Flaviae
2213 1051 2408 1126 gentis

400 1132 547 1192 clam
571 1129 785 1204 intulit,
815 1126 1225 1207 cineribusque
1245 1127 1427 1188 Iuliae
1451 1127 1561 1192 Titi
1585 1127 1759 1206 filiae,
1779 1146 1948 1208 quam
1977 1138 2035 1188 et
2056 1130 2242 1208 ipsam
2268 1132 2407 1196 edr—
2429 1151 2476 1193 10

400 1222 577 1292 carat,
612 1213 970 1274 conmiscuit.
1848 1247 1853 1250 <

318 1311 383 1366 18
522 1299 749 1357 Statura
796 1295 900 1355 fuit
943 1312 1232 1376 procera,
1290 1296 1450 1357 vultu
1489 1295 1758 1357 modesto
1806 1295 2155 1377 ruborisque
2204 1298 2408 1379 pleno,

396 1379 713 1462 grandibus
745 1379 952 1457 oculis,
976 1397 1174 1439 verum
1199 1380 1328 1439 acie
1354 1379 1693 1450 hebetiore;
1731 1389 2042 1460 praeterea
2065 1381 2313 1461 pulcher
2337 1402 2408 1446 ac

396 1467 638 1542 decens,
665 1466 911 1524 maxime
940 1464 997 1521 in
1027 1465 1278 1541 iuventa,
1302 1473 1361 1523 et
1388 1463 1617 1542 quidem
1639 1473 1762 1525 toto
1805 1481 2062 1543 corpore
2079 1511 2097 1543 ,
2137 1470 2407 1547 exceptis

397 1549 676 1631 pedibus,
724 1566 965 1627 quorum
1002 1546 1218 1625 digitos
1258 1550 1654 1609 restrictiores
1700 1548 1984 1618 habebat;
2033 1557 2242 1628 postea
2287 1553 2473 1613 cal-15

396 1637 535 1695 vitio
562 1651 794 1713 quoque
819 1632 1097 1692 deformis
1139 1640 1197 1690 et
1234 1631 1520 1693 obesitate
1556 1633 1776 1693 ventris
1813 1642 1872 1693 et
1909 1650 2137 1693 crurum
2170 1636 2404 1712 gracili-

395 1728 536 1795 tate,
561 1736 710 1796 quae
734 1726 923 1778 tamen
947 1718 1003 1776 ei
1036 1715 1350 1777 valitudine
1381 1717 1560 1794 longa
1593 1726 2045 1778 remacruerant.
2102 1715 2403 1779 Commen-

398 1802 522 1862 dari
547 1820 613 1861 se
649 1799 1003 1862 verecundia
1041 1801 1160 1860 oris
1199 1800 1347 1861 adeo
1386 1801 1704 1878 sentiebat,
1740 1811 1800 1862 ut
1835 1802 1987 1880 apud
2025 1811 2284 1862 senatum
2318 1805 2402 1863 sic

397 1885 684 1966 quondam
705 1885 1032 1945 iactaverit:
1093 1880 1302 1963 Usque
1344 1884 1549 1946 adhuc
1587 1892 1756 1947 certe
1794 1892 1851 1946 et
1897 1885 2166 1948 animum
2209 1905 2404 1948 meum
2541 1923 2546 1953 ι

389 1968 715 2051 probastis
744 1974 806 2029 et
828 1967 1076 2030 vultum.
1146 1966 1395 2031 Calvitio
1432 1970 1509 2031 ita
1544 1970 1973 2049 offendebatur,
2015 1979 2076 2031 ut
2110 1970 2167 2031 in
2203 1982 2467 2033 contu-²0

393 2056 621 2115 meliam
649 2072 809 2114 suam
830 2052 1107 2131 traheret,
1133 2054 1184 2113 si
1207 2055 1300 2114 cui
1321 2054 1416 2114 alii
1440 2056 1575 2115 ioco
1612 2056 1710 2116 vel
1746 2055 1935 2133 iurgio
1977 2055 2401 2127 obiectaretur;

397 2140 656 2218 quamvis
701 2136 937 2215 libello,
980 2156 1150 2217 quem
1194 2137 1280 2198 de
1337 2156 1506 2198 cura
1552 2140 2005 2218 capillorum
2052 2139 2124 2199 ad
2162 2141 2405 2201 amicum

397 2222 593 2300 edidit,
618 2222 765 2283 haec
806 2222 997 2299 etiam,
1032 2222 1198 2282 simul
1236 2222 1395 2282 illum
1433 2240 1615 2301 seque
1642 2224 1982 2302 consolans,
2017 2223 2359 2285 inseruerit:

630 2294 771 2385 Οὐχ
801 2292 1027 2388 ὁράᾳς,
1062 2292 1202 2377 οἷος
1231 2294 1414 2385 κᾶγώ
1444 2298 1646 2379 καλός
1675 2327 1746 2369 τε
1780 2302 1984 2389 μέγας
2022 2325 2133 2383 τες

393 2388 635 2452 Eadem
664 2408 758 2451 me
792 2396 994 2451 tamen
1019 2396 1269 2451 manent
1298 2390 1663 2468 capillorum
1691 2391 1871 2471 fata,
1915 2400 1973 2454 et
2008 2390 2166 2470 forti
2195 2393 2401 2455 animo
2419 2419 2467 2460 π

392 2474 531 2553 fero
566 2491 804 2537 comam
830 2473 898 2534 in
928 2473 1356 2536 adulescentia
1383 2484 1815 2555 senescentem.
1881 2476 2070 2539 Scias
2107 2494 2223 2537 nec
2249 2495 2401 2556 qra-

315 2562 380 2617 19
395 2559 515 2620 tius
547 2560 869 2638 quicquam
902 2557 1128 2620 decore
1164 2576 1280 2619 nec
1307 2557 1573 2620 brevius.
1634 2560 1880 2622 Laboris
1916 2561 2254 2638 impatiens,
2301 2580 2403 2642 pe-

396 2643 561 2704 dibus
593 2662 697 2722 per
718 2643 920 2704 urbem
943 2660 1060 2706 non
1080 2651 1304 2703 temere
1328 2642 1673 2722 ambulavit,
1707 2647 1765 2706 in
1803 2643 2178 2724 expeditione
2204 2654 2263 2705 et
2300 2664 2404 2723 ag-

394 2730 546 2787 mine
571 2745 722 2806 equo
747 2728 953 2803 rarius,
978 2726 1189 2787 lectica
1213 2728 1446 2787 assidue
1470 2736 1673 2789 vectus
1709 2738 1819 2795 est.
1877 2729 2185 2790 Armorum
2215 2729 2400 2805 nullo,

394 2812 732 2889 sagittarum
781 2810 875 2870 vel
922 2812 1241 2889 praecipuo
1292 2811 1480 2871 studio
1528 2813 1850 2874 tenebatur.
1929 2811 2220 2874 centenas
2255 2814 2471 2873 variiso

392 2896 630 2975 generis
673 2895 833 2955 feras
869 2913 1051 2974 saepe
1084 2898 1143 2954 in
1178 2893 1409 2956 Albano
1447 2913 1689 2957 secessu
1728 2898 2136 2958 conficientem
2168 2906 2401 2976 specta-

394 2998 535 3041 vere
568 2979 857 3059 plerique,
882 2988 1055 3059 atque
1079 2982 1248 3040 etiam
1281 2998 1356 3039 ex
1392 2979 1666 3042 industria
1701 2984 1780 3042 ita
1818 2980 2172 3060 quarundam
2212 2983 2404 3061 capita

395 3065 689 3142 figentem,
725 3072 785 3123 ut
808 3062 1032 3124 duobus
1065 3064 1274 3123 ictibus
1310 3064 1472 3142 quasi
1504 3083 1721 3126 cornua
1757 3064 2043 3126 efficeret.
2082 3064 2401 3126 ‚Nonnum-
2542 3129 2546 3145 .

394 3166 561 3225 quam
585 3148 641 3206 in
680 3149 844 3226 pueri
881 3147 1087 3226 procul
1129 3149 1330 3207 stantis
1363 3148 1816 3228 praebentisque
1853 3166 1961 3228 pro
1999 3150 2248 3229 scopulo
2287 3150 2401 3209 dis-
2544 3159 2545 3228 1

396 3247 631 3307 pansam
654 3229 930 3293 dexterae
954 3249 1152 3292 manus
1182 3231 1449 3310 palmam,
1475 3233 1717 3311 sagittas
1739 3242 1895 3294 tanta
1921 3241 2045 3293 arte
2071 3232 2315 3311 direxit,
2341 3242 2402 3293 ut-
2421 3259 2469 3300 35
2544 3239 2545 3300 ᾗ

396 3328 596 3371 omnes
621 3331 727 3391 per
751 3315 1058 3377 intervalla
1089 3315 1399 3393 digitorum
1421 3319 1670 3388 innocue
1696 3318 2034 3377 evaderent.

275 3399 378 3452 ³20
509 3394 795 3457 Liberalia
820 3400 1003 3459 studia
1026 3401 1253 3479 imperii
1280 3401 1440 3461 initio
1478 3401 1775 3480 neglexit,
1810 3418 2153 3480 quamquam
2191 3400 2401 3461 biblio-

279 3485 284 3490 ·
392 3475 594 3535 thecas
632 3478 898 3541 incendio
934 3482 1267 3563 absumptas
1307 3484 1735 3565 impensissime
1778 3502 2059 3564 reparare
2109 3494 2401 3562 curasset,
