2553 3960
1152 258 1361 307 NERO.
2146 244 2262 307 187

260 422 324 475 ut
349 413 591 491 assolet,
622 414 732 473 iam
769 410 1007 489 grandis
1043 421 1175 473 natu
1206 431 1315 492 per
1344 412 1650 474 blanditias
1678 413 1833 473 forte
1865 413 2134 473 dixisset:
2165 409 2262 472 Se·-

260 498 389 558 mul
425 497 589 557 hanc
640 514 979 574 ecccepero,
1028 496 1193 557 mori
1231 497 1405 558 volo:
1463 514 1784 557 conversus
1840 496 1912 556 ad
1963 497 2264 574 proximos

263 580 585 659 confestim
614 600 682 641 se
702 579 1053 659 positurum
1086 580 1247 641 velut
1278 580 1523 641 irridens
1558 581 1662 658 ait,
1696 581 2112 660 praecepitque
2146 596 2262 638 me·

261 664 407 726 dicis
452 674 510 724 ut
556 664 777 742 largius
822 674 1138 742 purgarent
1178 683 1446 744 aegram,
1489 664 1734 724 necdum
1765 662 2071 723 deiunctae
2107 662 2263 722 bona

215 751 499 826 ⁸invasit,
532 765 854 828 suppresso
883 757 1258 826 testamento,
1296 767 1370 808 ne
1401 748 1538 829 quid
1566 747 1935 809 abscederet.

383 834 621 895 Uxores
652 841 888 912 praeter
924 832 1221 892 Octaviam
1252 833 1392 892 duas
1426 842 1633 910 postea
1681 832 1872 892 duxit:
1922 831 2256 910 Poppaeam
2277 848 2344 904 35

260 916 560 994 Sabinam,
614 917 949 996 quaestorio
984 926 1149 994 patre
1178 925 1365 976 natam
1399 924 1456 976 et
1491 917 1672 994 equiti
1696 917 1768 976 R.
1798 924 1967 975 antea
2000 925 2258 994 nuptam,

258 999 468 1061 deinde
498 1001 778 1061 Statiliam
806 1000 1203 1078 Messalinam,
1236 1000 1410 1060 Tauri
1440 999 1529 1059 bis
1563 999 1820 1060 consulis
1848 1017 1919 1059 ac
1946 999 2258 1078 triumpha·

256 1084 690 1173 li's·abueptem.
753 1084 879 1159 Qua
925 1092 986 1143 ut
1020 1093 1323 1162 poteretur
1346 1130 1363 1161 ,
1410 1087 1593 1144 virum
1625 1086 1752 1145 eius
1781 1083 2034 1144 Atticum
2065 1083 2258 1144 Vesti-

185 1179 238 1222 10
256 1187 387 1229 num
432 1169 733 1230 consulem
777 1169 835 1226 in
876 1167 1100 1229 honore
1140 1169 1271 1247 ipso
1305 1168 1630 1228 trucidavit.
1699 1168 1978 1228 Octaviae
2014 1184 2257 1228 consue-

253 1252 508 1313 tudinem
542 1254 657 1315 cito
691 1261 1071 1330 aspernatus,
1122 1251 1570 1331 corripientibus
1613 1255 1813 1313 amicis
1846 1252 2138 1332 sufficere
2166 1250 2264 1312 illi

256 1334 479 1397 debere
517 1337 821 1416 respondit
861 1336 1097 1397 umor-ia
1137 1343 1523 1398 ornamenta.
1589 1335 1848 1397 Eandem
1891 1355 2028 1397 mox
2075 1353 2258 1413 saepe

256 1420 471 1479 frustra
503 1419 868 1497 strangulare
900 1420 1228 1498 meditatus,
1264 1421 1477 1481 dimisit
1506 1429 1566 1480 ut
1601 1422 1876 1497 sterilem,
1912 1419 2018 1480 sed
2045 1421 2258 1498 impro-

254 1503 428 1564 bante
466 1503 773 1565 divortium
824 1505 1044 1583 populo
1085 1522 1196 1564 nec
1238 1514 1518 1583 parcente
1565 1505 1859 1581 convitiiS,
1906 1504 2077 1563 etiam
2107 1502 2259 1562 rele-

185 1603 236 1646 15
254 1588 452 1666 gavit,
496 1587 747 1666 denique
791 1588 1009 1647 occidit
1051 1586 1156 1646 sub
1192 1589 1431 1647 crimine
1464 1586 1878 1647 adulteriorum
1908 1586 2056 1646 adeo
2096 1587 2259 1664 inpu-

254 1671 411 1732 denti
440 1671 747 1748 falsoque,
790 1680 850 1730 ut
896 1671 954 1729 in
999 1672 1342 1748 quaestione
1375 1670 1832 1749 pernegantibus
1870 1671 2094 1731 cunctis
2122 1669 2259 1729 Ani-

256 1762 446 1815 cetum
478 1754 889 1833 paedagogum
929 1772 1091 1813 suum
1135 1754 1382 1813 indicem
1419 1753 1768 1832 subiecerit,
1822 1756 1918 1834 qui
1951 1755 2201 1831 lingeret
2227 1753 2261 1788 '⁵‘

252 1837 390 1899 dolo
440 1846 757 1917 stupratam
805 1857 838 1898 a
888 1856 953 1898 se
994 1837 1294 1898 fateretur.
1357 1838 1725 1918 Poppaeam,
1779 1836 2123 1898 duodecimo
2166 1836 2260 1896 die

253 1931 392 2003 post
437 1920 744 1983 divortium
796 1921 1077 1983 Octaviae
1124 1923 1182 1982 in
1224 1924 1639 1984 matrimonium
1683 1933 2018 2003 acceptam,
2061 1921 2261 1983 dilexit

179 2027 234 2068 20
258 2008 459 2077 unice;
493 2016 553 2068 et
582 2016 772 2068 tamen
805 2009 993 2087 ipsam
1043 2025 1280 2086 quoque
1322 2008 1440 2068 ictu
1488 2008 1669 2067 calcis
1702 2008 1949 2086 occidit,
2003 2007 2157 2086 quod
2193 2025 2259 2066 se

251 2111 328 2152 ex
363 2092 723 2169 aurigatione
761 2109 897 2152 sero
930 2110 1232 2152 reversum
1265 2090 1508 2168 gravida
1546 2101 1604 2151 et
1649 2110 1832 2170 aegra
1865 2092 2146 2154 conviciis
2177 2093 2257 2150 in-

253 2171 533 2237 cesserat.
597 2175 691 2235 Ex
719 2173 829 2237 hac
862 2176 1035 2236 filiam
1079 2176 1204 2236 tulit
1236 2174 1532 2235 Claudiam
1558 2175 1914 2254 Augustam,
1957 2177 2257 2254 amisitque

248 2259 551 2320 admodum
581 2260 878 2321 infantem.

375 2343 606 2403 Nullum
638 2344 787 2405 adeo
820 2343 1265 2405 necessitudinis
1297 2362 1487 2421 genus
1525 2352 1647 2421 est,
1693 2343 1849 2423 quod
1877 2362 1995 2404 non
2026 2342 2257 2403 scelere

177 2445 230 2485 25
254 2425 590 2507 perculerit.
655 2426 966 2488 Antoniam
1018 2428 1222 2490 Claudi
1267 2428 1481 2505 filiam,
1525 2437 1892 2488 recusantem
1932 2436 2068 2507 post
2104 2425 2256 2505 Pop-

251 2528 436 2590 paeae
465 2518 710 2570 mortem
752 2512 981 2589 nuptias
1029 2530 1194 2589 suas,
1243 2513 1407 2590 quasi
1451 2511 1797 2573 molitricem
1843 2528 2125 2572 novarum
2165 2528 2257 2569 re-

247 2614 371 2655 rum
402 2594 711 2655 interemit.
794 2593 1068 2654 Similiter
1095 2595 1131 2631 '⁸‘
1163 2597 1317 2654 inter
1359 2604 1596 2656 ceteros
1631 2605 1726 2656 aut
1752 2595 2030 2655 affinitate
2065 2594 2257 2672 aliqua

250 2678 363 2738 sibi
402 2687 497 2738 aut
534 2679 968 2756 propinquitate
1000 2678 1377 2749 coniunctos;
1410 2681 1468 2739 in
1499 2679 1705 2757 quibus
1729 2677 1942 2739 Aulum
1974 2678 2257 2740 Plautium

248 2764 550 2837 iuvenem,
607 2778 777 2840 quem
830 2779 956 2821 cum
1009 2770 1142 2822 ante
1180 2772 1427 2823 mortem
1469 2781 1577 2842 per
1625 2766 1738 2823 vim
1784 2768 2256 2842 conspurcasset,

173 2866 228 2910 so
249 2842 382 2905 Eat
418 2864 581 2905 nunc
619 2845 802 2923 inquit
843 2853 1044 2906 mater
1084 2865 1224 2908 mea
1262 2853 1325 2908 et
1350 2864 1772 2909 successorem
1798 2865 1994 2908 meum
2024 2844 2256 2907 oscule-

246 2929 383 2990 tur!
414 2929 635 2988 iactans
662 2927 933 2990 dilectum
952 2930 1026 2990 ab
1054 2950 1121 2992 ea
1148 2940 1205 2991 et
1228 2930 1301 2993 ad
1325 2950 1488 3011 spem
1510 2933 1736 3010 imperii
1758 2931 2082 3010 impulsum.
2137 2928 2255 2989 Pri·

244 3014 482 3090 vignum
503 3013 728 3074 Rufium
753 3011 1083 3094 Crispinum
1107 3014 1390 3095 Poppaea
1415 3025 1627 3094 natum,
1658 3015 2017 3094 impuberem
2046 3012 2254 3089 adhuc,

246 3096 379 3176 quia
416 3096 717 3157 ferebatur
748 3096 992 3161 ducatus
1026 3108 1085 3160 et
1113 3100 1357 3178 imperia
1399 3100 1638 3177 ludere,
1684 3097 2060 3177 mergendum
2091 3098 2255 3174 mari,

247 3180 376 3239 dum
414 3183 770 3260 piscaretur,
823 3184 1014 3243 servis
1056 3184 1240 3262 ipsius
1284 3182 1668 3245 demandavit.
1728 3183 1980 3243 Tuscum
2018 3183 2255 3243 nutricis

179 3279 233 3322 ⁸5
253 3263 420 3325 liliam
463 3264 783 3343 relegavit,
846 3267 1002 3347 quod
1050 3268 1107 3326 in
1148 3270 1561 3348 procuratione
1610 3267 1873 3346 Aegypti
1914 3267 2160 3327 balineis
2198 3266 2254 3324 iu

246 3347 552 3409 adventum
593 3369 753 3410 suum
802 3352 1083 3412 extructis
1135 3351 1397 3414 lavisset.
1471 3353 1758 3413 Senecam
1807 3359 2254 3431 praeceptorem

247 3429 321 3491 ad
349 3450 553 3493 necem
585 3434 897 3513 compulit,
945 3437 1208 3516 quamvis
1256 3454 1440 3517 saepe
1485 3444 1865 3497 commeatum
1904 3433 2122 3514 petenti
2150 3430 2252 3489 bo-

244 3516 452 3594 nisque
486 3515 713 3579 cedenti
746 3529 1056 3597 persancte
1088 3520 1368 3600 iurasset,
1420 3528 1755 3601 suspectum
1787 3537 1854 3579 se
1882 3518 2089 3578 frustra
2121 3531 2255 3592 per-
