2553 3960
941 228 1282 275 GALBA.
1992 212 2113 275 205

120 383 390 443 librarum
434 382 760 461 quindecim
799 378 1120 442 conflasset
1144 400 1215 454 ac
1255 390 1373 440 tres
1409 383 1633 457 unciaS,
1687 398 1834 458 quae
1869 380 2114 457 ponderi

121 467 380 543 deerant,
407 467 674 524 iussisset
698 466 876 543 exigi.
926 465 1013 525 Ea
1045 465 1195 525 fama
1232 473 1291 523 et
1328 464 1662 524 confirmata
1697 473 1755 523 et
1789 471 1957 523 aucta
2001 474 2110 541 est,

120 560 178 610 ut
204 553 446 630 primum
472 549 672 609 urbem
699 550 934 609 introiit.
978 548 1124 608 Nam
1149 564 1281 608 cum
1300 548 1656 623 classiarioS,
1684 563 1831 625 quos
1853 545 2014 605 Nero
2042 564 2114 606 ex

120 632 441 710 remigibus
474 634 660 692 iustos
694 632 904 692 milites
937 633 1195 710 fecerat,
1232 632 1426 692 redire
1465 629 1536 691 ad
1575 632 1872 709 pristinum
1910 639 2114 690 statum

0 769 6 782 ,
72 737 95 776 5
124 724 391 794 cogeret,
418 716 754 776 recusantis
776 725 948 794 atque
972 718 1211 794 insuper
1240 715 1488 794 aquilam
1507 723 1564 773 et
1580 732 1744 792 signa
1765 714 2116 792 pertinacius

69 800 433 875 flagitantis
457 816 571 857 non
586 798 812 858 modo
795 800 1031 857 inmisso
1059 801 1251 881 equite
1281 798 1531 873 disiecit,
1558 798 1662 857 sed
1693 797 1995 857 decimavit
2014 799 2114 856 eti-

218 881 425 942 .Item
463 881 874 943 Germanorum
902 880 1203 941 cohortem
1227 900 1260 942 a
1286 880 1635 941 Caesaribus
1656 881 1795 941 olim
1819 880 1890 941 ad
1924 890 2115 940 custo-

50 967 273 1031 diam
301 967 569 1044 corporis
592 965 902 1025 institutam
924 964 1231 1044 multisque
1255 966 1668 1043 experimentis
1705 964 2114 1041 fidelissimam,

124 1050 393 1112 dissolvit
415 1069 486 1111 ac
517 1050 642 1109 sine
671 1049 974 1110 commodo
1000 1049 1121 1109 ullo
1156 1050 1378 1109 remisit
1414 1049 1470 1107 in
1499 1050 1773 1149 patriam,
1806 1051 1968 1128 quasi
1995 1047 2114 1109 CN.

55 1150 104 1190 ιο
122 1134 489 1212 Dolabellae,
521 1134 677 1194 iuxta
703 1134 864 1193 cuius
886 1133 1089 1194 hortos
1120 1133 1412 1210 tendehat,
1437 1135 1790 1212 proniorem.
1855 1132 1962 1193 Illa
1978 1151 2113 1212 quo-

122 1231 236 1300 que
260 1237 477 1278 verene
516 1237 587 1278 an
618 1217 771 1279 falso
798 1236 908 1297 per
941 1217 1242 1280 ludibrium
1282 1216 1641 1278 iactabantur
1659 1217 1976 1296 ,adposita
1998 1217 2114 1277 lau-

120 1305 272 1364 tiore
296 1320 475 1363 caena
499 1303 852 1379 ingemuisse
877 1299 1040 1373 eum;
1069 1310 1128 1361 et
1156 1301 1447 1362 ordinario
1474 1302 1701 1379 quidem
1729 1302 2118 1380 dispensatori

121 1387 476 1447 breviarium
499 1388 779 1446 rationum
807 1386 1076 1446 offerenti
1099 1385 1477 1465 paropsidem
1499 1386 1806 1463 leguminis
1821 1403 1928 1463 pro
1950 1385 2115 1445 sedu-

122 1471 287 1531 litate
313 1488 382 1530 ac
406 1468 706 1547 diligentia
731 1472 1095 1548 porrexisse,
1115 1467 1276 1529 Cano
1302 1478 1489 1529 autem
1507 1468 1818 1530 choraulae
1832 1469 1974 1527 mire
1995 1467 2116 1548 pla·

59 1567 107 1608 ¹³
124 1556 276 1615 centi
302 1553 571 1613 denarios
598 1555 848 1632 quinque
874 1552 1143 1629 donasse,
1173 1552 1438 1630 prolatos
1460 1568 1625 1612 manu
1651 1571 1753 1612 sua
1792 1569 1824 1610 e
1863 1552 2116 1630 peculia·

122 1638 284 1698 ribus
303 1636 515 1696 loculis
547 1639 685 1695 suiS.

252 1721 442 1794 Quare
468 1718 747 1778 adventus
771 1721 893 1778 eius
909 1724 1025 1778 non
1043 1718 1284 1797 perinde
1299 1726 1501 1794 gratus
1514 1716 1636 1791 fuit,
1660 1715 1833 1794 idque
1850 1718 2115 1795 proximo
2138 1732 2203 1785 13

126 1802 468 1882 spectaculo
492 1805 776 1880 apparuit.
825 1802 1117 1881 Siquidem
1142 1801 1430 1861 Atellanis
1454 1800 1808 1859 notissimum
1835 1802 2115 1860 canticum

0 1955 2 1957 ,
125 1887 386 1948 exorsis:
435 1882 611 1946 Venit
650 1883 975 1969 Onesimus
1018 1904 1059 1946 a
1100 1886 1288 1962 villa,
1337 1883 1526 1945 cuncti
1560 1883 1724 1943 simul
1753 1893 2117 1964 spectatores

17 2047 22 2050 Ι
53 1988 104 2028 20
126 1971 525 2044 consentiente
540 1990 692 2032 voce
716 1971 997 2050 reliquam
1023 1979 1245 2050 partem
1263 1969 1584 2030 retulerunt
1607 1987 1677 2028 ac
1693 1970 1924 2050 saepius
1943 1987 2117 2029 versu

121 2060 374 2135 repetito
398 2063 659 2132 egerunt.
699 2055 922 2116 Maiore
948 2056 1096 2116 adeo
1123 2064 1181 2115 et
1202 2056 1410 2115 favore
1436 2063 1492 2113 et
1516 2055 1858 2113 auctoritate
1872 2052 2116 2133 adeptus
2137 2064 2199 2114 14

122 2149 213 2201 est
239 2158 407 2218 quam
423 2141 615 2216 gessrt
627 2157 951 2219 imperium
979 2155 1320 2220 quamquam
1338 2138 1513 2198 multa
1530 2136 1876 2197 documenta
1890 2138 2118 2236 egregii

122 2224 404 2304 principis
428 2221 617 2293 daret;
655 2222 759 2283 sed
783 2239 1143 2303 nequaquam
1166 2231 1280 2328 tam
1302 2230 1469 2300 grata
1493 2230 1688 2300 erant,
1723 2239 1887 2302 quam
1928 2223 2115 2281 invisa

123 2326 270 2387 quae
296 2325 469 2366 secus
497 2308 720 2367 fierent.

53 2408 104 2449 ιο
241 2383 590 2467 Regebatur
604 2392 768 2450 trium
791 2390 1053 2490 arbitrio,
1081 2407 1229 2468 quos
1251 2408 1360 2449 una
1387 2399 1445 2449 et
1466 2391 1610 2448 intra
1638 2388 1914 2449 Palatium
1959 2387 2115 2448 habi·

123 2474 295 2535 tantis
319 2492 429 2533 nec
462 2491 723 2551 umquam
748 2490 865 2532 non
877 2472 1269 2533 adhaerentis
1285 2472 1697 2571 ’paedagogos
1728 2472 1907 2550 vulgo
1942 2489 2115 2532 voca-

122 2557 279 2617 bant.
310 2555 357 2617 li
382 2566 545 2616 erant
559 2556 628 2617 Τ.
646 2556 851 2616 Vinius
875 2555 1105 2634 legatus
1130 2558 1255 2616 eius
1282 2557 1338 2615 in
1351 2556 1648 2635 Hispania,
1669 2556 2034 2635 cupiditatis
2018 2575 2116 2615 ιιιι-
2171 2562 2177 2568 “

124 2659 387 2711 mensae;
437 2639 746 2702 Cornelius
778 2639 932 2701 Laco
955 2658 1050 2700 -ex
1086 2646 1413 2701 assessore.
1438 2642 1773 2719 praefectus
1816 2639 2116 2719 praetorii,

122 2725 457 2802 arrogantia
505 2723 896 2802 socordiaque
947 2723 1358 2793 intolerabilis;
1410 2724 1649 2784 libertus
1678 2722 1897 2801 ‘IceluS,
1943 2723 2116 2803 paulo

50 2833 105 2876 ao
130 2817 261 2870 ante
291 2808 479 2868 anulis
502 2809 688 2868 aureis
708 2816 765 2867 et
787 2805 1061 2867 Marciani
1086 2809 1432 2887 cognomine
1463 2818 1696 2868 ornatus
1721 2826 1794 2868 ac
1823 2810 1932 2868 iam
1969 2827 2116 2867 sum-

122 2911 250 2953 mae
277 2892 565 2970 equestris
586 2890 805 2969 gradus
829 2891 1180 2952 candidatus
1231 2891 1334 2952 His
1358 2892 1590 2952 dlverso
1615 2890 2117 2968 vitiorum‘gener'e

124 2976 522 3053 grassantibus
537 2975 686 3036 adeo
715 2994 781 3036 se
804 2976 1147 3037 abutendum
1170 2977 1435 3056 permisit
1452 2986 1510 3036 et
1531 2975 1783 3054 tradidit,
1808 2985 1868 3035 ut
1890 2979 1988 3035 vix
2004 2975 2116 3035 sibi

124 3064 252 3138 ipse
279 3069 592 3138 constaret,
619 3060 793 3121 modo
819 3060 1091 3121 acerbior
1114 3061 1484 3139 parciorque,
1508 3060 1680 3120 modo
1714 3060 2013 3120 remissior
2047 3079 2119 3120 ac

127 3143 532 3221 neglegentior
585 3162 755 3223 quam
799 3147 1141 3204 conveniret
1197 3145 1448 3223 principi
1505 3144 1699 3205 electo
1754 3153 1924 3223 atque
1974 3144 2115 3206 illud

56 3248 108 3290 ³5
129 3227 346 3306 aetatis.

251 3309 543 3384 Quosdam
571 3312 768 3372 claros
795 3330 870 3372 ex
893 3321 1140 3390 utroque
1163 3287 1366 3373 ordine
1398 3312 1559 3372 viros
1586 3313 1923 3413 suspicione
1955 3315 2112 3373 mini-

124 3405 216 3453 ma
239 3392 524 3456 inauditos
549 3396 969 3456 condemnavit.
1017 3395 1321 3457 Civitatem
1340 3397 1412 3456 R.
1437 3413 1569 3456 raro
1596 3396 1770 3475 dedit,
1801 3399 1923 3457 iura
1947 3395 2114 3456 trium

123 3474 436 3538 liberorum
459 3481 558 3539 vix
579 3480 868 3559 uniatque
892 3480 1090 3557 alteri,
1115 3498 1185 3540 ac
1207 3497 1282 3540 ne
1307 3479 1357 3539 is
1381 3480 1608 3560 quidem
1648 3482 1757 3542 nisi
1791 3481 1861 3541 ad
1897 3489 2113 3540 certum
