2553 3960
1075 209 1420 283 ἨΒΕ-κῶς.
2184 215 2276 289 87‘

259 385 419 469 plebi
452 387 560 447 fuit
592 388 907 452 secedendi
936 409 1136 451 rursus
1169 409 1202 452 a
1231 389 1513 472 patribus.
1580 391 1851 453 Claudius
1878 392 2122 470 Drusus,
2153 400 2268 454 sta-

255 481 354 534 tua
398 472 505 534 sibi
538 471 858 535 diademata
887 474 961 534 ad
986 474 1147 555 Appi
1181 476 1397 537 Forum
1425 478 1650 556 posita,
1689 477 1913 537 Italiam
1949 494 2058 555 per
2091 476 2268 537 clien-

257 557 405 619 telas
451 575 745 641 occupare
785 562 1104 639 temptavit.
1188 560 1460 621 Claudius
1505 561 1757 622 Pulcher
1797 559 1950 641 apud
1990 561 2267 639 Siciliam,

255 659 374 702 non
416 643 791 721 pascentibus
834 645 891 703 in
926 644 1280 725 auspicando
1313 646 1485 725 pullis
1518 665 1587 706 ac
1620 664 1729 725 per
1757 654 2147 723 contemptum
2176 663 2267 705 re·

208 746 235 788 s
256 725 492 804 ligionis
532 731 673 788 mari
717 728 1028 807 demersis,
1072 732 1234 808 quasi
1273 737 1360 792 ut·
1381 729 1658 792 biberent
1687 730 1936 810 quando
1970 746 2108 790 esse
2134 729 2267 790 nol-

257 810 415 888 lent,
468 813 756 892 proelium
796 814 1004 874 navale
1051 815 1203 885 iniit;
1261 823 1717 894 superatusque,
1763 832 1891 876 cum
1932 813 2273 874 dictatorem

259 894 456 956 dicere
501 915 534 956 a
579 906 784 958 senatu
813 898 1142 976 iuberetur,
1186 898 1349 959 velut
1391 900 1595 960 iterum
1638 898 1907 959 inludens
1956 897 2270 959 discrimini

255 979 525 1060 public-o,
560 980 781 1043 Glician
807 984 1086 1042 viatorem
1119 1001 1281 1043 suum
1312 984 1471 1043 dixit.

378 1063 594 1125 Extant
611 1075 669 1126 et
687 1067 1028 1128 feminarum
1045 1067 1315 1147 exempla
1331 1068 1561 1129 diversa
1591 1084 1799 1146 aeque,
1816 1066 2099 1145 siquidem
2125 1083 2270 1143 gen-

182 1162 237 1205 ιο
253 1150 328 1209 tis
370 1149 628 1210 eiusdem
666 1159 907 1230 utraque
944 1150 1182 1212 Claudia
1214 1153 1353 1230 fuit,
1392 1161 1451 1212 et
1487 1170 1637 1231 quae
1672 1168 1880 1212 navem
1919 1169 2046 1210 cum
2085 1150 2270 1210 sacris

249 1233 453 1295 Matris
506 1234 675 1294 deum
724 1234 937 1295 Idaeae
990 1236 1408 1297 obhaerentem
1454 1236 1732 1298 Tiberino
1787 1234 1939 1295 vado
1999 1234 2268 1309 extraxit,

252 1327 495 1399 precata
527 1317 833 1399 propalam
850 1366 868 1398 ,
902 1328 973 1381 ut
1000 1322 1091 1381 ita
1120 1320 1361 1381 demum
1388 1338 1459 1382 se
1487 1326 1848 1402 sequeretur
1866 1364 1883 1396 ,
1917 1319 1977 1379 si
2003 1318 2127 1380 sibi
2151 1336 2266 1396 pu-

253 1402 474 1464 dicitia
516 1409 834 1465 constaret
842 1428 875 1475 ,·
934 1414 993 1464 et
1037 1423 1184 1485 quae
1230 1423 1388 1466 novo
1431 1423 1597 1466 more
1638 1404 1907 1464 iudicium
1951 1402 2271 1463 maiestatis

252 1486 407 1566 apud
463 1488 740 1567 populum
792 1488 997 1549 mulier
1050 1488 1254 1566 subiit,
1311 1490 1467 1569 quod
1508 1491 1565 1549 in
1607 1489 1870 1549 conferta
1914 1486 2271 1547 multitudine

179 1584 234 1630 15
253 1590 437 1650 aeg-re
472 1571 833 1651 procedente
867 1583 1149 1652 carpento
1180 1574 1372 1653 palam
1404 1581 1739 1653 optaverat,
1786 1577 1855 1631 ut
1879 1570 2092 1650 frater
2121 1586 2273 1630 suus

250 1655 518 1718 Pulcher
559 1658 973 1719 revivescerct
1013 1665 1198 1738 atquc
1229 1659 1450 1719 iterum
1479 1658 1746 1719 classem
1775 1656 2108 1729 amitteret,
2153 1671 2286 1732 quo,

249 1741 455 1801 minor
506 1740 695 1802 turba
740 1741 981 1803 Romae
1027 1742 1214 1820 foret.
1308 1742 1624 1803 Praeterea
1691 1739 2109 1800 notatissimum
2161 1744 2271 1813 est,

255 1823 533 1887 Claudios
568 1827 775 1903 omniS,
810 1836 1067 1906 excepto
1101 1827 1412 1887 dumtaxat
1441 1825 1504 1886 P.
1543 1825 1788 1901 Clodio,
1824 1825 1919 1903 qui
1952 1821 2028 1882 ob
2069 1820 2272 1900 expel-

251 1908 486 1971 lendum
528 1909 672 1969 urbe
706 1908 1055 1971 Ciceronem
1084 1911 1321 1991 plebeio
1355 1911 1568 1972 homini
1602 1919 1774 1991 atque
1805 1910 1976 1969 etiam
2007 1905 2271 1966 natumi-
2362 1897 2384 1925 ⁴

180 1997 385 2056 sonori
421 1995 480 2053 in
514 1994 886 2075 adoptionem
915 2015 981 2057 se
1012 1995 1200 2075 dedit,
1235 1997 1545 2075 optimates
1577 1995 2033 2073 adsertoresque
2068 1992 2274 2051 unicos

253 2079 553 2157 dignitatis
618 2097 688 2139 ao
750 2083 1046 2159 potentiae
1099 2081 1470 2161 patriciorum
1526 2098 1762 2159 semper
1807 2079 2030 2154 fuisse,
2101 2084 2275 2153 atque

250 2164 537 2226 adversus
570 2163 804 2242 plebem
830 2166 979 2226 adeo
1011 2166 1307 2227 violentos
1337 2175 1395 2226 et
1425 2175 1829 2241 contumaces,
1860 2172 1922 2223 ut
1952 2179 2026 2221 ne
2064 2159 2275 2239 capitis

253 2246 485 2329 quidem
528 2249 832 2328 quisquam
863 2269 998 2310 reus
1034 2250 1188 2329 apud
1228 2251 1507 2330 populum
1535 2258 1757 2310 mutare
1790 2256 2018 2307 vestem
2050 2253 2147 2305 aut
2177 2243 2276 2304 de-

252 2332 490 2412 procari
520 2334 881 2405 sustinuerit;
917 2335 1177 2395 nonnulli
1205 2336 1264 2393 in
1294 2334 1677 2395 altercatione
1710 2341 1768 2392 et
1798 2331 1988 2409 iurgio
2012 2328 2278 2390 tribunos

181 2435 237 2477 τε
256 2415 419 2498 plebi
451 2416 828 2496 pulsaverint.
892 2418 1080 2480 Etiam
1109 2419 1279 2497 virgo
1311 2418 1571 2480 Vestalis
1598 2418 1870 2493 fratrem,
1917 2416 2136 2474 iniussu
2171 2428 2276 2491 po-

256 2499 380 2583 puli
425 2501 902 2580 triumphantem,
951 2521 1198 2564 ascenso
1244 2503 1412 2563 simul
1461 2522 1663 2580 curru,
1707 2518 1890 2579 usque
1933 2500 1991 2557 in
2039 2496 2277 2575 Capito-

252 2586 392 2646 lium
430 2595 749 2664 prosecuta
789 2597 910 2664 est,
961 2607 1034 2648 ne
1083 2597 1288 2648 vetare
1329 2595 1425 2647 aut
1466 2585 1834 2647 intercedere
1877 2582 1971 2643 fas
2014 2581 2280 2659 cuiquam

252 2668 613 2730 tribunorum
645 2680 822 2731 esset.

384 2751 479 2813 Ex
518 2754 627 2815 hac
678 2757 861 2835 stirpe
903 2755 1171 2817 Tiberius
1215 2753 1439 2816 Caesar
1480 2772 1668 2832 genus
1714 2751 1918 2827 trahit,
1960 2758 2020 2809 et
2048 2747 2336 2827 quidem3

184 2850 237 2894 ao
257 2846 595 2917 utrumque:
642 2849 942 2919 paternum
970 2860 1004 2901 a
1038 2839 1278 2901 Tiberio
1311 2840 1582 2915 Nerone,
1627 2846 1947 2898 maternum
1978 2833 2050 2894 ab
2078 2832 2279 2912 Appio

261 2920 542 3000 Pulchro,
586 2925 683 3002 qui
727 2923 896 2984 ambo
928 2924 1089 3004 Appi
1124 2923 1303 2986 Caeci
1345 2925 1445 2986 filii
1486 2924 1735 2984 fuerunt.
1798 2919 2059 2981 Insertus
2104 2925 2193 2978 est
2223 2924 2283 2977 et

255 3004 548 3067 Liviorum
589 3008 870 3086 familiae,
919 3008 1198 3088 adoptato
1240 3010 1300 3068 in
1347 3026 1472 3069 eam
1505 3017 1766 3068 materno
1798 3022 1930 3065 avo.
1999 3005 2164 3079 Quae
2195 3000 2280 3062 fa·

254 3089 447 3168 milia,
500 3109 826 3171 quanquam
872 3093 1141 3173 plebeia,
1195 3103 1385 3153 tamen
1436 3101 1495 3153 et
1535 3095 1665 3172 ipsa
1715 3088 2022 3151 admodum
2067 3087 2279 3164 floruit,

260 3183 398 3235 octo
433 3176 828 3238 consulatibus
851 3224 870 3255 ,
919 3179 1184 3239 censuris
1219 3177 1473 3254 duabus,
1520 3175 1822 3254 triumphis
1848 3172 2065 3249 tribus,
2102 3172 2279 3233 dicta·

184 3272 241 3316 ⁸5
261 3266 390 3319 tura
438 3260 609 3322 etiam
653 3280 723 3323 ac
754 3264 1093 3341 magisterio
1127 3262 1383 3341 equitum
1411 3262 1725 3331 honorata;
1768 3258 1926 3320 clara
1955 3266 2015 3319 et
2042 3254 2279 3332 insigni-

256 3341 370 3402 bus
407 3345 584 3423 viris,
632 3365 703 3407 ac
743 3349 991 3408 maxime
1033 3349 1363 3409 Salinatore
1406 3346 1748 3424 Drusisque.
1825 3343 2119 3404 Salinator
2162 3337 2279 3397 uni-

258 3444 468 3490 versas
508 3430 693 3491 tribus
723 3433 781 3491 in
814 3450 1060 3494 censura
1090 3433 1315 3494 notavit
1343 3431 1595 3491 levitatis
1622 3429 1888 3504 nomine,
1928 3420 2112 3504 quod,
2153 3434 2282 3476 cum

259 3529 328 3572 se
369 3522 509 3595 post
545 3516 803 3595 priorem
844 3516 1207 3578 consulatum
1254 3516 1430 3578 multa
1471 3517 1742 3586 inrogata
1775 3507 2278 3573 condemnassent,
