2553 3960
361 234 483 292 272
550 244 609 292 c.
648 245 1034 293 suETons
1069 245 1555 304 TRANQmLLus
1581 246 1672 291 DE
1703 246 2164 295 RHETOROEUS.

494 399 726 464 Reliqua.
754 400 1149 451 desiderantur.
1223 401 1531 466 Supersunt
1556 405 1739 452 tamen
1762 402 1821 451 in
1854 401 2031 451 indice
2060 403 2374 467 praemisso

363 470 580 520 nomina.
623 468 898 519 rhetorum
932 470 1212 532 undecim,
1252 475 1308 521 et
1342 474 1466 536 post
1499 470 1772 521 stellulam
1794 473 2069 535 posuimus
2097 486 2238 536 quae
2262 472 2371 521 Hi·

363 553 648 602 eronymus
683 539 741 587 in
782 538 1050 588 Chronico
1084 538 1213 588 hinc
1250 539 1540 601 decerpsit.

306 620 337 676 7
477 605 539 666 L.
585 605 811 666 Cestius
858 606 989 666 Pius
1031 607 1062 647 *
1105 604 1347 667 Cestius
1388 606 1766 686 Smyrnaeus
1808 605 2097 669 Latinam
2128 609 2378 670 Romae

360 691 730 752 rhetoricam
754 689 963 751 docuit
998 685 1190 775 (anno
1225 689 1307 751 ab
1342 711 1401 751 u.
1437 711 1490 753 c.
1526 688 1694 775 741).
2396 713 2412 722 ·

303 789 339 843 8
485 775 560 836 Μ.
594 776 836 836 Porcius
864 774 1035 834 Latro
1068 776 1099 815 *
1130 772 1213 835 Μ.
1238 774 1499 836 Porcius
1521 772 1740 852 Latro,
1772 773 2031 835 Latinus
2054 776 2370 838 declama-

362 867 459 921 tor
477 905 494 936 ‚
566 859 771 920 taedio
823 858 1090 936 duplicis
1152 866 1504 939 quartanae
1563 866 1751 921 semet
1805 861 2005 938 ipsum
2060 860 2375 939 interfecit

368 941 460 1028 (a.
503 951 634 1006 750.
675 940 841 1023 751).

303 1041 337 1095 9
489 1027 559 1102 Q.
595 1027 822 1090 Curtius
849 1026 1030 1086 Rufus
1068 1029 1098 1065 ²*

280 1126 347 1179 10
492 1112 554 1172 L.
584 1112 851 1174 Valerius
881 1110 1173 1187 Primanus
1211 1112 1240 1149 *
2404 1129 2450 1170 ιο

211 1244 226 1253 .
280 1211 342 1262 11
492 1197 805 1273 Verginius
832 1194 1043 1254 Flavus
1075 1204 1104 1235 ¹*

280 1291 346 1345 12
491 1280 552 1340 L.
600 1280 811 1340 Statius
854 1278 1098 1340 Ursulus
1128 1279 1158 1318 *
1190 1277 1431 1339 Statius
1480 1272 1745 1340 Ursulus
1791 1276 1896 1363 (al.
1928 1278 2260 1357 Sursulus‚
2301 1278 2378 1340 al.

363 1360 695 1447 Surculus)
740 1361 1085 1424 Tolosanus
1113 1362 1504 1424 celeberrime
1532 1364 1594 1423 in
1625 1362 1833 1424 Gallia
1864 1363 2237 1425 rhetoricam
2262 1364 2376 1425 do-

366 1457 460 1511 cet
523 1456 745 1511 a.-810.
779 1455 888 1508 811
929 1496 941 1506 .

281 1555 348 1597 10
483 1446 545 1597 l(².
576 1531 813 1594 Clodius
839 1444 1147 1605 Qbirinalis
1170 1534 1201 1573 *
1228 1528 1484 1593 Clodius
1507 1529 1610 1615 (al.
1640 1527 1969 1616 Claudius)
2000 1529 2373 1609 QuirinaliS,
2402 1561 2445 1600 15

362 1620 572 1682 rhetor
592 1616 1011 1692 Arelatensis,
1039 1615 1275 1676 Romae
1300 1615 1712 1695 insiqnissime
1734 1617 1911 1677 docet
1940 1612 2012 1698 (a
2049 1624 2176 1676 797.
2209 1614 2374 1699 798).

280 1721 348 1778 14
493 1702 569 1763 Μ.
600 1700 879 1761 Antonius
909 1700 1187 1760 Liberalis
1220 1706 1250 1742 *
1283 1698 1364 1760 M.
1398 1698 1701 1761 Antonius
1728 1699 2067 1776 Liberalis,
2114 1698 2378 1762 Latinus

365 1788 597 1863 rhetor,
622 1802 885 1865 maynas
908 1785 1264 1845 inimicitias
1289 1803 1423 1846 cum
1447 1783 1821 1846 Palaemone
1852 1792 2097 1846 exercet
2121 1781 2212 1868 (a.
2240 1792 2373 1846 801.

286 1976 350 2028 15
494 1956 634 2016 Sex.
659 1953 834 2015 Iulius
863 1951 1208 2013 Gabinianus
1234 1955 1265 1995 *
1291 1952 1680 2015 Gabinianus
1702 1952 2083 2015 celeberrimi
2111 1952 2376 2014 nominis
2392 1980 2436 2019 20

366 2043 577 2105 rhetor
604 2038 669 2099 in
698 2036 921 2098 Galliis
944 2037 1151 2099 docuit
1181 2035 1272 2121 (a.
1311 2046 1443 2099 829.
1474 2035 1641 2122 830).

287 2141 355 2197 16
494 2122 570 2183 Μ.
597 2121 810 2182 Fabius
837 2121 1213 2194 Quintilianus
1245 2120 1375 2182 *M.
1394 2120 1633 2183 Fabius
1658 2120 2078 2196 Quintilianus
2113 2120 2374 2182 Romam

369 2230 410 2273 a
436 2205 641 2269 Galba
660 2206 1023 2285 perducitur
1049 2204 1139 2289 (a.
1167 2205 1311 2289 821)
1342 2253 1354 2265 .
1380 2253 1393 2266 .
1414 2253 1427 2266 .
1468 2205 1914 2282 Quintilianus,
1958 2225 2036 2265 ex
2060 2204 2374 2282 Hispania

373 2290 929 2371 Calayurritanus,
980 2289 1086 2370 qui
1121 2292 1361 2368 primus
1392 2290 1630 2352 Romae
1657 2290 1968 2370 publicam
1998 2290 2276 2351 scholam
2323 2298 2378 2349 et

369 2377 672 2439 salarium
706 2393 738 2435 e
767 2375 919 2452 fisco
953 2375 1221 2452 accepit,
1257 2375 1486 2436 claruit
1515 2373 1604 2458 (a.
1641 2373 2016 2455 838-842).
2394 2401 2442 2441 ‘25

289 2475 348 2529 17
486 2460 659 2521 Iulius
692 2459 827 2520 Tiro
863 2461 894 2500 *

510 2560 689 2609 Minus
724 2563 873 2609 certa
906 2557 1008 2607 fide
1039 2558 1174 2608 haec
1209 2573 1421 2623 quoque
1456 2558 1582 2606 hinc
1616 2558 1792 2621 petita
1827 2555 2235 2606 existimantur:

499 2644 736 2705 Nicetas
792 2652 850 2703 et
899 2643 1163 2718 Hybreas
1217 2653 1273 2703 et
1313 2643 1654 2704 Theodorus
1704 2651 1762 2702 et
1802 2641 1985 2701 Plutio
2037 2638 2376 2699 nobilissimi

373 2733 512 2791 artis
547 2729 874 2788 rhetoricae
911 2727 1119 2788 Graeci
1153 2737 1574 2808 praeceptores
1605 2725 1905 2786 habentur.
1965 2721 2378 2801 Hieronymus

369 2816 432 2876 in
469 2812 776 2874 Chronico
812 2812 901 2872 ad
928 2830 1152 2872 annum
1188 2812 1268 2872 ab
1299 2833 1360 2873 u.
1394 2832 1446 2874 c.
1484 2820 1618 2872 724.
2395 2840 2441 2880 30

496 2898 695 2959 Isaeus
728 2895 926 2957 rhetor
960 2896 1063 2956 fuit
1096 2940 1109 2953 .
1130 2941 1142 2953 .
1163 2941 1176 2954 .
1209 2897 1362 2956 illius
1396 2897 1696 2975 temporis,
1731 2896 1889 2955 cuius
1923 2900 1982 2952 et
2010 2889 2376 2970 Tranquillus

371 2983 636 3044 meminit.
728 2978 986 3043 Scholia
1017 2980 1105 3041 ad
1128 2976 1408 3042 Juvenal.
1446 2989 1511 3052 3,
1552 2989 1649 3040 74.

1156 3274 1606 3289 *Μ
