2553 3960
485 210 659 259 1.v111
1160 200 1575 258 PRAEFATIO.

492 375 722 442 gaverat
752 375 978 443 emptus.
1067 368 1284 424 Librum
1321 368 1556 423 omnium
1590 367 1851 439 optimum
1892 374 1948 424 et
1987 367 2294 441 integerri-

490 470 632 510 mum
663 453 855 522 (etiam
884 467 1048 522 nunc,
1079 458 1369 523 postquam
1383 451 1660 507 Gudianus
1686 447 1958 525 accessit)
1990 452 2295 522 dilig-enter

491 537 910 609 descripserunt
939 541 994 590 et
1024 536 1374 590 contulerunt
1401 534 1713 591 Ludovicus
1744 536 1914 591 Tross
1952 535 2007 590 in
2043 536 2295 592 editione

489 620 786 677 Hammone
822 636 872 675 a.
904 623 1036 678 1841
1061 618 1304 687 vulgata,
1333 617 1478 672 Frid.
1512 616 1720 672 Ritschl
1750 617 1805 672 in
1836 617 2095 690 Parergis
2129 619 2300 675 Plau-

489 704 622 759 tinis
659 709 688 761 1
718 720 772 774 p.
801 708 934 771 609,
977 703 1058 757 lo.
1092 701 1248 758 Ferd.
1281 701 1584 757 Massma'nn
1618 701 1688 756 ad
1719 700 1894 757 Taciti
1927 700 2292 758 Germaniam.

572 794 624 847 3.
691 786 1049 842 Gudianus
1087 790 1186 854 93,
1242 783 1590 854 Guelferbyti
1644 783 1925 857 repositus
1977 784 2081 839 cl'r.
2121 785 2298 842 Ebert

488 871 625 928 bibl.
659 869 939 925 Guelferb.
971 886 1024 941 p.
1063 874 1192 938 159,
1237 867 1499 923 foliorum
1537 867 2013 939 quaternariorum
2056 874 2295 940 septem,

489 953 747 1027 optimus.
834 953 952 1007 Mea
984 949 1165 1022 gratia
1194 950 1623 1020 diligentissime
1658 951 1892 1007 contulit
1923 951 2296 1009 amicissimus

488 1036 576 1093 vir
610 1036 1023 1092 Theodorus
1060 1033 1395 1090 Moebius
1423 1033 1745 1107 Lipsiensis.

615 1118 911 1176 Praeterea
961 1117 1018 1173 in
1048 1116 1302 1175 Vatica
1322 1132 1405 1172 no
1434 1122 1602 1188 4498,
1650 1117 1706 1173 in
1738 1133 1847 1189 quo
1879 1117 2154 1174 volumine
2195 1134 2298 1174 su-

489 1220 592 1276 per
621 1203 760 1258 duos
792 1201 966 1257 Taciti
1009 1201 1234 1256 libellos
1281 1199 1528 1256 eiusdem
1559 1200 1860 1272 Agricola,
1904 1201 2035 1256 item
2078 1201 2292 1257 Plinius

491 1286 562 1342 de
612 1284 751 1342 viris
804 1284 1113 1340 illustribus
1165 1285 1444 1355 multaque
1492 1285 1599 1340 alia
1656 1283 1863 1356 scripta
1918 1284 2294 1354 continentur,

488 1370 797 1425 Massmann
833 1369 1065 1423 eundem
1104 1367 1378 1422 nominum
1421 1367 1660 1423 indicem
1704 1368 2008 1440 praefixum
2048 1367 2292 1423 inveniri

486 1453 681 1508 refert.
766 1450 882 1506 Nec
924 1451 1101 1506 minus
1143 1450 1199 1506 in
1250 1448 1740 1522 Neapolitano
1784 1450 1905 1507 sive
1952 1450 2292 1507 Parnesiano

484 1535 628 1591 idem
654 1534 836 1592 videri
874 1534 1086 1608 poterit
1124 1533 1366 1605 scriptus
1398 1550 1556 1604 esse,
1602 1550 1723 1590 cum
1768 1540 1922 1589 certe
1963 1533 2019 1589 in
2050 1533 2296 1590 Taciteis

482 1619 694 1676 libellis
750 1619 1034 1691 exemplar
1074 1618 1211 1674 illud
1271 1616 1618 1689 superiorum
1662 1623 1716 1672 et
1756 1616 1988 1673 maxime
2027 1616 2291 1674 'Vaticani

486 1709 623 1764 1518
659 1718 845 1759 comes
874 1702 949 1758 sit
984 1706 1304 1774 perpetuus.
1395 1698 1597 1756 Contra
1641 1699 1877 1756 omissus
1908 1706 2014 1768 est,
2047 1699 2290 1756 consilio

485 1793 618 1858 puto
652 1786 916 1854 editoriS,
959 1785 1012 1839 in
1038 1784 1456 1840 Florentino
1490 1783 1736 1839 editione
1777 1802 1825 1841 a.
1857 1789 2024 1848 14783
2058 1797 2293 1855 namque

488 1886 552 1925 ea
595 1886 716 1924 cum
746 1869 910 1925 libris
942 1869 1105 1923 modo
1137 1866 1472 1923 enumeratis
1505 1866 1717 1938 alioqui
1759 1866 2085 1941 conspirare
2122 1867 2292 1922 solet.

191 1961 314 2007 Libri
329 1962 446 2005 dete·
612 1953 724 2009 Iam
765 1953 853 2009 his
886 1950 1047 2008 libris
1079 1951 1309 2007 alterum
1346 1950 1615 2007 librorum
1660 1967 1838 2021 genus
1869 1951 2170 2025 opponitur
2206 1949 2292 2006 in·

243 2014 400 2056 ἢθη*
488 2037 612 2094 dice
662 2038 762 2092 illo
805 2036 1153 2100 destitutum,
1209 2051 1437 2090 numero
1482 2034 1688 2104 maiu8‚
1736 2035 1985 2092 bonitate
2034 2034 2293 2090 inferius,

486 2120 800 2191 Diligenter
831 2119 1022 2175 collati
1053 2124 1180 2174 sunt
1208 2117 1297 2173 hi:

572 2210 621 2261 1.
665 2201 1201 2272 Berolinensis,
1234 2201 1396 2257 simul
1428 2217 1548 2257 cum
1580 2201 1877 2259 Caesarum
1911 2202 2040 2257 vitis
2073 2202 2141 2257 ab
2172 2200 2292 2255 An-

487 2287 642 2343 tonio
676 2286 965 2342 sinibaldo
1002 2284 1234 2357 Neapoli
1272 2301 1322 2340 a.
1355 2289 1487 2344 1477
1518 2287 1779 2359 scriptus.
1869 2285 2000 2341 Eius
2030 2283 2297 2340 collatio-

490 2386 612 2424 nem
644 2385 749 2424 non
772 2369 1133 2439 indiligenter
1166 2368 1363 2424 factam
1390 2369 1533 2426 Frid.
1560 2367 1744 2427 Osann
1769 2373 2083 2440 acceperat,
2119 2368 2295 2423 multo

490 2452 892 2508 accuratiorem
947 2451 1079 2507 mihi
1137 2452 1285 2508 dono
1345 2452 1499 2507 dedit
1558 2453 1965 2523 Rudolphus
2021 2451 2294 2508 Burck-

488 2536 701 2591 hardt
738 2534 1095 2604 Basiliensis‚
1139 2541 1365 2591 nostrae
1418 2534 1751 2608 disciplinae
1802 2551 1910 2591 non
1952 2534 2028 2591 ita
2072 2532 2292 2607 pridem

488 2620 755 2675 alumnus·
844 2617 964 2673 Non
1006 2634 1133 2673 esse
1163 2620 1309 2673 hunc
1350 2618 1600 2673 codicem
1644 2619 1980 2690 exscriptum
2012 2634 2045 2673 e
2075 2618 2295 2674 Veneta

488 2703 738 2759 editione
769 2719 819 2758 a·
852 2706 1007 2770 1474,
1041 2718 1162 2756 cum
1192 2718 1296 2773 qua
1333 2702 1470 2757 mira
1503 2703 1556 2757 ei
1585 2701 1942 2758 necessitudo
1971 2698 2293 2771 intercedit,

487 2787 654 2843 multa
700 2786 1095 2857 comprobant,
1159 2790 1219 2839 ut
1269 2802 1375 2841 una
1427 2785 1729 2858 eademque
1778 2785 1982 2858 pagina
2025 2790 2130 2844 258
2183 2785 2293 2839 hae

486 2869 792 2925 lectiones:
843 2870 1071 2937 viveret,
1119 2874 1279 2939 atque
1325 2870 1525 2940 maqis,
1572 2869 1757 2941 pretia
1800 2882 1929 2924 vero
1945 2911 1961 2938 ‚
2015 2871 2292 2939 ingressu,

484 2953 709 3025 epistola
741 2954 987 3023 ostendit,
1014 2952 1210 3023 rupida,
1241 2965 1470 3023 quarum
1503 2953 1636 3032 loco
1667 2952 1843 3008 editio
1871 2951 1969 3008 illa
1997 2953 2096 3007 has
2125 2967 2296 3023 prae-

487 3036 626 3093 fert:
659 3035 887 3107 vixerit,
918 3051 988 3091 ac
1014 3037 1216 3106 mayis,
1237 3037 1452 3105 pretia,
1479 3050 1706 3108 gressu,
1734 3037 1993 3106 epistola,
2024 3034 2205 3106 tiqida.

570 3119 1099 3177 2.>Harleianus
1144 3124 1313 3189 2639,
1363 3119 1615 3175 Londinii
1656 3119 1711 3174 in
1753 3134 1941 3175 museo
1972 3116 2294 3173 Britannico

436 3225 439 3229 ·
487 3204 800 3274 repositus,
846 3202 1086 3274 scriptus
1131 3208 1191 3258 ut
1220 3202 1439 3260 videtur
1472 3220 1523 3259 a.
1565 3208 1699 3263 1462
1733 3208 1789 3257 et
1837 3219 1957 3258 cum
1989 3200 2179 3256 Tacito
2222 3200 2296 3255 de

489 3283 818 3342 Oratoribus
842 3287 1187 3343 coniunctuS.
1278 3286 1625 3343 Examinavit
1657 3303 1707 3342 a.
1742 3292 1876 3346 1851
1908 3285 2053 3340 Frid.
2084 3282 2294 3338 Osann.

573 3374 625 3427 3.
661 3369 943 3425 Parisin
963 3386 1037 3426 us
1068 3375 1224 3440 7773,
1258 3371 1530 3442 quondam
1560 3369 1911 3440 Petavianus‚
1943 3384 2064 3423 cum
2096 3367 2297 3422 eodem

489 3451 667 3507 Taciti
700 3452 896 3508 libello
930 3455 1259 3527 cohaerens,
1292 3454 1530 3510 omnium
1560 3453 1828 3510 librorum
1851 3458 1907 3509 et
1934 3451 2208 3526 pessimus
2238 3455 2300 3504 et
