2553 3960
325 231 402 291 10
505 239 565 287 o,
604 236 906 286 sumom
939 236 1193 296 TRANQ.
1225 237 1321 284 DE
1350 237 1519 284 vrrA
1548 236 1919 285 CAESABUM
1948 239 2088 286 Lm.
2121 239 2169 288 1.

324 395 603 474 Campum
631 392 966 469 Stellatem,
1010 390 1322 452 maioribus
1353 399 1787 467 consecratum,
1820 409 2140 471 agrumque
2171 390 2339 453 Cam.

324 498 567 561 panum,
610 476 684 538 ad
714 474 969 536 subsidia
999 477 1086 535 rei
1119 474 1388 554 publicae
1419 474 1767 554 vectigalem
1802 474 2103 552 relictum,
2147 477 2341 537 divisit

326 574 489 625 extra
522 570 740 623 sortem
772 559 844 621 ad
873 560 1075 636 viginti
1107 558 1334 618 milibus
1367 559 1604 636 civium,
1635 558 1843 637 quibus
1874 562 2025 619 terni
2059 560 2339 638 pluresve

326 648 495 709 liberi
538 653 754 706 essent.
790 647 807 668 ⁶
843 642 1192 703 Publicanos
1235 643 1636 703 remissionem
1683 645 1935 721 petentis
1976 646 2144 704 tertia
2188 662 2336 705 mer-

327 732 531 795 cedum
576 738 741 809 parte
787 727 1102 803 relevavit,
1143 745 1246 803 ac,
1293 744 1367 785 ne
1407 727 1466 786 in
1503 726 1799 786 locatione
1839 744 2121 787 novorum
2153 729 2336 788 vecti·
2362 747 2389 786 s

324 817 539 895 galium
584 812 998 873 inmoderatius
1041 811 1385 887 licerentur,
1442 809 1748 888 propalam
1793 814 2030 871 monuit.
2079 811 2084 815 ’
2122 810 2337 872 Cetera

322 902 494 977 item,
540 915 689 977 quae
744 896 952 973 cuique
997 894 1333 970 libuissent,
1381 893 1684 971 dilargitus
1726 901 1847 970 est,
1898 896 2338 956 contradicente

323 984 515 1060 nullo,
558 1000 660 1057 ac,
705 981 754 1039 si
788 988 1095 1039 conaretur
1136 979 1296 1058 quis,
1343 978 1674 1038 absterrito.
1763 977 2019 1038 Marcum
2054 977 2337 1040 Catonem

324 1065 792 1145 interpellantem
832 1062 1056 1123 extrahi
1098 1064 1254 1122 curia
1290 1080 1397 1139 per
1432 1060 1699 1121 lictorem
1743 1061 1989 1140 ducique
2035 1064 2093 1121 in
2135 1081 2335 1123 carce-

324 1169 447 1214 rem
483 1148 668 1208 iussit.
754 1145 931 1205 Lucio
968 1145 1208 1206 Lucullo
1245 1145 1486 1205 liberius
1526 1145 1821 1204 resistenti
1867 1154 2082 1206 tantum
2124 1145 2336 1205 calum-
2360 1165 2402 1208 n

323 1235 543 1296 uiarum
570 1237 783 1292 motum
815 1228 1041 1306 iniecit,
1084 1237 1143 1288 ut
1189 1228 1261 1289 ad
1288 1246 1480 1306 genua
1523 1227 1674 1289 ultro
1714 1227 1823 1288 sibi
1864 1228 2180 1290 accideret.
2244 1227 2338 1290 Ci-

326 1334 543 1380 cerone
582 1316 642 1374 in
672 1311 882 1375 iudicio
927 1312 1175 1391 quodam
1206 1313 1551 1392 deplorante
1591 1321 1915 1392 temporum
1953 1323 2192 1391 statum,
2230 1313 2338 1373 Pu-

327 1402 503 1462 blium
539 1396 800 1459 Clodium
834 1397 1120 1457 inimicum
1153 1398 1310 1473 eius,
1353 1397 1566 1458 frustra
1596 1399 1706 1457 iam
1739 1396 1963 1475 pridem
2009 1416 2041 1458 a
2075 1398 2338 1477 patribus

326 1486 399 1547 ad
430 1482 663 1563 plebem
692 1480 937 1541 transire
968 1482 1271 1557 nitentem,
1310 1480 1518 1541 eodem
1546 1479 1640 1540 die
1669 1480 1933 1561 horaque
1966 1498 2116 1542 nona
2151 1492 2337 1542 traus-

328 1569 505 1630 duxit.
594 1566 895 1626 Postremo
934 1564 992 1623 in
1033 1565 1339 1624 universos
1384 1564 1651 1625 dlversae
1696 1565 1969 1625 factionis
1999 1566 2089 1602 ⁴¹*
2109 1566 2144 1602 '⁶‘
2176 1565 2406 1627 indu-1⁸

329 1662 479 1714 ctum
523 1649 819 1730 praemiis,
872 1657 933 1707 ut
974 1666 1040 1708 se
1080 1647 1152 1707 de
1195 1647 1497 1708 inferenda
1538 1647 1819 1726 Pompeio
1862 1667 2011 1709 nece
2053 1648 2337 1709 sollicita-

327 1746 444 1796 tum
473 1753 508 1794 a
539 1732 876 1812 quibusdam
918 1733 1325 1811 profiteretur,
1368 1731 1797 1811 productusque
1845 1750 1955 1811 pro
1990 1733 2198 1794 rostris
2237 1751 2336 1792 au-

331 1829 526 1881 ctores
556 1836 630 1877 ex
666 1824 956 1893 conpacto
996 1816 1347 1885 nominaret;
1391 1814 1497 1875 sed
1537 1832 1651 1875 uno
1692 1825 1866 1894 atque
1897 1816 2084 1877 altero
2119 1815 2337 1876 frustra

328 1922 440 1964 nec
482 1903 605 1961 sine
648 1900 986 1978 suspicione
1029 1899 1248 1959 fraudis
1283 1900 1619 1975 nominatiS,
1665 1898 1986 1979 desperans
2019 1910 2133 1960 tam
2165 1917 2333 1978 prae·

332 1988 520 2066 cipitis
553 1983 780 2045 consilii
804 1991 1091 2060 eventum,
1118 1985 1503 2063 intercepisse
1533 2001 1761 2044 veneno
1784 1985 2031 2045 indicem
2060 1985 2331 2045 creditur.
2354 2001 2410 2044 20

245 2082 311 2134 21
456 2069 574 2130 Sub
605 2067 757 2128 idem
788 2077 1014 2147 tempus
1039 2066 1436 2146 Calpurniam,
1466 2067 1529 2127 L.
1553 2066 1782 2128 Pisonis
1814 2067 2336 2129 flliamuccessuri

330 2153 441 2214 sibi
480 2154 538 2211 in
586 2150 919 2228 consulatu,
975 2151 1136 2211 duxit
1172 2169 1448 2227 uxorem,
1504 2168 1813 2229 suamque,
1856 2151 2085 2229 Iuliam,
2134 2152 2334 2213 Gnaeo

329 2236 611 2315 Pompeio
646 2235 1014 2312 conlocavit,
1060 2235 1363 2314 repudiato
1408 2237 1608 2313 priore
1644 2253 1866 2313 sponso
1898 2235 2150 2296 Servilio
2187 2234 2334 2297 Cae·

332 2323 535 2401 pione,
582 2319 742 2378 cuius
787 2318 882 2378 vel
913 2320 1231 2397 praecipua
1271 2336 1455 2397 opera
1488 2319 1663 2397 paulo
1705 2327 1837 2378 ante
1866 2318 2129 2379 Bibulum
2167 2320 2335 2397 inpu-

330 2411 629 2482 gnaverat‘.
718 2400 808 2460 Ac
858 2411 994 2480 post
1046 2419 1255 2463 novam
1305 2402 1650 2463 adfinitatem
1701 2401 2036 2481 Pompeium
2092 2404 2408 2483 primumas'

331 2504 546 2564 rogare
578 2486 929 2547 sententiam
978 2487 1203 2565 coepit,
1259 2504 1385 2545 cum
1428 2484 1700 2547 Crassum
1753 2485 2003 2563 soleret,
2055 2496 2335 2566 essetque

333 2569 718 2646 consuetudo,
761 2577 822 2628 ut
863 2587 1035 2648 quem
1067 2569 1325 2629 ordinem
1357 2569 1752 2649 interrogandi
1782 2570 2097 2631 sententias
2126 2569 2338 2631 consul

331 2655 460 2716 Kal.
489 2653 766 2715 Ianuariis
796 2653 1168 2731 instituisset,
1202 2672 1332 2713 eum
1362 2663 1487 2714 toto
1518 2671 1668 2715 anno
1700 2662 2096 2714 conservaret.

246 2751 317 2804 22
461 2739 686 2799 Socero
726 2737 899 2815 igitur
950 2754 1292 2816 generoque
1337 2737 1816 2815 suffragantibus,
1869 2757 1947 2799 ex
1997 2738 2149 2797 omni
2200 2756 2337 2817 pro·-

330 2822 650 2883 vinciarum
683 2823 852 2901 copia
877 2820 1094 2881 Gallias
1119 2820 1473 2900 potissimum
1506 2822 1717 2899 elegit,
1752 2822 1914 2881 cuius
1945 2821 2406 2882 emolumento&

333 2915 391 2967 et
435 2905 867 2984 opportunitate
913 2904 1123 2965 idonea
1169 2906 1242 2964 sit
1270 2906 1507 2966 materia
1547 2904 1979 2984 triumphorum.
2066 2904 2142 2965 Et
2175 2905 2337 2964 initio

335 2989 562 3067 quidem
605 2988 846 3050 Galliam
889 2987 1272 3067 Cisalpinam,
1325 2988 1563 3064 Illyrico
1610 2989 1877 3066 adiecto,
1927 2988 2064 3066 lege
2108 2989 2340 3050 Vatinia

333 3073 590 3150 accepit;
623 3090 762 3133 mox
796 3090 903 3151 per
932 3082 1189 3133 senatum
1213 3071 1509 3133 Comatam
1544 3091 1811 3151 quoque,
1845 3073 2045 3132 veritis
2077 3071 2340 3151 patribus

331 3173 435 3230 ne,
478 3156 529 3213 si
571 3156 686 3233 ipsi
715 3165 1062 3233 negassent,
1112 3157 1365 3235 populus
1407 3166 1465 3216 et
1507 3156 1654 3217 hanc
1686 3157 1867 3216 daret.
1958 3157 2088 3232 Quo
2119 3155 2339 3233 gaudio

334 3239 519 3315 elatus
549 3254 664 3297 non
693 3242 1066 3316 temperavit,
1111 3242 1245 3318 quin
1278 3257 1500 3319 paucos
1530 3252 1665 3319 post
1694 3240 1819 3300 dies
1852 3241 2152 3318 frequenti
2177 3240 2335 3301 curia
2354 3256 2406 3299 ιε

331 3324 607 3397 iactaret,
669 3322 877 3383 invitis
933 3330 991 3383 et
1042 3323 1419 3403 yementibus
1480 3323 1848 3384 adversaris
1921 3325 2207 3402 adeptum
2269 3341 2341 3384 se

335 3422 496 3483 quae
555 3406 980 3482 concupisset,
1032 3407 1297 3486 proinde
1346 3426 1425 3468 ecc
1474 3426 1545 3469 eo
1588 3398 2023 3470 &allaturum
2072 3407 2337 3469 omnium

336 3485 689 3565 capitibus,·
739 3505 808 3548 ac
848 3499 1098 3566 negante
1143 3491 1393 3572 quodam
1426 3510 1533 3570 per
1573 3493 1974 3553 contumeliam
2005 3492 2180 3553 facile
2222 3490 2338 3556 hoc
