2553 3960
906 235 1117 283 ‚arvus
1145 233 1512 284 CLAUDIUS.
2119 222 2237 285 161

237 389 478 467 ademit,
508 390 749 450 Rhodiis
775 389 851 450 ob
877 391 1285 469 paenitentiam
1314 400 1576 451 veterum
1601 391 1947 452 delictorum
1973 388 2244 451 reddidit.

233 473 575 552 Iliensibus,
611 476 773 553 quasi
803 476 1096 536 Romanae
1127 475 1323 553 gentis
1353 476 1724 552 auctoribus,
1768 476 1977 535 tributa
2021 477 2077 533 in
2110 493 2241 553 per-

239 570 470 641 petuum
489 561 739 636 remisit,
772 561 1013 619 recitata
1044 569 1246 619 vetere
1268 560 1519 638 epistula
1548 559 1774 622 Graeca
1799 568 2033 620 senatus
2059 576 2243 637 popu-

237 646 397 724 lique
425 644 496 704 R.
523 643 774 703 Seleuco
806 645 935 721 regi
966 645 1270 703 amicitiam
1303 652 1361 703 et
1379 647 1721 705 societatem
1756 645 1834 704 ita
1859 642 2085 702 demum
2116 640 2244 721 pol·

190 729 500 805 slicentis,
538 728 588 787 si
638 729 1105 805 consanguineos
1148 746 1287 787 suos
1327 728 1573 790 Ilienses
1621 729 1692 788 ab
1736 729 1889 788 omni
1931 743 2113 786 onere
2145 727 2243 784 im-

240 830 439 873 munes
485 813 893 891 praestitisses.
948 811 1197 872 Iudaeos
1248 812 1565 890 impulsore
1598 812 1848 874 Chresto
1895 809 2128 871 assidue
2160 818 2244 868 tu·

240 895 567 956 multuantis
605 896 790 956 Roma
833 895 1071 974 expulit.
1115 895 1533 958 Germanorum
1579 897 1794 974 legatis
1841 898 1896 954 in
1940 894 2246 955 orchestra

242 980 451 1042 sedere
506 980 795 1057 permisit,
858 979 1227 1057 simplicitate
1285 997 1487 1041 eorum
1539 990 1597 1041 et
1648 980 1855 1040 fiducia
1906 987 2245 1053 commotuS,

243 1063 398 1144 quod
434 1065 491 1122 in
527 1064 832 1143 popularia
862 1063 1122 1142 deducti,
1164 1083 1294 1124 cum
1329 1066 1870 1127 animadvertissent
1899 1063 2154 1123 Parthos·
2190 1070 2248 1121 et

175 1159 225 1201 2⁰
243 1149 552 1209 Armenios
584 1148 841 1209 sedentis
873 1150 928 1207 in
961 1158 1197 1226 senatu,
1239 1149 1311 1210 ad
1345 1151 1548 1211 eadem
1589 1150 1723 1210 loca
1753 1158 1964 1228 sponte
2000 1147 2245 1207 transie-

232 1241 400 1309 rant,
434 1231 613 1292 nihilo
645 1233 992 1294 deteriorem
1033 1234 1300 1294 virtutem
1331 1244 1425 1296 aut
1468 1235 1858 1295 conditionem
1888 1251 2046 1293 suam
2080 1248 2246 1310 prae·

245 1316 523 1377 dicantes.
571 1316 914 1391 Dryidarum
948 1317 1294 1394 religionem
1326 1320 1475 1398 apud
1509 1318 1708 1381 Gallos
1743 1318 1902 1379 dirae
1937 1317 2247 1375 immanita·
2280 1347 2284 1352 ·

244 1403 351 1477 tis,
389 1408 448 1458 et
476 1408 691 1460 tantum
723 1401 942 1461 civibus
980 1400 1085 1460 sub
1117 1402 1386 1479 Augusto
1419 1402 1810 1478 interdictam,
1845 1403 2075 1479 penitus
2110 1399 2249 1457 abo-

244 1484 418 1554 levit;
476 1494 675 1545 contra
715 1503 885 1546 sacra
914 1484 1210 1545 Eleusinia
1250 1486 1421 1545 etiam
1454 1486 1772 1545 transferre
1803 1503 1880 1542 ex
1913 1484 2105 1542 Attica
2132 1482 2249 1541 Ro·

177 1577 393 1628 nimam
427 1578 668 1628 conatus
719 1578 839 1645 est,
889 1568 1283 1646 templumque
1325 1570 1382 1626 in
1425 1568 1623 1627 Sicilia
1666 1567 1918 1628 Veneris
1961 1565 2251 1640 Erycinae

247 1660 536 1712 vetustate
572 1652 909 1728 conlapsum
930 1660 992 1710 ut
1023 1669 1098 1708 ex
1129 1652 1356 1711 aerario
1383 1668 1523 1730 pop.
1548 1651 1617 1711 R.
1644 1650 2016 1727 reficeretur,
2052 1657 2254 1709 auctor

249 1736 373 1795 fuit.
422 1732 563 1794 Cum
593 1734 832 1810 regibus
863 1733 1073 1794 foedus
1105 1736 1161 1792 in
1197 1734 1332 1793 foro
1377 1736 1477 1794 icit
1515 1751 1697 1814 porca
1728 1751 1901 1794 caesa
1947 1751 2018 1792 ac
2049 1740 2252 1791 vetere

250 1817 532 1879 fetialium
565 1818 930 1897 praefatione
975 1817 1244 1877 adhibita.
1294 1819 1409 1879 Sed
1458 1828 1517 1878 et
1547 1818 1695 1879 haec
1724 1825 1782 1877 et
1813 1826 2011 1877 cetera
2045 1825 2251 1876 totum·

252 1902 538 1983 queadeo
565 1920 641 1961 ex
659 1911 824 1980 parte
847 1920 1056 1979 magna
1088 1904 1469 1982 principatum
1493 1910 1742 1963 nontam
1774 1918 1878 1961 suo
1914 1919 2083 1980 quam
2110 1917 2252 1960 uxo-

176 2002 232 2043 20
254 2005 378 2048 rum
415 1986 869 2066 libertorumque
927 1988 1163 2048 arbitrIo
1209 1987 1647 2064 administravit,
1698 1985 1828 2046 talis
1873 1985 2087 2065 ubique
2131 1983 2253 2064 ple·

249 2090 515 2151 rumque,
550 2072 777 2150 qualem
809 2090 944 2131 esse
974 2090 1102 2131 eum
1133 2081 1227 2132 aut
1257 2072 1565 2152 expediret
1593 2071 1711 2131 illis
1742 2079 1838 2130 aut
1866 2069 2098 2130 liberet.

373 2156 632 2235 Sponsas
692 2155 989 2216 admodum
1047 2155 1395 2217 adulescens
1448 2156 1588 2215 duas
1641 2155 1880 2215 habuit:
1948 2152 2252 2214 Aemiliam
2273 2158 2342 2212 26

251 2239 522 2319 Lepidam
555 2238 803 2317 Augusti
846 2250 1193 2319 proneptem
1232 2286 1249 2317 ,
1293 2243 1427 2300 item
1470 2240 1688 2300 Liviam
1716 2238 2119 2313 Medullinam,
2164 2239 2255 2297 cui

254 2333 313 2384 et
343 2340 674 2400 cognomen
709 2323 985 2384 Camillae
1022 2333 1177 2400 erat,
1216 2343 1249 2383 e
1287 2342 1509 2401 genere
1545 2325 1776 2402 antiquo
1818 2323 2116 2382 dictatoris
2149 2319 2255 2381 Ga-

177 2406 414 2467 amilli.
503 2406 796 2483 Priorem,
847 2407 1001 2487 quod
1047 2416 1322 2487 parentes
1363 2409 1488 2468 eius
1518 2407 1842 2484 Augustum
1877 2406 2257 2482 offenderant,

254 2491 538 2568 virginem
583 2489 768 2550 adhuc
807 2491 1160 2571 repudiavit,
1201 2493 1590 2569 posteriorem
1636 2494 1767 2569 ipso
1808 2490 1941 2566 die,
1993 2492 2087 2569 qui
2135 2497 2260 2548 erat

255 2575 469 2654 nuptiis
501 2573 850 2651 destinatus,
886 2593 962 2634 ex
995 2574 1307 2634 valitudine
1344 2576 1548 2635 amisit.
1592 2575 1828 2636 Uxores
1860 2574 2067 2635 deinde
2101 2573 2261 2632 duxit

257 2658 536 2719 Plautiam
578 2657 1000 2734 Urgulanillam
1037 2659 1392 2737 triumphali,
1442 2669 1501 2719 et
1544 2677 1681 2719 mox
1712 2657 1937 2719 Aeliam
1968 2658 2259 2718 Paetinam

263 2740 554 2801 consulari
586 2750 771 2819 patre.
823 2740 964 2802 Cum
995 2751 1236 2821 utraque
1266 2743 1572 2803 divortium
1601 2743 1774 2819 fecit,
1818 2742 1922 2802 sed
1957 2759 2083 2802 cum
2118 2740 2260 2800 Pae-

181 2836 241 2880 80
262 2826 379 2886 tina
410 2842 486 2884 ex
509 2823 736 2884 levibus
762 2826 1031 2902 offensis,
1068 2845 1193 2885 cum
1223 2827 1590 2906 Urgulanilla
1621 2827 1697 2887 ob
1724 2827 2016 2887 libidinum
2045 2825 2262 2903 probra

260 2919 318 2970 et
376 2908 666 2968 homicidii
717 2912 1110 2989 suspitionem.
1173 2910 1313 2971 Post
1369 2904 1476 2971 'has
1526 2911 1817 2973 Valeriam
1871 2909 2261 2983 Messalinam,

258 2992 493 3054 Barbati
522 2993 812 3055 Messalae
856 2994 1189 3055 consobrini
1234 2996 1324 3055 sui
1366 2996 1572 3073 filiam,
1622 2998 1678 3055 in
1708 2995 2123 3056 matrimonium
2167 3011 2261 3052 ac·

265 3079 440 3158 cepit.
517 3077 699 3154 Quam
747 3097 873 3138 cum
918 3080 1304 3157 comperisset
1346 3098 1525 3158 super
1573 3089 1771 3140 cetera
1828 3078 2045 3155 flagitia
2088 3086 2266 3157 atque

265 3161 558 3223 dedecora
596 3159 662 3222 C.
696 3163 840 3224 Silio
877 3165 1044 3224 etiam
1086 3167 1357 3242 nupsisse
1390 3163 1526 3225 dote
1563 3166 1711 3223 inter
1754 3164 2026 3242 auspices
2075 3163 2264 3222 consi-

190 3262 246 3303 ³5
266 3255 467 3324 gnata,
513 3245 802 3325 supplicio
846 3247 1061 3307 adfecit
1108 3249 1582 3327 confirmavitque
1636 3266 1745 3326 pro
1795 3247 2068 3307 contione
2114 3244 2268 3325 apud

267 3333 688 3409 praetorianos,
715 3338 1016 3412 quatenus
1038 3331 1164 3392 sibi
1181 3332 1579 3394 matrimonia
1599 3331 1763 3392 male
1788 3331 2093 3404 cederent,
2117 3348 2265 3408 per·

266 3432 624 3475 mansurum
650 3432 720 3475 se
749 3416 814 3477 in
845 3414 1190 3493 caelibatu,
1225 3434 1303 3477 ac
1332 3402 1457 3476 n'isi
1481 3415 1963 3494 permansisset,
2013 3431 2139 3474 non
2166 3430 2264 3471 re·

269 3506 627 3559 cta-saturum
669 3499 925 3578 confodi
958 3499 1247 3561 manibus
1289 3501 1588 3578 ipsorum.
1655 3498 1784 3560 Nec
1839 3500 2048 3559 durare
2091 3495 2271 3556 valuit

368 3602 670 3644 snm-omns.
1828 3585 1900 3644 11
