2553 3960
915 265 1129 315 mvus
1156 265 1521 317 cLAunms.
1676 340 1691 356 .
2097 260 2218 325 159

210 420 406 500 ditque
459 418 782 498 paludatus.
851 421 1001 495 Quin
1047 430 1107 482 et
1160 424 1473 483 emissurus
1517 424 1795 485 Fucinum
1849 426 2037 487 lacum
2080 447 2214 489 nau-

205 505 489 566 machiam
524 512 656 564 ante
688 506 989 566 commisit.
1032 506 1149 566 Sed
1179 525 1307 567 cum
1333 508 1823 586 proclamantibus
1854 512 2214 573 naumachia-

204 592 338 651 riis:
398 586 582 650 Have
605 590 976 667 imperator,
1010 592 1301 651 morituri
1328 599 1387 652 te
1413 593 1727 654 salutant!
1767 594 2215 673 respondisset:

204 672 334 736 Aut
358 674 520 734 non!
548 692 737 752 neque
769 683 906 752 post
932 674 1079 735 hanc
1112 692 1322 735 vocem
1354 679 1520 756 quasi
1555 679 1718 739 venia
1748 678 1878 739 data
1911 680 2216 758 quisquam

161 777 186 817 5
207 759 481 819 dimicare
513 758 726 835 vellet,
779 757 873 817 diu
917 767 1214 819 cunctatus
1250 778 1323 820 an
1353 764 1536 821 omnis
1573 762 1695 838 igni
1725 763 2004 841 ferroque
2046 763 2212 823 absu-

204 852 427 917 meret,
459 841 688 902 tandem
717 860 750 901 e
781 842 922 902 sede
953 861 1054 902 sua
1085 843 1358 922 prosiluit
1386 863 1455 905 ac
1483 864 1591 924 per
1610 846 1877 906 ambitum
1902 846 2065 906 lacus
2097 865 2214 907 non

207 929 334 989 sine
374 926 552 987 foeda
600 926 975 986 vacillatione
1022 926 1385 1004 discurrens,
1447 930 1653 1008 partim
1694 930 1961 990 minando
2006 934 2212 1009 partim

206 1010 567 1073 adhortando
600 1009 672 1070 ad
705 1028 956 1089 pugnam
991 1011 1288 1090 compulit.
1342 1012 1472 1073 Hoc
1507 1014 1849 1093 spectaculo
1887 1016 2092 1074 classis
2124 1015 2211 1074 Si-

207 1095 338 1157 cula
362 1103 420 1155 et
440 1095 668 1156 Rhodia
696 1105 1144 1174 concurrerunt,
1170 1096 1560 1158 duodenarum
1586 1099 1897 1157 triremium
1922 1100 2209 1175 singulae,

133 1200 185 1243 10
208 1181 479 1241 exciente
532 1179 740 1239 bucIna
785 1179 1022 1241 Tritone
1075 1191 1393 1260 argenteo,
1448 1184 1545 1262 qui
1593 1200 1626 1241 e
1675 1182 1867 1243 medio
1919 1182 2052 1243 lacu
2103 1201 2211 1261 per

201 1264 521 1325 machinam
553 1272 889 1324 emerserat.

331 1347 623 1423 Quaedam
658 1350 813 1408 circa
847 1349 1228 1408 caerimonias
1263 1349 1608 1429 civilemque
1653 1358 1712 1409 et
1750 1349 2052 1410 militarem
2084 1367 2203 1409 mo·
2225 1360 2297 1414 22

201 1451 357 1509 rem,
410 1433 548 1492 item
594 1433 750 1492 circa
799 1435 1046 1492 omnium
1088 1431 1348 1491 ordinum
1387 1442 1592 1492 statum
1624 1431 1776 1492 domi
1814 1433 2078 1511 forisque
2111 1442 2206 1492 aut

204 1518 491 1592 correxit,
534 1525 629 1576 aut
669 1514 902 1575 exoleta
944 1517 1283 1591 revocavit,
1329 1524 1424 1573 aut
1454 1517 1626 1574 etiam
1655 1532 1808 1574 nova
1839 1518 2099 1574 instituit.
2144 1515 2211 1574 In

130 1620 184 1661 ιε
206 1600 551 1679 cooptandis
597 1617 706 1678 per
760 1598 1014 1674 collegia
1063 1597 1469 1656 sacerdotibus
1518 1598 1801 1655 neminem
1839 1598 1947 1655 nisi
1994 1599 2209 1657 iuratus

202 1684 546 1751 nominavit;
580 1682 1033 1758 observavitque
1067 1677 1307 1754 sedu10,
1361 1689 1421 1739 ut
1459 1680 1730 1758 quotiens
1773 1688 1927 1739 terra
1973 1682 2033 1739 in
2065 1681 2208 1741 urbe

199 1770 512 1840 movisset,
561 1765 741 1824 ferias
775 1763 1060 1823 advocata
1091 1764 1365 1822 contione
1396 1771 1636 1842 praetor
1667 1762 1983 1841 indiceret,
2031 1772 2207 1843 utque

201 1853 327 1913 dira
355 1867 465 1909 ave
494 1849 551 1906 in
582 1846 875 1925 Capitolio
907 1849 1031 1907 visa
1063 1845 1398 1907 obsecratio
1430 1846 1770 1925 haberetur,
1803 1865 2045 1926 eamque
2078 1850 2209 1927 ipse

198 1938 329 1996 iure
353 1933 582 1993 maximi
606 1932 898 2012 pontilicis
922 1949 1028 2011 pro
1053 1931 1259 1992 rostris
1285 1931 1505 2011 populo
1529 1933 1784 2010 praeiret
1807 1942 2207 2012 summotaque

124 2039 181 2081 20
210 2017 609 2097 operariorum
653 2034 1068 2096 servorumque
1100 2016 1288 2076 turba.

326 2102 541 2162 Rerum
566 2110 782 2177 actum,
808 2101 1050 2161 divisum
1074 2109 1242 2162 antea
1272 2101 1329 2159 in
1355 2098 1633 2159 hibernos
1657 2100 2028 2179 aestivosque
2053 2112 2292 2169 men-23

195 2183 333 2263 ses,
366 2187 677 2246 coniunxit.
731 2186 878 2245 Iuris
923 2185 1234 2246 dictionem
1265 2184 1338 2244 de
1374 2183 1508 2244 fidei
1541 2185 1891 2262 commissis,
1937 2195 2077 2263 quot
2109 2204 2203 2245 an-

198 2273 290 2331 nis
321 2280 380 2329 et
409 2278 621 2330 tantum
652 2272 709 2329 in
740 2269 884 2330 urbe
918 2270 1182 2348 delegari
1215 2268 1648 2345 magistratibus
1679 2267 1940 2346 solitam,
1985 2270 2041 2328 in
2073 2288 2202 2348 per-

281 2363 434 2414 tuum
461 2363 633 2433 atque
676 2356 844 2414 etiam
889 2373 997 2433 per
1032 2355 1366 2434 provincias
1399 2351 1786 2432 potestatibus
1821 2353 2203 2413 demandavit.

126 2452 181 2494 25
292 2438 396 2516 piti
423 2437 636 2516 Papiae
667 2437 982 2517 Poppaeae
1012 2438 1165 2515 legis
1200 2456 1233 2498 a
1255 2437 1492 2498 Tiberio
1519 2435 1804 2513 Caesare,
1842 2439 2005 2516 quasi
2035 2454 2202 2496 sexa·

198 2522 425 2601 genarii
467 2539 757 2598 generare
799 2539 915 2581 non
946 2530 1215 2600 possent,
1273 2520 1469 2580 addito
1509 2520 1839 2597 obrogavit.
1912 2520 2114 2580 Sanxit
2141 2529 2203 2580 ut

200 2605 436 2686 pupillis
468 2614 633 2665 extra
666 2605 927 2665 ordinem
956 2614 1177 2665 tutores
1213 2625 1246 2665 a
1296 2604 1631 2665 consulibus
1681 2604 1984 2682 darentur,
2026 2613 2201 2683 utque

198 2692 274 2766 ii,
327 2689 531 2768 quibus
576 2706 609 2748 a
641 2689 1071 2765 magistratibus
1104 2690 1444 2768 provinciae
1484 2688 1999 2767 interdicerentur,
2052 2688 2200 2748 urbe

201 2789 433 2853 quoque
455 2780 513 2832 et
542 2771 708 2832 Italia
736 2782 1246 2832 summoverentur.
1276 2773 1415 2852 Ipse
1442 2772 1719 2852 quosdam
1742 2789 1898 2832 novo
1925 2771 2199 2850 exemplo

126 2875 178 2916 30
200 2856 519 2933 relegavit,
551 2864 611 2915 ut
639 2855 786 2916 ultra
821 2856 1072 2934 lapidem
1102 2859 1332 2917 tertium
1361 2865 1588 2918 vetaret
1616 2856 1821 2935 egredi
1846 2857 1917 2917 ab
1947 2854 2113 2915 urbe.

322 2939 411 3000 De
441 2940 659 3000 maiore
689 2941 930 3017 negotio
968 2950 1197 3000 acturus
1227 2942 1284 3000 in
1319 2942 1508 3019 curia,
1548 2941 1770 3001 medius
1803 2942 1952 3000 inter
1992 2955 2200 2999 consu·

194 3025 311 3085 lum
345 3024 523 3085 sellas
552 3024 859 3084 tribunicio
897 3024 1178 3085 subsellio
1217 3025 1480 3086 sedebat.
1538 3024 1904 3087 commeatus
1932 3041 1965 3083 a
1998 3031 2201 3083 senatu

196 3111 315 3189 peti
355 3109 564 3168 solitos
607 3110 856 3169 benefici
899 3110 987 3169 sui
1031 3109 1190 3169 fecit.
1258 3108 1605 3170 Ornamenta
1658 3107 1986 3169 consularia
2031 3109 2284 3175 etiam24

195 3192 674 3273 procuratoribus
702 3192 1028 3255 ducenariis
1060 3193 1311 3253 indulsit.
1356 3195 1715 3254 Senatorium
1744 3192 2078 3270 dignitatem
2106 3212 2197 3253 re-

126 3297 179 3340 ss
202 3277 529 3339 cusantibus
561 3287 891 3357 equestrem
920 3295 1156 3358 quoque
1188 3277 1418 3338 ademit.
1474 3277 1672 3338 Latum
1704 3276 1959 3355 clavum,
2004 3295 2200 3356 quam·

195 3361 287 3422 vis
323 3363 484 3422 initio
514 3362 859 3422 affirmasset
882 3380 997 3422 nou
1028 3362 1312 3422 lecturum
1335 3381 1400 3421 se
1432 3371 1760 3423 senatorem
1798 3362 1912 3422 nisi
1954 3362 2097 3421 civis
2125 3361 2198 3420 R.

198 3445 580 3526 abnepotem,
612 3449 781 3508 etiam
814 3446 1067 3507 libertini
1099 3447 1220 3507 filio
1252 3446 1480 3525 tribuit,
1513 3446 1617 3507 sed
1647 3445 1752 3507 sub
1786 3445 2118 3506 conditione
2149 3443 2201 3503 si

196 3530 355 3611 prius
389 3530 461 3592 ab
495 3532 688 3610 equite
718 3532 787 3592 R.
821 3531 1127 3610 adoptatus
1158 3540 1349 3602 essen
1396 3550 1464 3591 ac
1497 3531 1585 3592 sic
1613 3548 1847 3612 quoque
1879 3525 2199 3607 reprehen-
