2553 3960
1120 181 1465 232 neamus.
2203 171 2285 233 99

295 336 590 395 continuo.
655 334 1002 401 Dominus
1042 333 1367 414 appellatus
1409 354 1442 395 a
1485 335 1766 414 quodam,
1824 335 2172 396 denuntiavit
2214 354 2288 395 ne

292 436 359 478 se
409 418 654 497 amplius
705 417 1085 478 contumeliae
1146 435 1319 478 causa
1358 422 1696 479 nominaret.
1767 420 1960 479 Alium
2005 418 2289 479 dicentem

294 519 554 562 sacras
628 502 754 560 eius
823 502 1242 580 occupationes
1310 509 1370 560 et
1435 520 1634 561 rursus
1705 503 1874 562 alium
1894 548 1910 579 ,
1981 512 2290 563 auctore

292 601 366 645 eo
411 593 669 645 senatum
710 602 775 643 se
817 584 1039 660 adisse,
1084 583 1264 643 verba
1305 593 1526 645 mutare
1568 594 1628 644 et
1657 604 1768 664 pro
1811 595 2053 646 auctore
2093 604 2289 647 suaso-

244 673 445 745 srem,
510 684 619 747 pro
663 669 848 727 sacris
898 667 1222 727 laboriosas
1270 667 1469 727 dicere
1516 671 1733 745 coegit.
1811 670 1927 730 Sed
1987 678 2046 729 et
2087 669 2377 736 adver-28

294 768 395 811 sus
423 752 687 811 convicia
724 750 1024 829 malosque
1062 767 1324 810 rumores
1366 760 1426 810 et
1466 752 1687 813 famosa
1720 753 1791 813 de
1824 772 1891 813 se
1916 771 1987 813 ac
2018 755 2135 812 suis
2168 772 2288 814 car-

294 837 444 896 mina
474 835 666 893 firmus
700 851 769 895 ac
810 834 1065 911 patiens),
1117 833 1358 893 subinde
1392 835 1661 912 iactabat,
1705 837 1769 897 in
1803 838 2050 897 civitate
2093 836 2292 897 libera

292 918 562 997 linquam
580 925 950 995 mentemque
970 915 1204 977 liberas
1229 934 1367 977 esse
1395 917 1620 979 debere
1633 943 1665 988 ‚·
1696 928 1755 979 et
1780 920 2062 999 quondam
2091 930 2291 981 senatu

295 1003 690 1078 cognitionem
725 1000 796 1060 de
836 1001 960 1059 eius
1003 999 1158 1059 modi
1190 1001 1519 1060 criminibus
1553 1020 1622 1062 ac
1652 1005 1769 1062 reis
1806 1004 2121 1081 flagitante,
2154 1002 2293 1063 Nou

218 1101 273 1141 ιο
292 1091 557 1159 temtum,
608 1085 826 1162 inquit,
872 1082 985 1143 otii
1019 1081 1346 1158 habemus,
1395 1092 1464 1144 ut
1507 1084 1831 1163 implicare
1867 1105 1984 1147 nos
2009 1086 2293 1163 pluribus

290 1168 550 1247 neqotiis
590 1166 922 1229 debeamus
937 1190 967 1236 ,·
1029 1167 1088 1227 si
1121 1166 1285 1227 hanc
1322 1167 1664 1248 fenestram
1695 1170 2098 1248 aperueritis,
2141 1170 2297 1231 nihil

292 1251 471 1313 aliud
520 1249 626 1329 aqi
670 1250 918 1311 sinetis.-
971 1252 1234 1311 omnium
1280 1251 1641 1312 inimicitiae
1681 1253 1801 1314 hoc
1834 1259 2159 1331 praetexto
2208 1253 2298 1314 ad

288 1353 408 1396 nos
456 1333 826 1413 deferentur.
885 1332 1061 1394 Extat
1109 1342 1169 1393 et
1214 1352 1406 1394 sermo
1443 1336 1568 1394 eius
1612 1338 1670 1395 in
1716 1345 1919 1397 senatu
1959 1337 2290 1415 percivilis:

290 1418 606 1498 Siquidem
639 1419 882 1480 locutus
924 1418 1107 1477 aliter
1141 1417 1369 1495 fuerit,
1417 1417 1584 1479 dabo
1613 1437 1871 1497 operam
1896 1426 1964 1480 ut
1988 1421 2294 1481 rationem

220 1515 274 1556 ιι
287 1501 603 1581 factorum
628 1518 901 1562 meorum
924 1499 1345 1580 dictorumque
1367 1501 1629 1562 reddam
1639 1528 1670 1574 ,·
1693 1504 1754 1563 si
1771 1503 2288 1582 perseveraverit,

286 1587 353 1647 in
379 1586 570 1646 vicem
601 1601 740 1646 eum
769 1584 980 1645 odero.
1074 1659 1089 1666 -

421 1668 615 1747 Atque
656 1670 803 1728 baec
845 1683 919 1727 eo
948 1667 1298 1728 notabiliora
1328 1678 1525 1745 erant,
1565 1669 1720 1747 quod
1751 1670 1879 1748 ipse
1908 1670 1965 1727 in
1996 1668 2288 1747 appellan·
2307 1682 2376 1738 29

290 1752 387 1812 dis
424 1750 885 1829 venerandisque
936 1760 994 1810 et
1038 1750 1282 1827 singulis
1325 1760 1384 1810 et
1412 1753 1699 1811 universis
1732 1768 1920 1830 prope
1951 1760 2292 1811 excesserat

288 1836 645 1895 humanitatis
668 1832 916 1895 modum.
981 1834 1348 1894 Dissentiens
1375 1836 1432 1893 in
1466 1836 1622 1895 curia
1652 1854 1685 1895 a
1719 1836 1788 1909 Q.
1814 1834 2073 1911 Haterio,
2104 1832 2286 1913 lquo-

210 1932 270 1972 πο
286 1935 457 1992 scas,
497 1919 701 1997 inquit,
731 1934 920 1998 roqo,
952 1917 1012 1977 si
1041 1917 1190 1998 quid
1216 1916 1523 1978 adversus
1553 1925 1610 1979 te
1639 1918 1895 1979 liberius
1922 1917 2083 1978 sieut
2107 1934 2287 1978 sena·

287 2009 391 2062 tor
436 2001 676 2063 dixero.
733 2002 809 2062 Et
859 2001 1066 2061 deinde
1120 2003 1305 2061 omnis
1347 2002 1693 2081 adloquens:
1745 2002 1905 2062 Dixi
1941 2008 2002 2062 et
2033 2021 2197 2064 nunc
2234 2010 2294 2063 et

285 2103 479 2164 saepe
522 2086 689 2147 alias
722 2085 789 2145 Ρ.
837 2082 905 2145 G.
954 2082 1175 2146 bonum
1213 2092 1271 2145 et
1312 2087 1655 2147 salutarem
1688 2086 2067 2164 ρνόηοὶρεηι,
2088 2099 2099 2167 ζ
2117 2104 2292 2165 quem

282 2186 401 2230 vos
428 2175 604 2229 tanta
633 2175 691 2229 et
718 2176 841 2229 tam
873 2167 1074 2228 libera
1099 2175 1409 2246 potestate
1436 2170 1855 2244 instruoeistis,
1885 2169 2134 2229 senatui
2157 2188 2286 2229 ser·

283 2252 420 2312 vire
443 2250 667 2313 debere
697 2259 758 2313 et
781 2252 1091 2312 universis
1122 2250 1363 2312 civibus
1389 2271 1599 2331 saepe,
1635 2260 1694 2314 et
1718 2253 2076 2331 plerumque
2108 2253 2292 2313 etiam

210 2355 267 2394 25
284 2336 548 2414 sinqulis
562 2361 591 2406 ,·
615 2352 811 2415 neque
839 2335 908 2395 id
934 2335 1174 2395 dixisse
1202 2354 1298 2395 me
1323 2337 1629 2414 paenitet,
1663 2344 1722 2398 et
1749 2335 1947 2401 bonos
1974 2342 2033 2396 et
2059 2352 2291 2419 aequos
2341 2409 2346 2414 .

285 2426 347 2480 et
370 2417 653 2497 faventes
679 2436 796 2480 vos
822 2418 1015 2479 habui
1045 2419 1326 2480 dominos
1358 2428 1415 2481 et
1447 2420 1653 2481 adhuc
1678 2419 1898 2481 habeo.

277 2519 280 2522 ·
413 2504 561 2578 Quin
590 2505 760 2563 etiam
790 2506 1048 2581 speciem
1077 2503 1360 2564 libertatis
1389 2505 1666 2582 quandam
1699 2503 1940 2578 induxit,
1977 2512 2373 2565 conserva-30

284 2588 361 2647 tis
386 2589 608 2647 senatui
642 2604 712 2647 ac
744 2586 1170 2664 magistratibus
1200 2596 1259 2647 et
1289 2589 1587 2646 maiestate
1617 2587 1855 2665 pristina
1886 2593 1944 2644 et
1973 2594 2283 2664 potestate.

281 2669 490 2750 Neque
517 2679 630 2732 tam
655 2688 891 2750 parvum
926 2672 1226 2749 quicquam
1259 2687 1449 2748 neque
1478 2678 1591 2730 tam
1628 2686 1893 2746 magnum
1924 2667 2143 2747 publici
2173 2670 2285 2748 pri-

210 2768 266 2809 so
285 2756 520 2834 vatique
547 2755 772 2832 negotii
802 2755 940 2831 fuit,
973 2754 1043 2814 de
1076 2770 1190 2832 quo
1223 2771 1338 2813 non
1368 2752 1440 2813 ad
1475 2762 1673 2832 patres
1705 2754 2076 2830 conscriptos
2104 2752 2283 2811 refer·

284 2847 474 2898 retur:
503 2838 576 2898 de
603 2837 989 2915 vectigalibus
1019 2854 1088 2897 ac
1117 2836 1505 2915 monopoliis,
1539 2837 1612 2897 de
1645 2835 1978 2897 extruendis
2020 2836 2281 2896 reficien-

285 2921 451 2981 disve
485 2921 762 3000 operibus
780 2966 796 2996 ,
838 2921 1009 2980 etiam
1039 2920 1110 2980 de
1137 2919 1390 2997 legendo
1418 2921 1514 2980 vel
1549 2919 1980 2981 exauctorando
2009 2919 2186 2978 milite
2216 2935 2285 2977 ac

282 3005 574 3082 legionum
622 3013 683 3064 et
723 3004 1066 3065 auxiliorum
1105 3003 1535 3082 descriptione,
1577 3004 1825 3082 denique
1871 3002 2075 3081 quibus
2103 3003 2280 3081 impe-

283 3090 427 3148 rium
459 3090 768 3166 prorogari
798 3096 894 3147 aut
923 3086 1378 3147 extraordinaria
1407 3087 1562 3148 bella
1597 3086 1879 3162 mandari,
1921 3086 2052 3165 quid
2083 3095 2143 3146 et
2174 3104 2281 3165 qua

210 3173 708 3247 seformaregum
751 3170 959 3229 litteris
992 3170 1238 3230 rescribi
1267 3170 1545 3248 placeret.
1602 3170 1965 3230 Praefectum
2007 3169 2166 3246 alae,
2210 3168 2281 3228 de

284 3256 339 3315 vi
372 3263 431 3313 et
460 3254 675 3332 rapinis
704 3271 884 3329 reum,
920 3271 1146 3312 causam
1175 3255 1233 3312 in
1257 3262 1459 3314 senatu
1483 3253 1681 3313 dicere
1708 3254 1922 3329 coegit.
1966 3252 2281 3330 Numquam

283 3338 500 3398 curiam
539 3338 648 3396 nisi
684 3337 844 3397 solus
890 3338 1147 3405 intravit;
1190 3337 1404 3396 lectica
1437 3335 1722 3414 quondam
1750 3335 2050 3396 introlatus
2078 3349 2277 3407 aeger,

274 3423 529 3484 comites
571 3438 605 3481 a
647 3438 712 3479 se
752 3421 1019 3480 removit.
1084 3419 1374 3495 Quaedam
1416 3420 1694 3481 adversus
1738 3420 2074 3558 sente712tiam
2123 3428 2279 3471 suam
2296 3421 2358 3473 31
