2553 3960
1164 244 1373 295 NERO.
1626 286 1633 289 ,
2156 233 2273 294 179

272 402 507 481 saepius
540 399 783 461 canendi
814 401 1052 460 occasio
1087 409 1266 460 esset.
1360 399 1527 474 Quod
1559 417 1685 459 cum
1715 399 1936 459 tardum
1962 399 2273 476 videretur,

270 503 388 546 non
434 485 686 545 cessavit
737 482 1045 544 identidem
1096 503 1162 543 se
1216 484 1536 562 publicare.
1636 483 1928 543 Dubitavit
1987 486 2153 543 etiam
2205 500 2276 542 an

274 570 514 650 privatis
542 567 893 647 spectaculis
919 585 1159 647 operam
1172 570 1321 627 inter
1336 569 1606 629 scenicos
1630 568 1814 644 daret,
1847 566 2090 645 quodam
2107 585 2273 645 prae-

273 663 459 714 torum
486 653 813 711 sestertium
844 652 1042 712 decies
1075 652 1377 713 offerente.
1469 650 1829 728 Tragoedias
1868 667 2098 729 quoque
2143 668 2272 710 can·

230 754 255 794 5
277 738 418 797 tavit
448 745 819 815 personatuS,
853 732 1094 795 heroum
1130 736 1485 815 deorumque
1518 738 1654 795 item
1685 735 1984 795 heroidum
2030 753 2098 794 ac
2141 734 2273 794 dea·

275 838 396 880 rum
446 822 714 899 personis
756 819 985 879 effectis
1025 819 1096 879 ad
1138 818 1559 879 similitudinem
1602 822 1719 882 oris
1764 821 1849 879 sui
1895 828 1953 879 et
2003 819 2272 895 feminae,

273 912 449 984 prout
476 921 759 983 quamque
789 902 1079 980 diligeret.
1138 902 1299 962 Inter
1329 912 1528 962 cetera
1562 905 1813 965 cantavit
1843 902 2113 964 Canacen
2144 919 2273 980 par·

275 989 600 1064 turientem,
637 988 885 1047 Oresten
920 987 1299 1063 matricidam,
1328 985 1687 1066 Oedipodem
1711 994 2105 1063 excaecatum,
2130 984 2273 1044 Her·

276 1072 464 1133 culem
493 1074 766 1131 insanum.
854 1069 920 1130 In
953 1088 1062 1149 qua
1093 1070 1287 1132 fabula
1317 1072 1465 1131 fama
1501 1081 1611 1148 est,
1661 1070 1999 1132 tirunculum
2040 1071 2276 1129 militem

204 1179 255 1223 ιο
274 1158 522 1238 positum
552 1153 970 1215 adcustodiam
1001 1154 1207 1231 aditus,
1244 1173 1372 1215 cum
1397 1174 1526 1215 eum
1558 1157 1749 1216 ornari
1783 1174 1851 1215 ac
1884 1155 2085 1214 vinciri
2122 1162 2273 1213 cate-

271 1241 381 1316 nis,
410 1240 556 1300 sicut
580 1248 974 1317 argumentum
997 1238 1348 1318 postulabat,
1373 1237 1621 1317 videret,
1649 1241 1975 1301 accurrisse
1999 1237 2276 1298 ferendae

275 1342 311 1385 o
357 1325 406 1383 is
437 1325 642 1400 g'ratia.

314 1341 352 1404 p
393 1406 685 1486 Equorum
711 1404 898 1467 studio
929 1407 1026 1466 vel
1057 1409 1373 1487 praecipue
1405 1408 1475 1468 ab
1504 1411 1736 1467 ineunte
1769 1416 1956 1467 aetate
1982 1406 2272 1482 flagravit,
2292 1413 2361 1466 22

275 1491 665 1573 plurimusque
695 1489 780 1550 illi
811 1507 1021 1568 sermo,
1067 1509 1406 1569 quamquam
1445 1500 1760 1567 vetaretur,
1803 1490 1875 1550 de
1920 1488 2277 1550 circensibus

208 1597 254 1639 ιε
275 1583 430 1644 erat;
465 1583 523 1633 et
555 1573 842 1654 quondam
883 1582 1124 1633 tractum
1167 1575 1458 1652 prasinum
1502 1576 1846 1652 agitatorem
1888 1575 2039 1632 inter
2080 1570 2276 1632 condi-

276 1658 535 1737 scipulos
571 1674 854 1736 querens,
892 1657 1232 1734 obiurgante
1280 1656 1663 1736 paedagogo,
1696 1657 1768 1716 de
1794 1656 2050 1717 Hectore
2083 1674 2148 1715 se
2190 1654 2276 1714 lo-

276 1743 373 1822 qui
415 1742 718 1800 ementitus
763 1748 870 1800 est.
962 1739 1081 1799 Sed
1135 1758 1263 1800 cum
1315 1742 1463 1801 inter
1516 1743 1674 1801 initia
1726 1742 1952 1820 imperii
2006 1739 2279 1799 eburneis

276 1823 573 1907 quadrigis
611 1823 824 1884 cotidie
852 1824 912 1883 in
944 1824 1128 1885 abaco
1158 1824 1414 1901 luderet,
1462 1825 1533 1884 ad
1586 1827 1769 1886 omnis
1812 1826 1985 1885 etiam
2013 1825 2278 1884 minimos

278 1911 577 1971 circenses
594 1926 627 1966 e
644 1925 886 1967 secessu
911 1908 1288 1986 commeabat,
1312 1911 1494 1989 primo
1520 1908 1686 1989 clam,
1712 1907 1920 1969 deinde
1947 1908 2246 1988 propalam
2261 1929 2275 1976 ;

202 2004 339 2055 aaut
368 1994 579 2052 nemini
603 1991 830 2052 dubium
864 2003 1040 2070 esset,
1076 2011 1147 2053 eo
1181 1992 1274 2053 die
1312 1997 1505 2073 utique
1536 1994 1852 2054 affuturum.
1926 1992 2134 2072 Neque
2165 1992 2277 2052 dis·

275 2075 578 2140 simulabat
606 2075 762 2136 velle
795 2094 860 2137 se
889 2077 1202 2157 palmarum
1231 2096 1525 2137 numerum
1568 2077 1873 2156 ampliare;
1922 2095 2102 2157 quare
2144 2093 2277 2154 spe-

275 2160 558 2224 ctaculum
582 2159 975 2239 multiplicatis
993 2161 1263 2222 missibus
1286 2163 1344 2221 in
1366 2180 1559 2222 serum
1583 2161 2045 2241 protrahebatur,
2077 2179 2151 2220 ne
2174 2159 2278 2220 do-

272 2246 438 2307 minis
480 2245 708 2325 quidem
752 2246 860 2304 iam
905 2246 1217 2307 factionum
1261 2244 1629 2324 dignantibus
1669 2248 1778 2306 nisi
1824 2246 1894 2306 ad
1943 2248 2118 2306 totius
2163 2242 2279 2304 diei

278 2347 504 2392 cursum
535 2346 758 2406 greges
805 2328 1042 2391 ducere.
1128 2330 1268 2392 Mox
1312 2339 1371 2390 et
1412 2332 1542 2409 ipse
1585 2332 1852 2408 aurigare
1891 2339 2063 2410 atque
2106 2329 2279 2388 etiam

205 2414 534 2492 aspectari
564 2413 796 2490 saepius
828 2413 1031 2496 voluit,
1076 2416 1390 2499 positoque
1431 2416 1489 2473 in
1525 2413 1710 2474 hortis
1751 2414 1900 2474 inter
1938 2414 2173 2474 servitia
2220 2419 2279 2470 et

278 2494 572 2559 sordidam
603 2494 834 2576 plebem
865 2498 1204 2575 rudimento,
1239 2499 1642 2558 universorum
1681 2516 1747 2558 se
1791 2498 1977 2558 oculis
2015 2498 2073 2557 in
2116 2497 2277 2555 circo

276 2581 525 2642 maximo
557 2579 842 2659 praebuit,
874 2581 1066 2661 aliquo
1099 2582 1314 2642 liberto
1345 2583 1605 2642 mittente
1634 2600 1903 2661 mappam
1926 2580 2074 2641 unde
2096 2579 2276 2656 magi·

278 2674 492 2727 stratus
546 2663 759 2725 solent.
845 2664 973 2725 Nec
1029 2675 1334 2726 contentus
1388 2666 1588 2725 harum
1632 2668 1832 2728 artium
1882 2666 2280 2745 experimenta

277 2751 503 2811 Romae
547 2747 810 2826 dedisse,
853 2748 1165 2828 Achaiam,
1213 2759 1271 2809 ut
1324 2750 1599 2829 diximus,
1651 2751 1824 2831 petit,
1865 2750 2000 2811 hinc
2034 2749 2278 2809 maxime

207 2842 500 2894 sommus:
557 2833 919 2894 instituerant
968 2835 1263 2912 civitates,
1311 2834 1463 2914 apud
1495 2855 1637 2916 quas
1675 2835 1876 2895 musici
1919 2850 2142 2911 agones
2185 2830 2278 2889 edi

280 2916 493 2993 solent,
530 2934 729 2977 omnes
760 2916 1222 2981 citharoedorum
1260 2936 1511 2980 coronas
1543 2920 1614 2980 ad
1644 2921 1829 2999 ipsum
1859 2920 2104 2978 mittere.
2160 2913 2279 2974 Eas

279 3000 428 3062 adeo
458 3009 626 3079 grate
657 3002 1002 3081 recipiebat,
1030 3012 1092 3063 ut
1116 3003 1370 3081 legatos,
1400 3005 1496 3084 qui
1527 3003 1922 3083 pertulissent,
1958 3019 2074 3062 non
2103 2998 2276 3060 modo

280 3085 498 3166 primos
529 3084 874 3162 admitteret,
914 3087 1019 3147 sed
1050 3089 1219 3148 etiam
1250 3088 1625 3149 familiaribus
1648 3087 1837 3167 epulis
1858 3089 2276 3165 interponeret.

279 3170 333 3231 A
363 3168 700 3250 quibusdam
731 3188 806 3229 ex
833 3170 922 3230 his
951 3181 1192 3249 rogatus
1233 3181 1296 3231 ut
1339 3173 1596 3249 cantaret
1641 3189 1819 3250 super
1863 3187 2133 3248 caenam,
2179 3187 2277 3228 ex-

212 3280 263 3322 35
284 3264 605 3334 ceptusque
645 3253 900 3332 effusius,
933 3256 1103 3316 solos
1124 3255 1291 3316 scire
1314 3255 1537 3316 audire
1565 3255 1862 3331 Graecos,
1901 3254 2193 3333 solosque
2212 3269 2283 3311 se

284 3344 341 3399 et
367 3337 591 3398 studiis
623 3337 755 3398 suis
784 3336 1003 3418 diynos
1027 3342 1120 3399 ait.
1178 3338 1306 3399 Nec
1330 3340 1698 3417 profectione
1723 3337 1918 3416 dilata,
1950 3347 2011 3398 ut
2038 3339 2278 3416 primum
2359 3371 2377 3395 ‚.

288 3419 610 3508 stiopen
643 3422 893 3498 traiecit,
926 3424 1115 3483 statim
1146 3422 1217 3483 ad
1261 3440 1417 3483 aram
1457 3421 1613 3483 Iovis
1645 3421 1800 3484 Casii
1829 3431 2062 3483 cantare
2087 3419 2275 3495 auspi·

287 3513 466 3583 catus,
505 3505 816 3598 certamina
850 3503 1131 3586 deinceps
1160 3505 1302 3568 obiit
1334 3509 1538 3570 omnia.
1625 3506 1768 3567 Nam
1802 3516 2049 3650 e1t2qtuae
2090 3500 2277 3561 diver·
2293 3509 2362 3561 23
