2553 3960
932 239 1141 289 mvus
1185 240 1565 290 Auous'ms.
2169 224 2252 286 47

233 407 598 479 potestatem
639 415 876 477 semper
922 396 1183 457 omnibus
1227 398 1403 473 fecit,
1448 399 1714 476 quotiens
1759 397 1980 458 vellent
2011 395 2251 459 obsides

232 483 585 564 recipiendi.
651 481 858 561 Neque
902 491 998 542 aut
1031 480 1296 541 crebrius
1342 490 1436 541 aut
1491 482 1861 561 perfidiosius
1909 481 2250 543 rebellantis

234 569 515 645 graviore
545 584 812 646 umquam
842 566 995 626 ultus
1026 573 1119 626 est
1140 582 1369 645 poena,
1401 584 1568 646 quam
1596 575 1657 626 ut
1681 568 1947 645 captivos
1976 566 2082 626 sub
2112 566 2251 642 lege

235 651 636 743 venundaret,
670 668 745 710 ne
777 653 834 709 in
868 651 1057 709 vicina
1084 651 1334 727 regione
1362 653 1654 711 servirent
1682 668 1835 710 neve
1858 653 2005 711 intra
2037 651 2249 710 tricen-

196 752 221 791 ο
242 738 444 796 simum
501 752 709 796 annum
770 733 1174 794 liberarentur.
1263 734 1390 809 Qua
1440 736 1664 796 virtutis
1721 734 2252 814 moderationisque

236 819 388 881 fama
418 819 599 880 Indos
631 821 803 880 etiam
833 836 903 878 ac
934 816 1219 894 Scythas,
1253 818 1444 878 auditu
1475 818 1646 880 modo
1679 822 1967 897 cognitos,
2005 818 2252 897 pellexit

237 904 310 965 ad
341 906 655 965 amicitiam
700 920 859 963 suam
902 901 1222 982 populique
1264 902 1432 963 Rom.
1462 903 1615 964 ultro
1644 922 1754 983 per
1785 903 2017 982 legatos
2048 911 2250 981 peten-

236 989 389 1048 dam.
467 986 665 1048 Parthi
708 1004 941 1066 quoque
986 995 1047 1045 et
1088 984 1419 1045 Armeniam
1464 987 1776 1048 vindicanti
1825 987 2004 1048 facile
2051 1003 2248 1045 cesse-

236 1082 373 1133 runt
401 1080 462 1131 et
490 1073 661 1149 signa
686 1071 986 1147 militaria,
1021 1087 1170 1149 quae
1200 1069 1278 1130 Μ.
1296 1068 1512 1131 Crasso
1541 1081 1602 1131 et
1626 1071 1703 1132 Μ.
1735 1071 1990 1132 Antonio
2020 1069 2251 1132 ademe-

171 1173 219 1215 ιο
239 1166 408 1234 rant,
445 1157 786 1236 reposcenti
825 1154 1200 1216 reddiderunt
1241 1153 1592 1235 obsidesque
1627 1159 1866 1236 insuper
1893 1155 2248 1236 optulerunt,

239 1241 529 1320 denique,
560 1239 822 1319 pluribus
857 1238 1143 1319 quondam
1173 1238 1246 1299 de
1275 1256 1465 1316 regno
1486 1239 1956 1301 concertantibus
1973 1286 1991 1318 ,
2021 1239 2248 1300 nonnisi

238 1325 315 1386 ab
351 1326 487 1403 ipso
520 1324 768 1384 electum
796 1324 1212 1403 probaverunt.

372 1408 573 1468 lanum
600 1408 923 1485 Quirinum,
958 1406 1138 1467 semel
1171 1417 1343 1487 atque
1373 1410 1578 1468 iterum
1607 1427 1641 1470 a
1674 1408 1905 1469 condita
1933 1408 2078 1468 urbe
2115 1415 2249 1467 ante
2262 1424 2331 1476 22

239 1494 579 1554 memoriam
612 1510 772 1552 suam
807 1493 1094 1568 clausum,
1138 1493 1193 1549 in
1221 1491 1403 1552 multo
1442 1492 1717 1553 breviore
1748 1494 2027 1572 temporis
2058 1491 2248 1570 spatio

171 1599 221 1638 ns
241 1588 403 1639 terra
431 1579 691 1656 marique
722 1594 873 1656 pace
904 1584 1070 1656 parta
1104 1584 1193 1635 ter
1225 1575 1413 1635 clusit.
1475 1576 1573 1636 Bis
1604 1593 1787 1636 ovans
1818 1578 2118 1653 ingressus
2159 1581 2251 1633 est

241 1661 479 1739 urbem,
510 1669 648 1740 post
680 1660 1057 1740 Philippense
1089 1667 1149 1719 et
1175 1678 1376 1720 rursus
1407 1669 1545 1739 post
1575 1659 1830 1720 Siculum
1858 1658 2093 1719 bellum.
2139 1654 2248 1717 Gu-

242 1746 390 1806 rulis
420 1744 742 1823 triumphos
773 1747 878 1803 tris
911 1746 1066 1820 egit,
1100 1743 1502 1821 Delmaticum,
1535 1744 1869 1821 Actiacum,
1904 1740 2250 1803 Alexandri-

247 1845 416 1905 num,
460 1829 732 1888 continuo
774 1827 961 1888 triduo
1003 1845 1223 1888 omnes.
1292 1826 1515 1889 Graves
1558 1830 1901 1906 ignominias
1932 1826 2248 1905 cladesque
2265 1843 2335 1897 23

250 1912 390 1974 duas
421 1914 651 1973 omnino
680 1930 795 1972 nec
829 1911 964 1971 alibi
995 1931 1163 1993 quam
1197 1914 1254 1972 in
1286 1911 1588 1974 Germania
1633 1914 1893 1993 accepit,
1933 1911 2249 1973 Lollianam

174 2007 311 2059 suet
364 1998 711 2073 Varianam,
768 1996 873 2057 sed
917 1997 1235 2058 Lollianam
1280 2000 1512 2059 maioris
1557 1998 1827 2060 infamiae
1868 2014 2038 2078 quam
2066 1994 2248 2056 detri-

244 2084 452 2157 menti,
495 2076 807 2142 Vafianam
848 2099 1037 2160 paene
1080 2082 1468 2161 exitiabilem,
1515 2083 1697 2144 tribus
1746 2082 2076 2160 legionibus
2122 2096 2250 2139 cum

245 2166 395 2227 duce
427 2165 758 2244 legatisque
792 2173 851 2224 et
882 2165 1110 2225 auxiliis
1140 2165 1403 2228 omnibus
1438 2170 1648 2228 caesis.
1705 2167 1829 2229 Hac
1858 2169 2112 2228 nuntiata
2149 2181 2248 2224 ex-

246 2249 446 2313 cubias
477 2266 588 2329 per
618 2249 819 2309 urbem
850 2248 1072 2325 indixit,
1105 2268 1180 2310 ne
1216 2252 1342 2330 quis
1378 2252 1645 2312 tumultus
1671 2255 1967 2329 existeret,
1999 2259 2058 2310 et
2079 2266 2247 2329 prae·

245 2333 467 2396 sidibus
516 2335 947 2412 provinciarum
990 2337 1344 2413 propagavit
1379 2338 1710 2416 imperium,
1758 2345 1818 2396 ut
1870 2355 1903 2397 a
1946 2337 2147 2416 peritis
2191 2339 2251 2392 et

174 2437 227 2478 2⁶
248 2418 497 2481 assuetis
553 2418 700 2478 socii
755 2420 1205 2479 continerentur.
1276 2421 1456 2480 Vovit
1501 2429 1562 2480 et
1612 2438 1856 2498 magnos
1913 2420 2082 2480 ludos
2123 2417 2248 2478 lovi

246 2503 479 2582 Optimo
491 2500 763 2579 Maximo,
801 2503 849 2562 si
877 2520 976 2562 res
1008 2520 1067 2583 p.
1101 2503 1158 2562 in
1185 2502 1486 2563 meliorem
1517 2512 1723 2564 statum
1752 2505 2057 2564 vertisset:
2095 2500 2248 2582 quod

243 2588 461 2648 factum
492 2584 787 2646 Cimbrico
822 2586 1190 2667 Marsicoque
1223 2586 1383 2648 bello
1414 2596 1557 2648 erat.
1632 2586 1802 2647 Adeo
1834 2586 2081 2665 denique
2111 2603 2242 2645 con·

246 2679 562 2732 sternatum
604 2672 826 2748 ferunt,
874 2679 937 2731 ut
968 2689 1077 2750 per
1120 2673 1422 2732 continuos
1445 2689 1677 2731 menses
1708 2668 1887 2730 barba
1921 2669 2248 2748 capilloque

250 2756 551 2815 summisso
589 2764 764 2834 caput
792 2754 1074 2815 interdum
1095 2755 1318 2815 foribus
1348 2754 1629 2832 illideret,
1665 2753 2027 2816 vociferans:
2060 2748 2245 2824 Qatn-

178 2857 231 2898 so
249 2839 346 2900 tili
384 2836 580 2918 Varo,
633 2839 909 2918 leqt'ones
952 2838 1182 2900 redde!
1227 2839 1493 2920 diemque
1528 2839 1710 2901 cladis
1739 2847 1879 2920 quot
1907 2838 2069 2898 annis
2097 2852 2247 2895 mae·

251 2931 399 2984 stum
455 2922 723 2984 habuerit
766 2942 835 2984 ac
878 2921 1202 2999 lugubrem.
1272 2923 1339 2984 In
1385 2943 1451 2984 re
1496 2925 1724 2986 militari
1771 2933 1832 2984 et
1884 2921 2330 2983 commutavit24

248 3007 424 3067 multa
467 3016 528 3067 et
570 3009 842 3083 instituit,
888 3015 1059 3086 atque
1103 3011 1274 3068 etiam
1305 3008 1376 3068 ad
1405 3012 1693 3089 antiquum
1725 3025 1947 3068 morem
1975 3004 2248 3067 nonnulla

247 3092 572 3153 revocavit.

372 3174 749 3256 Disciplinam
793 3178 1163 3238 severissime
1190 3179 1376 3239 rexit:
1415 3196 1489 3238 ne
1518 3178 1844 3257 legatorum
1877 3175 2105 3255 quidem
2134 3176 2247 3236 cui-

180 3275 229 3316 ss
252 3278 454 3340 quam,
496 3262 608 3321 nisi
651 3271 898 3339 gravate
942 3261 1315 3341 hibernisque
1358 3263 1581 3323 demum
1618 3261 1944 3335 mensibus,
1992 3261 2250 3340 permisit

249 3362 494 3404 uxorem
535 3347 900 3406 intervisere.
973 3345 1243 3426 Equitem
1290 3346 1395 3422 R„
1438 3346 1592 3427 quod
1633 3345 1856 3406 duobus
1896 3345 2027 3405 filiis
2055 3342 2246 3404 adule-

250 3427 547 3489 scentibus
595 3447 771 3490 causa
805 3429 1165 3491 detrectandi
1206 3432 1549 3491 sacramenti
1591 3429 1842 3508 pollices
1877 3432 2246 3507 amputasset,

249 3512 438 3592 ipsum
468 3512 740 3594 bonaque
784 3512 1030 3575 subiecit
1058 3514 1292 3584 hastae3
1335 3531 1504 3594 quem
1538 3522 1759 3593 tamen,
1790 3512 1944 3592 quod
1971 3509 2247 3569 inminere
