2553 3960
292 177 414 239 248
448 191 506 240 ο.
538 190 837 240 sumom
872 192 1126 252 TRANQ.
1159 193 1254 240 DE
1284 194 1450 241 vrrA
1496 193 1862 242 cfflsAntm
1891 195 2032 244 ΜΒ.
2062 196 2209 245 vm.

288 353 574 426 nataeque
616 347 914 406 saevitiae.
981 348 1261 409 Actorem
1308 366 1649 409 summarum
1694 349 1878 428 pridie
1922 367 2092 429 quam
2122 352 2283 412 cruci

288 432 498 506 figeret
537 431 595 489 in
638 430 959 491 cubiculum
999 434 1271 510 vocavit,
1319 431 1580 493 assidere
1619 432 1677 492 in
1709 442 1837 493 toro
1867 434 2023 495 iuxta
2062 438 2282 513 coegit,

288 532 555 574 securum
586 514 943 595 hilaremque
980 515 1221 594 dimisit,
1270 514 1526 597 partibus
1563 518 1733 577 etiam
1764 515 1837 576 de
1869 534 2051 579 caena
2083 517 2277 596 digna·

289 607 378 658 tas
409 607 516 658 est.
562 596 904 660 Arrecinum
933 598 1292 661 Clementem
1322 599 1719 677 consularem,
1742 619 1912 661 unum
1934 620 1967 661 e
1993 603 2277 664 familiari·

288 681 395 742 bus
435 689 493 741 et
524 684 837 744 emissariis
869 684 1018 762 suis,
1058 685 1265 764 capitis
1299 684 1809 762 condemnaturus,
1862 687 1918 744 in
1948 685 2149 746 eadem
2182 685 2276 749 vel
2303 708 2332 748 s

289 769 459 828 etiam
490 769 709 829 maiore
738 769 926 844 gratia
955 767 1180 845 habuit,
1216 768 1406 849 quoad
1440 769 1757 829 novissime
1804 769 1970 830 simul
2000 772 2276 847 gestanti,

289 860 611 930 conspecto
645 851 907 912 delatore
941 855 1093 930 eius,
1133 850 1237 913 Vis
1266 853 1450 933 inquit
1487 851 1649 915 hunc
1686 853 2123 934 nequissimum
2150 872 2275 915 ser-

287 952 427 994 vum
459 952 607 996 cras
643 935 1017 998 audiamus?

458 1019 534 1079 Et
556 1038 670 1100 quo
704 1023 1086 1101 contemptius
1113 1019 1446 1081 abuteretur
1478 1022 1750 1101 patientia
1773 1020 2091 1098 hominum,
2122 1038 2274 1080 num-

288 1122 455 1184 quam
488 1104 801 1165 tristiorem
838 1107 1176 1166 sententiam
1207 1105 1333 1164 sine
1366 1105 1729 1184 praefatione
1768 1105 2110 1168 clementiae
2143 1121 2274 1184 pro·
2301 1124 2353 1166 ιο

285 1189 595 1265 nuntiavit,
625 1196 685 1248 ut
714 1205 829 1249 non
858 1188 1011 1249 aliud
1038 1190 1147 1249 iam
1175 1191 1389 1248 certius
1416 1191 1634 1250 atrocis
1654 1192 1843 1250 exitus
1870 1192 2095 1267 signum
2121 1197 2278 1248 esset

286 1289 455 1350 quam
500 1272 770 1351 principii
808 1272 1035 1334 lenitas.
1097 1272 1391 1347 Quosdam
1434 1274 1747 1334 maiestatis
1788 1291 1926 1334 reos
1971 1274 2029 1332 in
2061 1274 2276 1332 curiam

283 1355 617 1432 induxerat,
678 1364 735 1415 et
796 1374 922 1416 cum
973 1355 1396 1437 praedixisset,
1451 1363 1850 1437 experturum
1896 1375 1966 1418 se
2014 1356 2128 1418 illa
2178 1356 2279 1416 die

284 1457 470 1520 quam
502 1456 695 1501 carus
726 1441 972 1501 senatui
1006 1448 1195 1518 esset,
1231 1440 1406 1501 facile
1447 1442 1780 1522 perfecerat
1810 1451 1870 1502 ut
1901 1443 2074 1501 etiam
2115 1457 2276 1501 more

282 1525 556 1584 maiorum
582 1524 850 1604 puniendi
876 1524 1429 1597 condemnarentur;
1470 1524 1678 1586 deinde
1709 1527 2014 1587 atrocitate
2046 1543 2275 1606 poenae
2301 1534 2352 1576 1⁸

287 1611 664 1686 conterritus,
714 1608 786 1670 ad
832 1608 1155 1671 leniendam
1195 1609 1501 1687 invidiam,
1543 1611 1875 1670 intercessit
1915 1609 2007 1669 his
2046 1608 2273 1669 verbis:

286 1695 506 1772 (neque
537 1694 687 1753 enim
715 1692 787 1754 ab
812 1711 879 1753 re
923 1693 1095 1754 fuerit
1133 1695 1259 1774 ipsa
1309 1694 1707 1773 cognoscere)
1751 1692 2273 1772 Permittitespa·

282 1782 410 1838 tres
442 1777 810 1856 conscripti,
848 1794 889 1837 a
916 1779 1150 1857 pietate
1176 1784 1391 1839 vestra
1419 1778 1776 1858 impetrari,
1812 1777 1979 1858 quod
2007 1778 2140 1838 scio
2182 1795 2277 1837 me

284 1859 617 1940 difficulter
650 1861 1151 1940 impetraturum,
1194 1869 1264 1923 ut
1296 1861 1608 1923 damnatis
1639 1859 1896 1924 liberum
1924 1862 2139 1923 mortis
2168 1879 2272 1922 ar-

284 1944 532 2007 bitrium
583 1945 998 2027 indulqeatis5
1052 1964 1197 2008 nam
1249 1953 1309 2008 el
1356 1946 1640 2027 parcetis
1694 1945 1893 2009 oculis
1940 1945 2166 2008 vestris
2221 1951 2349 2008 eleo

280 2030 624 2110 intelleqent
649 2049 744 2092 me
771 2049 978 2092 omnes
1010 2032 1255 2093 senatui
1283 2031 1658 2111 interfuisse.

201 2131 265 2184 12
305 2159 310 2173 .
406 2115 735 2175 Exhaustus
786 2133 1027 2195 operum
1072 2134 1143 2176 ac
1185 2133 1481 2176 munerum
1522 2116 1797 2197 impensis
1845 2112 2272 2194 stipendioque,

281 2198 437 2278 quod
467 2198 790 2277 adiecerat,
838 2202 1141 2278 temptavit
1172 2199 1402 2279 quidem
1445 2199 1515 2261 ad
1558 2198 1909 2261 relevandos
1943 2207 2273 2259 castrenses

280 2292 565 2362 sumptus,
602 2301 893 2345 numerum
922 2284 1158 2344 militum
1191 2283 1554 2355 deminuere;
1588 2283 1693 2344 sed
1730 2301 1854 2344 cum
1875 2290 1934 2342 et
1964 2282 2273 2342 obnoxium

218 2378 227 2384 ·
281 2386 345 2427 se
397 2365 659 2427 barbaris
712 2387 820 2448 per
868 2367 984 2428 hoc
1036 2367 1552 2445 animadverteret,
1605 2386 1798 2447 neque
1852 2384 1926 2427 eo
1984 2366 2163 2426 setius
2212 2366 2347 2425 inas

282 2450 645 2531 explicandis
677 2452 951 2513 oneribus
981 2452 1281 2531 haereret,
1324 2452 1462 2513 nihil
1509 2452 1677 2532 pensi
1704 2451 1900 2513 habuit
1936 2453 2072 2530 quin
2104 2467 2270 2530 prae-

279 2534 509 2596 daretur
539 2537 690 2596 omni
720 2537 913 2597 modo.
971 2536 1132 2597 Bona
1169 2538 1427 2597 vivorum
1465 2555 1537 2597 ac
1566 2545 1920 2597 mortuorum
1947 2552 2271 2613 usquequa-

280 2638 393 2700 que
427 2619 689 2700 quolibet
719 2631 778 2681 et
808 2630 1152 2682 accusatore
1196 2630 1254 2681 et
1299 2618 1533 2681 crimine
1577 2619 2057 2700 corripiebantur.
2118 2618 2272 2678 Satis

280 2713 433 2782 erat,
470 2703 625 2764 obici
657 2704 1075 2784 qualecumque
1119 2705 1331 2765 factum
1373 2705 1659 2765 dictumve
1693 2703 1972 2764 adversus
2006 2703 2269 2762 maiesta-

276 2798 391 2849 tem
437 2789 729 2869 principis.
821 2787 1301 2849 Confiscabantur
1341 2788 1732 2850 alienissimae
1773 2786 2127 2848 hereditates
2172 2784 2345 2848 velso

277 2891 388 2933 uno
422 2874 745 2950 existente,
795 2874 889 2952 qui
925 2872 1149 2933 diceret
1190 2872 1423 2934 audisse
1472 2891 1540 2932 se
1579 2891 1653 2932 ex
1683 2871 1988 2948 defuncto,
2034 2888 2160 2931 cum
2188 2871 2270 2929 vi·

276 2967 475 3035 veret,
520 2956 793 3017 heredem
836 2956 943 3016 sibi
976 2955 1287 3018 Caesarem
1329 2975 1481 3018 esse.
1550 2956 1789 3016 Praeter
1821 2963 2056 3015 ceteros
2085 2953 2268 3014 ludai-

278 3060 378 3101 cus
410 3042 585 3101 fiscus
616 3040 989 3102 acerbissime
1025 3049 1187 3101 aetus
1220 3050 1340 3112 est;
1379 3040 1449 3102 ad
1492 3058 1658 3119 quem
1689 3038 2128 3116 deferebantur,
2174 3038 2272 3117 qui

276 3124 372 3184 vel
406 3126 721 3203 inprofessi
749 3124 1038 3186 Iudaicam
1064 3126 1329 3186 viverent
1361 3126 1565 3199 vitam,
1610 3123 1707 3184 vel
1750 3122 2101 3184 dissimulata
2156 3123 2270 3181 ori-

276 3210 413 3285 gine
446 3208 713 3285 imposita
744 3211 908 3286 genti
936 3209 1144 3270 tributa
1178 3226 1296 3269 non
1323 3208 1758 3289 pependissent.
1812 3206 2154 3268 Interfuisse
2177 3222 2270 3265 me
2289 3226 2344 3271 ³5

277 3289 768 3351 adulescentulum
798 3294 1057 3370 memini,
1097 3312 1222 3353 cum
1270 3311 1304 3354 a
1346 3300 1728 3372 procuratore
1773 3290 2269 3370 frequentissimo-

279 3392 391 3451 que
428 3373 674 3434 consilio
706 3377 1094 3455 inspiceretur
1122 3379 1550 3455 nonagenarius
1584 3394 1800 3453 senex,
1841 3393 1912 3436 an
1961 3374 2270 3434 circumse-

282 3465 406 3515 ctus
437 3465 615 3515 esset.
