2553 3960
331 216 448 279 130
504 228 562 277 ο.
599 226 900 276 sun-‘rom
934 227 1190 288 TRANQ.
1217 227 1314 274 ms
1349 228 1515 275 vrrs
1550 227 1919 275 CAEsARmu
1952 228 2089 274 ΜΒ.
2116 227 2248 275 1111.

278 431 281 434 -
326 383 744 454 educabantur;
797 400 935 445 mox
972 382 1151 443 Lucio
1199 381 1405 444 Cassio
1462 381 1726 462 Longino
1787 382 2077 443 consulari
2133 382 2335 443 conlo-

326 476 511 529 catam
545 466 784 528 abduxit
819 476 879 528 et
923 467 981 526 in
1020 465 1249 527 modum
1298 468 1484 528 iustae
1527 467 1724 527 uxoris
1762 466 2065 546 propalam
2103 465 2332 536 habuitz

322 551 597 613 heredem
629 569 859 632 quoque
890 550 1175 612 bonorum
1206 560 1378 631 atque
1407 551 1636 631 imperii
1681 568 1862 627 aeger
1901 550 2156 611 instituit.
2219 549 2331 611 Ea-

324 637 454 698 dem
483 635 782 715 defuncta,
839 636 1111 696 iustitium
1152 634 1387 713 indixit,
1448 637 1506 695 in
1549 653 1662 715 quo
1706 635 1908 694 risisse
1948 634 2167 695 lavisse
2201 652 2330 695 cae-

322 739 492 782 nasse
525 737 652 782 cum
683 720 1019 801 parentibus
1063 728 1161 780 aut
1194 720 1446 797 coniuge
1480 719 1757 780 liberisve
1799 719 2014 799 capital
2044 719 2167 779 fuit.
2239 718 2334 779 Ac
2358 730 2385 773 s

321 806 602 867 maeroris
634 805 970 885 impatiens,
1031 821 1159 864 cum
1196 812 1444 884 repente
1475 812 1649 864 noctu
1686 803 2050 883 profugisset
2081 801 2153 863 ab
2186 802 2330 862 urbe

320 890 949 968 transcucurrissetque
986 886 1389 967 Campaniam,
1431 887 1753 963 Syracusas
1790 888 1963 966 petit,
2015 904 2331 968 rursusque

320 973 452 1034 inde
505 991 761 1054 propere
807 972 1008 1049 rediit,
1064 972 1245 1033 barba
1294 971 1627 1052 capilloque
1681 972 2001 1052 promisso;
2057 990 2168 1032 nec
2213 989 2330 1031 nm-

322 1075 489 1138 quam
523 1066 730 1135 postea
761 1057 1232 1136 quantiscumque
1264 1056 1338 1117 de
1366 1056 1581 1134 rebus,
1644 1074 1719 1116 ne
1750 1073 1860 1135 pro
1895 1056 2168 1116 contione
2213 1054 2330 1135 qui·

322 1140 451 1202 dem
481 1140 682 1220 populi
711 1148 807 1201 aut
838 1140 990 1220 apud
1016 1140 1263 1218 milites,
1316 1141 1427 1200 nisi
1461 1158 1570 1219 per
1600 1158 1809 1200 numen
1841 1139 2135 1201 Drusillae
2176 1138 2329 1200 deie·
2350 1148 2399 1191 ¹0

319 1225 487 1286 ravit.
572 1224 855 1304 Reliquas
897 1241 1135 1286 sorores
1168 1242 1281 1284 nec
1314 1224 1626 1305 cupiditate
1664 1233 1820 1286 tanta
1854 1243 1964 1285 nec
1997 1223 2333 1301 dignatione

321 1308 555 1385 dilexit,
620 1315 682 1369 ut
721 1325 863 1387 quas
905 1326 1086 1387 saepe
1120 1308 1373 1368 exoletis
1419 1309 1537 1369 suis
1567 1310 1978 1387 prostraverit;
2035 1325 2148 1388 quo
2191 1307 2331 1368 faci·

318 1394 427 1454 lius
465 1410 567 1453 eas
601 1393 658 1452 in
694 1410 870 1454 causa
901 1392 1114 1453 Aemili
1150 1391 1354 1473 Lepidi
1400 1392 1806 1453 condemnavit
1834 1393 1996 1474 quasi
2041 1391 2331 1452 adulteras

319 1486 377 1539 et
407 1475 737 1537 insidiarum
760 1476 1039 1537 adversus
1063 1495 1128 1537 se
1160 1478 1430 1538 conscias
1455 1480 1528 1538 ei.
1564 1476 1694 1538 Nec
1719 1477 1905 1538 solum
1938 1475 2332 1555 chirographa

318 1563 595 1639 omnium,
679 1562 960 1642 requisita
1010 1560 1215 1622 fraude
1265 1579 1335 1622 ac
1392 1569 1630 1642 stupro,
1694 1561 2043 1639 divulgavit,
2112 1558 2216 1620 sed
2270 1567 2390 1619 etis

317 1654 438 1706 tres
468 1644 698 1723 gladios
724 1647 782 1706 in
812 1663 1018 1707 necem
1047 1664 1205 1707 suam
1239 1654 1623 1726 praeparatos
1652 1645 1820 1707 Marti
1851 1645 2073 1723 Ultori,
2130 1642 2322 1705 addito

318 1730 548 1808 elogio,
606 1731 996 1792 consecravit.

232 1820 300 1876 25
438 1813 796 1875 Matrimonia
847 1814 1206 1876 contraxerit
1244 1815 1467 1892 turpius
1518 1832 1589 1875 an
1623 1812 1902 1874 dimiserit
1937 1812 2323 1889 an-tenuerit,

316 1914 432 1957 non
464 1905 554 1958 est
583 1897 758 1959 facile
799 1896 1157 1959 discernere.
1243 1897 1460 1959 Liviam
1508 1897 1840 1960 Orestillam
1872 1896 1938 1958 C.
1982 1897 2175 1959 Pisoni
2224 1913 2323 1956 nu-

315 1980 578 2060 bentem,
643 2001 771 2043 cum
820 1982 892 2044 ad
944 1983 1197 2044 officium
1257 1992 1317 2043 et
1369 1983 1501 2063 ipse
1549 1986 1837 2062 venisset,
1901 1983 1972 2045 ad
2015 2002 2082 2044 se
2124 1980 2398 2044 deduciao

315 2067 654 2145 imperavit,
716 2069 979 2146 intraque
1039 2084 1259 2147 paucos
1321 2066 1445 2128 dies
1505 2068 1862 2149 repudiatam
1920 2067 2150 2129 biennio
2195 2074 2332 2147 post

315 2150 637 2227 relegavit,
707 2149 861 2230 quod
892 2151 1184 2229 repetisse
1228 2170 1393 2212 usum
1436 2152 1649 2233 prioris
1681 2153 1868 2213 mariti
1905 2161 2169 2231 tempore
2211 2168 2330 2210 me·

321 2232 414 2293 dio
447 2232 767 2294 videbatur.
838 2234 957 2295 Alii
987 2234 1235 2313 tradunt,
1286 2235 1595 2296 adhibitum
1630 2254 1849 2298 caenae
1877 2236 2133 2316 nuptiali,
2176 2252 2331 2296 man-

319 2316 489 2377 dasse
519 2317 590 2377 ad
615 2317 884 2379 Pisonem
916 2326 1118 2380 contra
1153 2320 1622 2382 accumbentem:
1668 2318 1819 2383 Noli
1843 2338 2104 2382 umorem
2131 2335 2332 2381 meam

310 2403 632 2481 premere!
682 2403 990 2484 statimque
1026 2422 1060 2464 e
1093 2404 1363 2466 convivio
1395 2403 1710 2466 abduxisse
1737 2424 1935 2466 secum
1965 2423 2035 2465 ac
2063 2405 2330 2483 proximo
2349 2417 2404 2462 25

316 2484 408 2546 die
443 2485 728 2566 edixisse,
786 2487 1243 2551 matrimonium
1270 2488 1397 2550 sibi
1418 2496 1732 2569 repertum
1773 2489 2054 2569 exemplo
2085 2486 2337 2549 Romuli

315 2574 377 2632 et
400 2566 683 2652 Augusti.
750 2571 993 2635 Lolliam
1024 2572 1351 2651 Paulinam,
1414 2572 1479 2634 G.
1511 2573 1779 2635 Memmio
1827 2574 2118 2636 consulari
2161 2590 2329 2633 exer·

316 2654 462 2716 citus
492 2657 721 2734 regenti
762 2667 1024 2738 nuptam,
1080 2658 1236 2719 facta
1264 2660 1560 2719 mentione
1594 2661 1759 2720 aviae
1791 2660 1914 2719 eius
1944 2667 2006 2718 ut
2045 2655 2332 2737 quondam

312 2739 773 2822 pulcherrimae,
832 2743 1023 2803 subito
1072 2760 1148 2803 ex
1193 2743 1497 2822 provincia
1543 2745 1816 2803 evocavit
1870 2761 1939 2804 ac
1992 2741 2331 2821 perductam

312 2841 345 2885 a
385 2826 589 2885 marito
641 2827 936 2887 coniunxit
985 2825 1125 2905 sibi,
1189 2823 1476 2907 brevique
1518 2829 1749 2889 missam
1789 2828 1964 2905 fecit,
2019 2824 2403 2886 interdictum

314 2909 644 2989 cuiusquam
673 2910 729 2969 in
761 2919 1107 3012 perpe-tuum
1153 2910 1334 2972 coitu.-
1422 2910 1765 2973 Caesoniam
1806 2929 1997 2990 neque
2047 2910 2200 2971 facie
2247 2909 2330 2968 in·

313 2992 464 3071 signi
498 3011 689 3073 neque
722 3004 913 3056 aetate
940 2997 1170 3074 integra
1213 3003 1570 3076 matremque
1599 2997 1709 3057 iam
1750 3014 1827 3056 ex
1854 2995 1970 3056 alio
2001 2994 2131 3055 viro
2163 2994 2334 3053 trium

310 3075 587 3155 filiarum,
644 3078 752 3140 sed
775 3079 1038 3140 luxuriae
1079 3098 1150 3141 ac
1180 3079 1458 3141 lasciviae
1504 3080 1796 3160 perditae,
1842 3087 1900 3139 et
1944 3079 2240 3140 ardentius
2272 3084 2334 3137 et

314 3163 665 3222 constantius
709 3167 943 3242 amavit,
986 3172 1049 3224 ut
1090 3182 1272 3243 saepe
1320 3164 1565 3225 clamide
1599 3165 1874 3245 peltaque
1919 3172 1980 3224 et
2018 3162 2192 3241 galea
2234 3178 2331 3221 or-

311 3250 501 3303 natam
561 3262 631 3304 ac
689 3250 843 3310 iuxta
901 3248 1327 3328 adequitantem
1380 3248 1653 3310 militibus
1710 3248 2064 3326 ostenderit,
2127 3247 2405 3308 amicisas

309 3342 454 3386 vero
516 3327 686 3387 etiam
745 3331 979 3403 nudam3
1039 3334 1245 3395 uxorio
1304 3335 1535 3395 nomine
1584 3333 1621 3371 ⁴¹
1680 3332 1945 3411 dignatus
2006 3340 2097 3392 est
2158 3348 2332 3410 quam

313 3410 569 3487 enixam,
627 3430 740 3473 uno
785 3423 956 3496 atque
989 3417 1196 3479 eodem
1228 3417 1321 3479 die
1368 3420 1672 3498 professus
1707 3427 1768 3479 et
1796 3418 2057 3479 maritum
2099 3434 2165 3476 se
2201 3413 2331 3475 eius

313 3498 375 3549 et
424 3499 645 3570 patrem
710 3497 940 3559 infantis
996 3519 1072 3562 ex
1123 3520 1193 3563 ea
1241 3511 1430 3564 natae.
1517 3503 1801 3564 Infantem
1847 3513 2071 3585 autem,
2121 3499 2332 3562 Iuliam
