2553 3960
435 248 559 310 316
998 257 1059 307 c.
1102 257 1432 307 sumonu
1473 256 1903 317 TRANQmLm

436 423 607 474 tunae
641 411 878 473 alterius
911 419 1126 473 tantum
1170 413 1484 474 affectum*
1535 422 1595 473 ut
1637 412 1737 475 Me
1786 414 1973 476 liceat
2021 428 2241 473 casum
2276 410 2461 471 mise·

433 497 579 559 rari
603 494 866 557 insontis
899 497 1088 558 amici
1112 506 1171 557 et
1195 496 1487 560 Extincto
1515 495 1895 559 miseratus*
1934 495 2248 576 ayt-estin
2280 496 2458 555 mise·

434 581 553 641 teri
584 589 773 640 autem
803 598 950 660 opus
985 580 1165 659 ipsius
1199 582 1443 642 hominis
1476 591 1586 663 est,
1615 591 1674 642 ut
1714 581 1936 659 Turne,
1968 581 2033 641 in
2059 587 2117 641 te
2146 595 2452 659 suprema

435 665 633 741 salus,
664 664 961 725 miserere
996 668 1266 727 tuorum!
1550 669 1555 674 ’

562 748 777 809 Metum
830 749 1095 809 timorem
1138 758 1197 810 et
1239 751 1556 829 pavorem]
1613 759 1798 813 metus
1848 749 2060 810 frustra
2123 748 2495 828 prospicitas

437 835 607 894 timor
640 832 827 893 subita
870 834 1077 893 mentis
1119 835 1541 903 consternatio;
1585 852 1770 914 pavor
1815 834 2257 910 animi-motus,
2305 831 2456 892 unde

439 920 611 978 etiam
644 914 853 995 pavida
883 918 1129 978 iumenta
1161 916 1446 977 dicuntur.

565 1000 892 1061 Monstrare
945 1011 1004 1063 et
1037 1001 1462 1080 demonstrare]
1510 1009 1893 1062 monstramus
1946 1000 2161 1077 semel,
2216 998 2455 1061 demon·

437 1094 685 1146 stramus
714 1087 973 1164 saepius.

567 1168 888 1229 Matronam
949 1176 1008 1228 et
1059 1178 1300 1229 matrem
1353 1167 1628 1248 familias]
1677 1178 1934 1229 matrona
1973 1169 2127 1230 filios
2177 1167 2505 1247 ampliatus

438 1261 621 1311 mater
650 1249 899 1312 familias
931 1269 1080 1331 quae
1113 1255 1262 1332 patri
1294 1252 1547 1313 familiae
1576 1254 1788 1332 nupsit.

565 1334 795 1395 Moenia
852 1344 911 1396 et
969 1334 1256 1415 aedificia]
1302 1338 1529 1397 moenia
1574 1335 1939 1415 publicorum
1994 1343 2124 1395 sunt
2179 1351 2452 1414 operum,

440 1418 704 1480 aedificia
732 1419 1102 1496 privatorum.
1956 1493 1959 1496 Ι

561 1502 749 1563 Meret
778 1511 840 1563 et
878 1504 1158 1582 meretur]
1193 1520 1396 1564 mereo
1433 1512 1619 1564 meret
1649 1504 1776 1582 quis
1817 1502 2145 1562 mercedem
2176 1500 2279 1562 vel
2314 1519 2450 1580 poe·

440 1605 596 1655 nam;
649 1603 887 1648 mereor
926 1598 1181 1649 meretur
1225 1595 1415 1647 autem
1452 1589 1548 1667 qui
1593 1606 1670 1649 ex
1715 1587 1954 1648 alterius
1984 1586 2198 1648 iudicio
2248 1604 2498 1666 parennis

439 1669 743 1731 beneficiis
772 1673 1018 1749 gratiam
1049 1679 1342 1750 expectat.

559 1754 751 1832 Mergi
798 1763 857 1815 et
899 1773 1139 1834 mergae
1185 1754 1303 1814 hoc
1346 1755 1639 1834 differunt]
1683 1756 1870 1833 mergi
1911 1762 2040 1815 sunt
2085 1770 2233 1815 aves
2281 1754 2444 1815 mari·

440 1857 551 1900 nae
582 1855 730 1917 quae
776 1856 843 1899 se
871 1840 928 1899 in
971 1855 1174 1919 aquam
1207 1848 1504 1916 mergunt;
1549 1857 1786 1917 mergae
1830 1848 1958 1899 sunt
1991 1836 2448 1899 fustesdeducti

442 1922 648 2003 quibus
678 1921 908 1984 metitur
941 1924 999 1984 in
1031 1923 1194 2004 aquis
1225 1923 1493 2004 profundi
1527 1924 1832 2003 quantitas.

562 2006 793 2068 Nullum
837 2016 895 2068 et
940 2008 1249 2086 neminem]
1289 2008 1480 2068 nullus
1534 2007 1606 2067 ad
1647 2010 1918 2068 universa
1963 2014 2161 2086 potest
2202 2006 2498 2081 referri‚20

438 2107 609 2152 nemo
638 2089 712 2151 ad
739 2090 1052 2168 hominem,
1085 2093 1246 2152 velut
1274 2110 1348 2152 ne
1374 2092 1547 2152 homo
1577 2091 1825 2171 quidem.

562 2173 755 2233 Noctu
796 2183 855 2235 et
896 2176 1096 2253 nocte]
1131 2184 1308 2236 noctu
1349 2176 1435 2235 sic
1471 2174 1712 2236 dicimus
1743 2174 2033 2256 quomodo
2058 2173 2354 2252 interdiu,
2391 2183 2446 2233 et

440 2257 731 2335 significat
760 2258 1008 2337 aliquam
1039 2269 1259 2338 partem
1289 2260 1496 2336 noctis,
1529 2259 1676 2329 diei;
1709 2269 1885 2320 nocte
1914 2267 2101 2319 autem
2132 2266 2319 2319 totam
2346 2273 2442 2317 no·

442 2350 592 2402 ctem
621 2341 1033 2420 intellegimus.
2242 2402 2253 2411 ,

564 2424 813 2504 Nescire
857 2435 915 2487 et
953 2428 1254 2506 ignorare]
1295 2430 1392 2507 qui
1432 2429 1657 2504 nescit,
1704 2428 1948 2505 omnium
1993 2425 2194 2485 notitia
2243 2433 2492 2494 caretas

442 2510 537 2589 qui
567 2510 829 2588 ignorat,
865 2510 1079 2590 aliquid
1107 2515 1312 2571 nescit.
1934 2530 1941 2535 ’

564 2591 771 2653 Natum
832 2602 892 2654 et
940 2594 1201 2675 gnatum]
1242 2603 1408 2655 natus
1449 2595 1893 2674 participialiter
1935 2593 2142 2653 dicitur
2189 2611 2225 2653 a
2257 2592 2439 2655 verbo

441 2676 597 2757 quod
629 2685 720 2736 est
751 2679 948 2746 nasci;
983 2686 1191 2756 gnatus
1223 2698 1255 2739 a
1286 2680 1668 2757 generatione
1699 2678 1849 2739 filius
1878 2678 2101 2738 dicitur.

565 2759 863 2821 Nefarium
915 2769 973 2821 et
1030 2761 1362 2841 nefandum]
1415 2762 1670 2824 nefarius
1716 2765 1772 2823 in
1820 2761 2015 2821 verbis
2058 2760 2437 2839 intellegitur,

438 2845 718 2905 nefandus
747 2847 805 2905 in
829 2861 1034 2925 opere.
1099 2860 1106 2863 ’
2452 2862 2494 2903 ω

556 2927 749 2989 Nutrit
779 2936 840 2988 et
870 2929 1140 3008 nutricat]
1172 2930 1350 2990 nutrit
1377 2930 1603 3005 mulier,
1635 2931 1881 2990 nutricat
1910 2929 2226 2989 masculus.

558 3012 919 3092 Nequiquam
952 3021 1010 3072 et
1040 3014 1429 3094 nequaquam]
1447 3016 1787 3094 nequiquam
1816 3013 2048 3090 frustra,
2080 3030 2441 3094 nequaquam

438 3096 598 3156 nullo
631 3096 803 3157 modo
834 3096 1140 3175 significat.

568 3177 769 3241 Oleam
800 3189 859 3240 et
890 3180 1099 3241 olivam
1131 3189 1191 3240 et
1220 3181 1458 3260 olivum]
1493 3181 1627 3242 olea
1658 3181 1880 3241 fructus
1911 3190 2016 3258 est,
2052 3182 2212 3243 oliva
2242 3180 2439 3259 arbor,

440 3262 736 3324 multitudo
787 3281 932 3325 vero
974 3264 1178 3325 dicitur
1221 3265 1531 3344 olivetum,
1574 3274 1636 3325 ut
1677 3275 2057 3344 querquetum
2107 3276 2495 3344 prunetumns

441 3344 589 3403 unde
622 3346 832 3405 olivum
864 3347 1146 3426 liquorem
1177 3349 1496 3428 appellant.
1583 3350 1800 3411 Verum
1851 3351 1975 3410 sine
2000 3350 2343 3410 ‘discrimine
2380 3358 2435 3410 et

443 3425 630 3485 oleam
667 3436 726 3485 et
755 3428 966 3490 olivam
1004 3449 1111 3510 pro
1140 3431 1332 3493 fructu
1362 3451 1543 3513 saepe
1572 3433 1729 3494 multi
1770 3443 2105 3514 posuerunt,
2138 3451 2253 3495 nec
2281 3434 2433 3496 refu·

443 3506 524 3580 git
559 3510 856 3583 quominus
891 3522 1189 3594 utramque
1219 3535 1343 3576 rem
1370 3525 1618 3597 utroque
1648 3519 1877 3578 nomine
1910 3518 2181 3579 dixerint.
