2553 3960
522 267 799 316 XXXVIII
1213 263 1607 314 PRAEFATIO

527 443 665 485 neas
694 433 746 483 et
771 427 1000 481 materia
1023 424 1261 481 Iacobus
1294 423 1625 498 Gronovius,
1655 426 1754 484 cfr.
1787 443 1956 500 supra
1987 445 2039 503 p.
2074 428 2276 484 XXXV
2310 421 2337 507 ΙΙ

529 520 593 572 11
613 553 633 584 ,
662 519 692 571 1
727 511 1085 583 responderet
1113 508 1440 565 Torrentius
1471 525 1576 582 pro
1609 511 1983 580 responderit,
2022 512 2125 567 cfr.
2171 530 2340 586 supra

528 615 585 671 p.
619 595 822 652 XXXV
859 587 868 673 Ι
904 588 969 652 m
1005 608 1120 666 per
1168 600 1461 665 utrumque
1488 593 1699 651 Vratisl
1727 599 1781 651 2.
1834 593 2193 651 casaubonus
2234 613 2339 669 pro

528 687 843 752 utrumque,
891 679 993 734 etr.
1039 684 1206 748 supra
1237 693 1293 749 p.
1332 676 1508 732 XXIX
1544 669 1555 755 Ι
1613 685 1678 742 37
1719 683 1946 734 centena
1963 679 2274 758 Eutropius
2308 674 2334 760 ΙΙ

531 771 597 823 12
617 806 634 836 ,
668 771 695 824 1
746 765 898 834 eique
940 761 1111 819 0000
1134 761 1316 817 Vatio.
1365 764 1520 834 eique
1567 765 1869 818 sestertium
1902 764 2344 835 quadrinqenties

528 847 847 920 Eutropius,
935 849 1090 919 eique
1144 861 1391 901 annuum
1431 847 1722 917 imperavit
1758 849 2060 903 sestertium
2092 846 2340 905 Historia

527 932 802 988 miscella.
865 918 1058 1006 φόρον
1078 929 1365 986 Paeanius.
1411 932 1563 1003 eique
1590 933 1897 986 sestertium
1926 938 2124 1004 quater
2152 934 2344 988 millies

525 1015 742 1088 Lipsius
783 1008 792 1089 Ι
831 1022 900 1077 33
939 1030 970 1071 e
1010 1014 1234 1087 praeda
1279 1030 1407 1084 ego.
1490 1028 1566 1069 ex
1604 1015 1829 1086 praeda
1869 1014 2101 1071 Ursinus
2146 1032 2249 1088 pro
2291 1022 2347 1072 et

516 1100 759 1172 praedia
801 1091 828 1177 ΙΙ
878 1106 975 1170 13,
1008 1106 1074 1159 19
1101 1099 1416 1169 obroqassel
1457 1097 1771 1170 Stephanus
1804 1116 1909 1171 pro
1953 1099 2271 1170 abroqasset
2312 1093 2352 1167 ΙΙ,

532 1190 628 1254 14,
673 1189 744 1243 33
777 1182 1268 1255 interpolationem
1310 1181 1648 1254 proscripsit
1679 1182 2040 1239 Casaubonus
2092 1176 2102 1258 Ι
2153 1188 2218 1243 37
2249 1199 2343 1238 re·

522 1266 1092 1340 qnandiSeriveriuS,
1124 1266 1230 1321 ofr.
1265 1282 1432 1338 supra
1460 1265 1712 1338 p.XXlX
1740 1258 1767 1346 ΙΙ
1800 1274 1887 1337 15,
1916 1272 1985 1324 22
2014 1273 2145 1337 esto,
2173 1268 2349 1342 inquit

527 1352 788 1408 Erasmus
817 1343 846 1430 ΙΙ
877 1356 966 1421 17,
997 1356 1066 1412 32
1096 1364 1126 1405 e
1156 1365 1363 1405 scaena
1392 1350 1683 1407 Turnebus
1723 1367 1827 1423 pro
1857 1365 2066 1406 scaena
2096 1341 2123 1430 ΙΙ
2154 1359 2238 1419 18,
2277 1359 2345 1413 18

526 1438 679 1492 novis
707 1435 941 1492 Ursinus
976 1451 1082 1507 pro
1115 1434 1268 1490 nobis
1308 1427 1316 1511 Ι
1354 1440 1425 1494 28
1468 1434 1720 1490 edidisset
1752 1435 2065 1508 Stephanus
2106 1452 2211 1508 pro
2245 1437 2342 1491 de-

526 1522 693 1577 disset
719 1511 746 1599 ΙΙ
777 1526 875 1591 19,
908 1525 942 1577 2
970 1521 1038 1574 iis
1066 1516 1335 1590 Egnatius
1365 1535 1470 1591 pro
1496 1517 1583 1574 his
1633 1512 1644 1595 Ι
1693 1524 1726 1578 6
1753 1519 2122 1591 quadraqinta
2155 1520 2223 1575 ed
2236 1522 2342 1576 Ba-

527 1604 776 1662 silionsis
809 1611 964 1665 1533.
1024 1603 1417 1676 quinquaqinta
1444 1601 1805 1659 casaubonus
1836 1620 1940 1675 pro
1976 1603 2159 1657 decem
2198 1599 2207 1680 Ι
2246 1610 2279 1664 9
2307 1606 2349 1659 ii

527 1689 796 1759 Egnatius
825 1705 929 1761 pro
960 1687 1021 1743 hi
1046 1680 1074 1768 ΙΙ
1101 1693 1202 1758 22,
1235 1692 1301 1747 17
1334 1688 1523 1759 primo
1547 1687 1873 1742 Torrentius
1904 1702 2008 1759 pro
2029 1689 2298 1759 proximo
2332 1678 2342 1766 Ι

525 1774 769 1828 sestertio
785 1771 1213 1845 Oudendorpius
1245 1786 1349 1843 pro
1377 1772 1681 1826 sestertium
1722 1764 1732 1847 Ι
1769 1778 1839 1831 30
1864 1770 2017 1826 Naso
2042 1772 2345 1828 Mancino!-

527 1856 614 1912 lus
641 1872 746 1929 pro
777 1873 912 1912 vasa
943 1847 971 1934 ΙΙ
1000 1862 1085 1923 23,
1117 1862 1186 1915 33
1213 1856 1540 1929 militarique
1569 1870 1634 1910 re
1655 1852 1892 1927 Lipsius.
1958 1856 2184 1910 militari
2204 1872 2344 1928 quo-

525 1955 631 2015 que
661 1954 727 1998 re
772 1941 879 1999 ood
905 1939 1070 1998 Basil.
1117 1938 1337 1997 Vindob
1362 1946 1413 2002 1.
1504 1941 1828 2012 militarique
1864 1943 1986 1996 arte
2018 1938 2137 1996 Nic.
2172 1938 2346 1996 Hein-

528 2027 646 2082 sius
692 2041 798 2099 pro
838 2026 1065 2080 militari
1102 2037 1281 2096 quare
1309 2015 1337 2103 ΙΙ
1365 2029 1464 2094 24,
1503 2030 1570 2083 25
1605 2024 1860 2080 Caesaris
1902 2024 2161 2081 omittunt
2188 2024 2343 2080 Paris

530 2115 686 2169 6116.
732 2109 857 2165 Med
886 2116 938 2167 2.
995 2108 1294 2165 ExoVoss.
1351 2108 1421 2163 ed
1451 2108 1585 2164 Rom
1616 2114 1668 2166 2.
1711 2100 1721 2181 Ι
1759 2113 1828 2168 34
1863 2107 2133 2164 Cuius—
2160 2122 2341 2163 emen-

530 2195 656 2248 date
696 2193 950 2249 omittunt
986 2192 1150 2263 libri,
1202 2193 1303 2246 cfr.
1350 2209 1519 2265 supra
1553 2191 1794 2266 p.7XXX
1835 2184 1862 2271 ΙΙ
1889 2197 1992 2264 25,
2034 2201 2095 2251 11
2122 2194 2346 2263 primus

528 2277 764 2334 Ursinus
799 2293 903 2349 pro
928 2279 1174 2349 primum
1226 2269 1235 2354 Ι
1286 2281 1349 2336 17
1384 2276 1520 2331 volet
1550 2276 1883 2349 Stephanus.
1972 2279 2095 2334 velit
2121 2275 2345 2332 Ernesti

528 2378 632 2434 pro
679 2362 833 2416 vellet
873 2353 900 2439 ΙΙ
940 2367 1042 2432 26,
1089 2366 1152 2421 19
1207 2361 1276 2416 de
1325 2360 1559 2416 lacunae
1598 2361 1984 2433 supplemento
2026 2361 2129 2418 cfr.
2172 2377 2342 2433 supra

525 2463 581 2519 p.
618 2444 769 2501 XXX
807 2438 816 2522 Ι
855 2451 923 2505 32
971 2444 1232 2518 aquilifer
1286 2443 1556 2515 Egnatius
1604 2461 1709 2516 pro
1754 2443 2049 2517 aquilifero
2093 2437 2119 2523 ΙΙ
2160 2450 2264 2515 27,
2308 2449 2341 2505 7

522 2530 712 2602 forma
747 2545 874 2599 ego.
897 2528 1131 2603 fortuna
1145 2529 1354 2584 Merum.
1383 2527 1619 2600 fortuna
1657 2528 1862 2600 reliqui
1900 2519 1913 2607 Ι
1950 2536 2015 2587 15
2044 2544 2104 2583 se
2128 2528 2346 2583 subtra-

486 2677 489 2680 ,
528 2613 687 2669 hebal
721 2629 829 2683 ego
875 2629 980 2685 pro
1013 2613 1366 2669 subtrahebat
1394 2603 1422 2691 ΙΙ
1450 2618 1550 2683 29,
1592 2618 1625 2669 2
1665 2614 1724 2667 in
1765 2613 1918 2669 delet
1947 2614 2287 2668 Burmannus
2331 2605 2342 2691 Ι

525 2704 596 2757 18
622 2698 984 2754 deversoriolo
1013 2713 1074 2753 eo
1096 2688 1458 2754 casaubonus
1490 2713 1596 2768 pro
1617 2697 1929 2753 deversorio
1959 2696 2075 2752 loco
2103 2686 2132 2775 ΙΙ
2161 2701 2251 2767 30,
2275 2702 2345 2757 25

525 2782 930 2837 rebellaverant
947 2782 1260 2854 Stephanus
1292 2797 1396 2854 pro
1426 2780 1830 2837 rebellaverunt
1856 2774 1883 2859 ΙΙ
1912 2787 2001 2852 31,
2032 2786 2100 2840 26
2115 2781 2346 2851 Ampius

525 2867 702 2922 Vatio.
738 2882 842 2937 pro
878 2867 1141 2937 Amprius
1167 2857 1196 2944 ΙΙ
1227 2871 1317 2935 32,
1346 2871 1415 2925 18
1451 2866 1621 2921 valuit
1660 2866 1767 2922 cod
1789 2865 2005 2921 Viterb.
2042 2865 2264 2921 Vindob
2295 2873 2339 2923 1.

525 2950 694 3006 Basil.
744 2949 893 3005 Cort.
940 2951 1009 3005 ed
1032 2949 1180 3005 Basil
1214 2956 1350 3009 1533
1391 2965 1493 3020 pro
1536 2950 1701 3005 voluit
1748 2943 1756 3024 Ι
1807 2955 1877 3008 26
1906 2948 2058 3003 libris
2091 2949 2348 3005 omittunt

526 3035 737 3089 Memm.
771 3034 895 3088 Med
918 3040 968 3094 3.
1008 3033 1138 3089 item
1167 3033 1293 3089 Med
1315 3039 1343 3090 1
1382 3050 1412 3088 a
1442 3033 1615 3104 prima
1648 3049 1832 3103 manu,
1861 3032 1963 3089 ofr.
1996 3050 2048 3105 p.
2081 3038 2291 3104 192,29
2315 3026 2340 3112 ΙΙ

526 3124 614 3189 34,
649 3128 714 3179 15
750 3118 939 3173 Tillius
967 3117 1240 3173 Manutius
1285 3132 1389 3188 pro
1424 3116 1634 3174 Tullius
1669 3110 1682 3198 Ι
1722 3125 1788 3179 19
1817 3117 2007 3174 Cascis
2037 3118 2346 3174 Beroaldus

526 3218 630 3274 pro
665 3201 868 3258 Cassiis
906 3192 933 3280 ΙΙ
975 3209 1080 3271 35,
1126 3208 1159 3262 6
1199 3201 1407 3272 reliquo
1441 3199 1660 3273 Lipsius
1694 3218 1797 3275 pro
1839 3202 2083 3274 reliquos
2120 3193 2131 3280 Ι
2169 3207 2238 3261 32
2272 3202 2352 3256 ad

492 3285 499 3291 ’
523 3303 747 3342 manum
769 3287 1097 3343 Beroaldus·
1142 3286 1220 3340 ad
1237 3299 1439 3341 munus
1460 3284 1687 3342 Faehse.
1744 3287 1998 3342 idoneum
2025 3285 2144 3341 Nic.
2174 3285 2347 3341 Hein-

523 3370 662 3427 sius.
728 3371 955 3426 odorum
988 3369 1416 3443 Oudendorpius
1448 3361 1474 3444 ΙΙ
1503 3376 1601 3441 36,
1633 3378 1703 3431 2ο
1742 3372 2027 3427 sollicitum
2066 3371 2340 3425 maluisse.

527 3453 759 3520 Quidam
792 3456 978 3511 dicere
1006 3457 1165 3510 etiam
1202 3469 1311 3524 ego
1327 3494 1346 3523 ,
1390 3455 1496 3510 cfr.
1530 3472 1585 3527 p.
1618 3454 1772 3511 XXX
1807 3448 1819 3533 Ι
1866 3461 1935 3516 36
1953 3457 2172 3526 primos
2212 3470 2348 3510 con-

521 3545 740 3595 secrato
773 3540 844 3595 ed
866 3539 1174 3599 Basi11546
1215 3553 1322 3611 pro
1349 3541 1535 3609 primo
1564 3545 1918 3595 consecratos
1945 3531 1974 3618 ΙΙ
2005 3545 2106 3609 38,
2139 3544 2208 3597 14
2244 3539 2344 3593 mi-
