2553 3960
335 247 452 312 138
516 260 576 308 ο.
609 254 910 307 sumom
939 251 1194 312 mmo.
1228 249 1324 297 DE
1355 246 1522 296 vrrs
1553 244 1924 294 CAESARUM
1952 243 2090 291 ΜΒ.
2117 244 2249 291 1111.

335 435 447 498 que
476 412 881 494 praetorianos
911 406 1199 483 exercuit,
1239 403 1399 464 nullo
1422 421 1614 464 rerum
1650 409 1746 462 aut
1783 400 2072 461 bominum
2114 417 2342 477 genere

335 500 583 575 omisso,
641 495 732 556 cui
782 511 898 554 non
940 489 1134 552 tributi
1182 486 1400 567 aliquid
1452 488 1797 564 imponeret.
1888 484 2000 545 Pro
2053 481 2340 561 edulibus,

336 601 486 664 quae
511 590 633 642 tota
662 578 806 639 urbe
838 576 1134 649 venirent,
1183 580 1403 632 certum
1445 579 1766 647 statumque
1810 568 2184 646 exigebatur;
2230 582 2339 645 pro

334 667 534 733 litibus,
572 682 644 725 ac
680 661 907 722 iudiciis
959 658 1304 735 ubicumque
1350 656 1651 733 conceptis
1695 651 2133 734 quadragesima
2189 668 2338 711 sum-

335 761 497 827 mae,
565 746 638 808 de
673 762 785 826 qua
825 743 1182 819 litigaretur,
1234 756 1347 799 nec
1392 739 1516 798 sine
1553 754 1779 816 poena,
1842 736 1892 796 si
1924 738 2053 815 quis
2100 752 2339 813 compo·
2368 754 2395 793 5

340 834 526 895 suisse
567 830 664 891 vel
711 829 962 889 donasse
999 824 1296 902 negotium
1344 821 1820 889 convinceretur;
1882 839 1957 880 ex
2005 819 2342 899 gerulorum

339 916 555 978 diurnis
614 911 948 993 quaestibus
1009 926 1147 987 pars
1188 916 1427 976 octava;
1483 923 1559 966 ex
1608 904 1860 984 capturis
1910 905 2343 982 prostitutarum

342 1008 608 1080 quantum
656 1013 923 1076 quaeque
977 1008 1089 1052 uno
1157 989 1466 1052 concubitu
1523 996 1801 1057 mereret;
1858 987 2225 1070 additumque
2270 985 2344 1047 ad

342 1089 515 1161 caput
541 1081 726 1158 legiS,
761 1087 823 1139 ut
847 1083 1181 1139 tenerentur
1215 1074 1451 1154 publico
1486 1081 1545 1134 et
1574 1090 1723 1152 quae
1752 1072 2136 1133 meretricium
2169 1070 2343 1150 quive

340 1166 687 1227 lenocinium
715 1162 1015 1235 fecissent,
1059 1177 1169 1219 nec
1199 1175 1319 1218 non
1347 1166 1406 1217 et
1440 1156 1799 1218 matrimonia
1830 1155 2083 1217 obnoxia
2117 1163 2335 1215 essent.
2366 1169 2417 1211 10

258 1249 483 1311 ssEius
524 1245 676 1307 modi
719 1242 1108 1322 vectigalibus
1145 1240 1374 1303 indictis
1416 1259 1608 1320 neque
1650 1240 2004 1320 propositis,
2074 1258 2201 1300 cum
2235 1256 2344 1318 per

342 1332 725 1412 ignorantiam
761 1329 1082 1408 scripturae
1109 1325 1285 1386 multa
1315 1325 1621 1386 commissa
1651 1323 1884 1401 fierent,
1920 1322 2150 1385 tandem
2180 1323 2341 1399 flagi·

343 1424 499 1477 tante
544 1413 762 1494 populo
808 1410 1114 1491 proposuit
1158 1408 1386 1489 quidem
1432 1409 1660 1487 legem,
1716 1407 1821 1469 sed
1860 1416 1919 1468 et
1955 1406 2346 1468 minutissimis

342 1498 550 1561 litteris
587 1506 647 1557 et
697 1494 1100 1574 angustissimo
1151 1493 1321 1571 loco,
1365 1493 1445 1554 uti
1484 1510 1560 1552 ne
1600 1492 1691 1551 cui
1732 1491 2070 1553 describere
2116 1492 2343 1552 liceret.

342 1582 435 1643 Ac
464 1600 538 1642 ne
569 1579 722 1660 quod
764 1597 884 1640 non
912 1577 1302 1639 manubiarum
1340 1595 1527 1655 genus
1570 1577 1961 1655 experiretur,
2004 1575 2247 1655 lupanar
2288 1574 2346 1633 in
2368 1590 2419 1631 15

342 1665 564 1728 Palatio
619 1665 929 1741 constituit,
975 1661 1370 1740 distinctisque
1413 1669 1472 1720 et
1499 1659 1793 1721 instructis
1844 1677 1952 1738 pro
2004 1658 2122 1719 loci
2164 1658 2346 1736 digni·

343 1757 462 1810 tate
494 1747 887 1828 compluribus
923 1746 1122 1823 celliS,
1167 1747 1223 1804 in
1253 1743 1458 1822 quibus
1497 1751 1793 1804 matronae
1835 1744 2187 1823 ingenuique
2232 1751 2346 1802 sta·

344 1840 504 1909 rent,
548 1832 701 1892 misit
742 1832 956 1891 circum
985 1829 1116 1889 fora
1159 1836 1218 1888 et
1245 1827 1517 1888 basilicas
1548 1827 2053 1887 nomenculatores
2096 1825 2167 1887 ad
2204 1825 2345 1886 invi·

345 1914 553 1976 tandos
593 1914 666 1976 ad
711 1912 1001 1974 libidinem
1041 1913 1281 1972 iuvenes
1322 1929 1640 1991 senesque;
1686 1910 1949 1991 praebita
1994 1909 2345 1972 advenienti-

348 1999 456 2059 bus
489 1999 733 2079 pecunia
773 1997 1063 2075 fenebris,
1116 1996 1491 2076 appositique
1521 1996 1618 2075 qui
1647 1995 1876 2057 nomina
1909 1994 2099 2076 palam
2135 1994 2345 2055 subno-
2365 2013 2418 2055 20

345 2091 568 2161 tarent,
611 2081 775 2160 quasi
817 2080 1197 2142 adiuvantium
1238 2077 1508 2140 Caesaris
1553 2078 1791 2140 reditus.
1877 2079 1969 2141 Ac
1998 2099 2073 2140 ne
2112 2098 2187 2140 ex
2220 2079 2350 2139 lusu

349 2164 579 2244 quidem
622 2163 786 2225 aleae
839 2163 1238 2242 compendium
1285 2181 1605 2243 spernens,
1654 2162 1786 2241 plus
1828 2163 2130 2225 mendacio
2174 2172 2349 2242 atque

338 2248 520 2313 ,etiam
556 2248 808 2326 periurio
858 2246 1205 2309 lucrabatur.
1293 2246 1369 2308 Et
1411 2245 1695 2327 quondam
1742 2249 2008 2326 proximo
2053 2246 2352 2309 conlusori

350 2329 688 2392 demandata
716 2332 847 2391 vice
886 2350 989 2392 sua
1026 2348 1378 2410 progressus
1407 2331 1466 2390 in
1498 2331 1698 2392 atrium
1739 2331 1971 2410 domus,
2020 2350 2146 2392 cum
2180 2349 2347 2410 prae-

349 2414 627 2475 tereuntis
672 2414 818 2475 duos
861 2416 1086 2494 equites
1125 2415 1198 2476 R.
1228 2412 1540 2493 locupletis
1582 2417 1706 2475 sine
1747 2432 1910 2477 mora
1952 2415 2167 2494 corripi
2210 2427 2417 2476 con-²5

350 2499 658 2577 fiscarique
698 2498 992 2576 iussisset,
1049 2498 1312 2560 exultans
1367 2497 1537 2558 rediit
1589 2498 1996 2580 gloriansque,
2044 2516 2349 2580 numquam

351 2599 416 2642 se
447 2583 825 2660 prosperiore
852 2583 981 2644 alea
1008 2601 1188 2644 usum.

264 2669 335 2725 42
474 2664 622 2727 Filia
651 2683 795 2726 vero
828 2675 992 2744 nata,
1040 2674 1439 2746 paupertatem
1481 2686 1592 2728 nec
1620 2668 1730 2727 iam
1774 2666 2142 2746 imperatoria
2173 2666 2347 2728 modo

349 2748 455 2810 sed
486 2757 545 2809 et
578 2750 761 2828 patria
793 2767 1159 2829 conquerens
1192 2767 1399 2828 onera,
1439 2750 1800 2813 conlationes
1837 2752 1895 2810 in
1923 2750 2248 2812 alimonium
2278 2767 2350 2811 ac

350 2833 543 2894 dotem
586 2832 817 2910 puellae
855 2835 1101 2912 recepit.
1186 2832 1384 2895 Edixit
1426 2842 1483 2894 et
1525 2843 1750 2895 strenas
1800 2835 2030 2895 ineunte
2079 2851 2229 2895 anno
2279 2851 2345 2895 se
2365 2844 2419 2887 ⁸⁰

347 2923 716 2994 recepturum
744 2916 1013 2996 stetitque
1042 2919 1100 2976 in
1134 2917 1425 2978 vestibulo
1460 2916 1684 2978 aedium
1730 2916 1824 2979 Kl.
1854 2917 1973 2980 Ian.
1999 2918 2070 2979 ad
2115 2927 2345 2997 captan-

349 3001 453 3061 das
494 3001 678 3080 stipes
697 3045 715 3078 ,
756 3018 899 3079 quas
932 3001 1123 3079 plenis
1155 3012 1288 3063 ante
1319 3021 1448 3062 eum
1479 3001 1739 3064 manibus
1770 3020 1841 3064 ac
1870 3002 1996 3062 sinu
2028 3004 2213 3063 omnis
2242 3020 2345 3080 ge·

347 3084 502 3143 neris
560 3083 727 3144 turba
783 3082 1076 3146 fundebat.
1160 3081 1493 3147 Novissime
1553 3085 2000 3147 contrectandae
2063 3087 2348 3164 pecuniae

349 3164 613 3243 cupidine
642 3168 945 3245 incensus,
989 3186 1169 3248 saepe
1200 3188 1379 3248 super
1410 3173 1721 3231 immensos
1754 3187 2059 3232 aureorum
2095 3187 2349 3231 acervos

347 3248 743 3326 patentissimo
794 3250 1033 3313 diffusos
1061 3253 1200 3314 loco
1245 3263 1304 3314 et
1342 3253 1509 3315 nudis
1539 3253 1784 3333 pedibus
1824 3255 2103 3333 spatiatus
2133 3262 2190 3312 et
2220 3261 2416 3315 toto-³5

350 3346 606 3410 corpore
636 3331 959 3412 aliquandiu
993 3337 1283 3398 volutatus
1318 3347 1427 3399 est.

261 3419 334 3477 4³
469 3413 724 3475 Militiam
772 3434 986 3496 resque
1028 3420 1274 3483 bellicas
1327 3421 1509 3482 semel
1551 3421 1773 3501 attigit,
1817 3439 2011 3501 neque
2055 3438 2132 3481 ex
2172 3419 2349 3482 desti-

347 3504 498 3573 nato,
539 3494 644 3555 sed
677 3517 800 3558 cum
836 3501 907 3560 ad
931 3503 1228 3567 visendum
1258 3523 1458 3567 nemus
1489 3505 1816 3588 flumenque
1853 3503 2121 3568 Clitumni
2150 3505 2352 3567 Meva-
