2553 3960
369 250 488 312 176
549 259 609 308 ο.
644 260 946 310 snmom
979 261 1230 321 TRANQ.
1262 261 1358 308 DE
1391 260 1560 308 vrrA
1593 259 1961 307 CAEsAmm
1990 259 2129 306 ΗΒ.
2164 259 2261 307 vl.

367 414 722 491 cohortibus,
768 413 947 474 curuli
994 415 1257 474 residens
1302 415 1453 494 apud
1486 423 1679 475 rostra
1709 414 2106 493 triumphantis
2150 413 2371 491 habitu,

363 501 514 559 inter
555 501 721 576 signa
765 498 1028 558 militaria
1074 507 1246 577 atque
1289 497 1534 568 vexilla;
1592 508 1649 558 et
1698 500 1880 575 primo
1927 517 2034 577 per
2086 499 2369 559 devexum

364 583 648 663 pulpitum
661 582 999 643 subeuntem
1017 581 1240 641 admisit
1256 583 1325 642 ad
1343 600 1532 659 genua
1549 581 1991 661 adlevatumque
2009 582 2211 642 dextra
2229 599 2371 641 exo-.

364 667 621 727 sculatus
664 676 785 743 est,
834 664 967 726 dein
1013 667 1273 744 precanti
1312 668 1456 726 tiara
1500 665 1744 726 deducta
1791 665 2051 727 diadema
2093 667 2369 745 inposuit,

362 750 546 812 verba
591 750 876 831 supplicis
918 751 1296 828 interpretata
1345 751 1639 828 praetorio
1685 750 1810 810 viro
1854 750 2192 810 multitudini
2235 769 2417 828 pro-s

363 837 685 905 nuntiante3
732 833 1069 914 perductum
1100 833 1233 893 inde
1263 835 1318 892 in
1351 833 1633 893 theatrum
1679 851 1748 892 ac
1793 852 1993 894 rursus
2041 834 2369 913 supplican-

363 928 480 979 tem
512 920 668 979 iuxta
699 937 765 977 se
796 917 982 978 latere
1025 917 1230 978 dextro
1278 916 1628 977 conlocavit.
1720 916 1808 976 Ob
1857 935 2006 997 quae
2056 919 2373 996 imperator

282 1018 352 1072 14
369 1002 780 1080 consalutatus,
814 1001 1014 1062 laurea
1045 1002 1102 1059 in
1136 1000 1481 1080 Capitolium
1513 1002 1649 1078 lata,
1679 1000 1876 1062 Ianum
1904 1002 2192 1078 geminum
2216 1002 2371 1062 clau-

367 1090 459 1165 sit,
493 1095 607 1146 tam
639 1086 796 1145 nullo
829 1103 997 1165 quam
1030 1086 1264 1145 residuo
1295 1085 1475 1145 bello.

495 1167 841 1231 Consulatus
870 1178 1138 1247 quattuor
1164 1170 1390 1246 gessit:
1423 1170 1664 1247 primum
1711 1168 2113 1247 bimenstrem,
2162 1181 2440 1230 secun-1⁰

370 1254 500 1313 dum
532 1262 591 1313 et
618 1254 990 1313 novissimum
1021 1262 1395 1329 semenstres,
1429 1254 1654 1313 tertium
1678 1253 2221 1332 quadrimenstrem;
2251 1272 2370 1313 me-

310 1353 311 1356 ’
369 1339 498 1398 dios
540 1337 683 1397 duos
728 1337 1109 1414 continuavit,
1163 1337 1422 1414 reliquos
1462 1337 1610 1396 inter
1652 1354 1836 1397 annua
1878 1338 2066 1416 spatia
2106 1338 2369 1397 variavit.

284 1434 352 1489 15
369 1423 436 1483 In
466 1423 606 1482 iuris
639 1421 891 1482 dictione
923 1420 1406 1500 postulatoribus,
1435 1422 1545 1480 nisi
1574 1422 1839 1500 sequenti
1871 1421 1963 1480 die
1984 1440 2053 1481 ac
2073 1439 2181 1501 per
2204 1420 2370 1481 libel-

368 1508 484 1584 los,
515 1524 630 1567 non
664 1515 886 1566 temere
914 1503 1247 1584 respondit.
1309 1503 1723 1582 Cognoscendi
1752 1522 1971 1564 morem
2005 1523 2133 1565 eum
2167 1506 2369 1582 tenuit,

369 1601 429 1652 ut
464 1590 748 1652 continuis
780 1589 1105 1649 actionibus
1137 1591 1367 1649 omissis
1398 1589 1730 1666 singillatim
1762 1608 2029 1669 quaeque
2060 1609 2166 1669 per
2207 1590 2370 1650 vices
2391 1604 2436 1645 ιε

371 1684 596 1754 ageret.
689 1675 970 1750 Quotiens
1005 1683 1194 1734 autem
1226 1674 1299 1734 ad
1329 1673 1760 1733 consultandum
1792 1672 2132 1752 secederet,
2177 1691 2370 1753 neque

369 1763 426 1820 in
459 1777 759 1820 commune
791 1760 1099 1838 quicquam
1131 1776 1322 1837 neque
1369 1757 1673 1836 propalam
1716 1757 2111 1834 deliberabat,
2167 1757 2271 1817 sed
2313 1766 2372 1817 et

374 1845 737 1923 conscriptas
794 1842 865 1902 ab
926 1860 1040 1902 uno
1099 1859 1337 1923 quoque
1390 1843 1706 1902 sententias
1759 1843 1966 1901 tacitus
2021 1860 2089 1903 ac
2135 1850 2369 1901 secreto

369 1928 599 2006 legens,
641 1926 797 2009 quod
827 1928 938 2006 ipsi
968 1926 1231 1987 libuisset
1262 1925 1509 2006 perinde
1540 1935 1713 2004 atque
1746 1924 2005 2005 pluribus
2036 1925 2186 1987 idem
2210 1924 2367 1987 vide·

369 2022 532 2073 retur
564 2010 988 2091 pronuntiabat.
2388 2035 2437 2076 20

495 2096 562 2156 In
593 2097 807 2155 curiam
833 2094 1229 2154 libertinorum
1265 2095 1421 2154 filios
1453 2095 1546 2154 diu
1576 2113 1692 2155 non
1738 2095 1987 2165 admisit3
2037 2094 2301 2154 admissis
2338 2111 2371 2153 a

373 2179 664 2260 prioribus
722 2178 1081 2258 principibus
1121 2178 1379 2238 honores
1431 2179 1761 2256 denegavit.
1850 2177 2229 2256 Candidatos,
2274 2179 2369 2257 qui

373 2281 548 2342 supra
575 2280 869 2322 numerum
900 2271 1116 2339 essent,
1150 2263 1206 2320 in
1238 2262 1506 2322 solatium
1536 2262 1826 2323 dilationis
1859 2282 1927 2324 ac
1957 2280 2154 2323 morae
2185 2262 2370 2340 legio-

371 2346 541 2406 nibus
573 2347 929 2426 praeposuit.
1020 2345 1393 2406 Consulatum
1437 2349 1493 2406 in
1540 2364 1717 2406 senos
1762 2346 2100 2427 plerumque
2137 2363 2371 2406 menses

373 2429 549 2491 dedit.
607 2430 1014 2510 Defunctoque
1048 2431 1205 2491 circa
1234 2430 1328 2491 Kl.
1357 2430 1478 2492 Ian.
1516 2430 1702 2490 altero
1736 2449 1769 2490 e
1808 2430 2157 2508 consulibus,
2191 2430 2438 2491 nemi-25

373 2533 505 2574 nem
536 2514 842 2592 substituit,
873 2514 1207 2594 improbans
1238 2515 1568 2593 exemplum
1603 2525 1771 2575 vetus
1805 2514 2004 2575 Canini
2032 2514 2224 2575 Rebili
2253 2530 2370 2573 uno

374 2599 468 2660 die
497 2599 772 2658 consulis.
833 2599 1220 2678 Triumphalia
1245 2608 1578 2659 ornamenta
1604 2601 1776 2659 etiam
1799 2601 2164 2679 quaestoriae
2188 2596 2371 2676 digni-

375 2683 509 2744 tatis
539 2693 598 2743 et
629 2683 925 2744 nonnullis
972 2701 1048 2742 ex
1080 2686 1340 2760 equestri
1381 2682 1581 2743 ordine
1627 2683 1855 2760 tribuit,
1895 2702 2007 2742 nec
2051 2684 2251 2762 utique
2297 2680 2370 2741 de

376 2786 550 2829 causa
595 2768 840 2828 militari.
926 2767 1015 2826 De
1062 2766 1398 2844 quibusdam
1438 2767 1613 2827 rebus
1654 2768 1950 2827 orationes
1991 2766 2063 2826 ad
2111 2774 2369 2827 senatum

346 2854 578 2911 missas
595 2852 964 2931 ,praeterito
1003 2852 1328 2931 quaestoris
1362 2851 1594 2927 officio,
1632 2869 1739 2929 per
1770 2851 2065 2911 consulem
2119 2850 2365 2929 plerum·
2388 2859 2440 2901 8⁰

292 2955 360 3009 16
378 2954 489 3016 que
519 2936 822 2997 recitabat.
907 2935 1175 2995 Formam
1209 2935 1600 2996 aedificiorum
1635 2934 1791 2994 urbis
1827 2952 2034 2995 novam
2070 2936 2369 3012 excogita-

375 3023 474 3098 vit,
507 3029 565 3080 et
593 3029 652 3080 ut
684 3029 815 3082 ante
845 3020 1060 3080 insulas
1088 3039 1159 3080 ac
1199 3019 1400 3081 domos
1444 3020 1703 3099 porticus
1742 3029 1971 3097 essent,
2018 3019 2088 3078 de
2133 3035 2372 3098 quarum

376 3065 604 3164 sol’ariis
662 3104 925 3164 incendia
993 3113 1359 3174 arcerentur;
1415 3121 1631 3202 easque
1674 3113 1901 3182 sumptu
1947 3121 2052 3164 suo
2099 3103 2372 3162 extruxit.

373 3182 702 3247 Destinarat
737 3191 905 3249 etiam
947 3185 1106 3247 Ostia
1153 3196 1321 3246 tenus
1359 3189 1587 3248 moenia
1626 3205 1975 3267 promovere
2023 3195 2194 3266 atque
2236 3184 2371 3245 inde

376 3266 537 3328 fossa
569 3287 726 3329 mare
756 3273 941 3331 veteri
975 3271 1101 3331 urbi
1131 3271 1425 3331 inducere.
2388 3291 2440 3333 ³⁸

500 3351 680 3411 Multa
720 3355 822 3412 sub
869 3373 940 3415 eo
979 3364 1038 3414 et
1079 3355 1477 3416 animadversa
1519 3375 1728 3416 severe
1788 3365 1846 3416 et
1908 3356 2202 3432 coercita,
2259 3373 2374 3415 nec

375 3435 560 3494 minus
590 3435 872 3497 instituta:
908 3438 1194 3501 adhibitus
1225 3440 1543 3520 sumptibus
1571 3440 1806 3510 modus;
1852 3438 2120 3519 publicae
2151 3458 2372 3500 caenae

378 3515 450 3574 ad
483 3517 777 3596 sportulas
806 3521 1108 3596 redactae3
1150 3525 1513 3584 interdictum
1545 3542 1621 3584 ne
1664 3488 1806 3605 quid
1838 3525 1896 3583 in
1937 3525 2168 3603 popinis
2216 3524 2374 3585 cocti
