<?xml version="1.0" encoding="UTF-8"?>
<!DOCTYPE html PUBLIC "-//W3C//DTD XHTML 1.0 Transitional//EN"
    "http://www.w3.org/TR/xhtml1/DTD/xhtml1-transitional.dtd">
<html xmlns="http://www.w3.org/1999/xhtml" xml:lang="en" lang="en">
 <head>
  <title>
</title>
<meta http-equiv="Content-Type" content="text/html;charset=utf-8" />
  <meta name='ocr-system' content='tesseract 3.04.00' />
  <meta name='ocr-capabilities' content='ocr_page ocr_carea ocr_par ocr_line ocrx_word'/>
</head>
<body>
  <div class='ocr_page' id='page_1' title='image "./csuetonitranqui06rothgoog_0059.png"; bbox 0 0 2553 3960; ppageno 0'>
   <div class='ocr_carea' id='block_1_1' title="bbox 958 211 2071 264">
    <p class='ocr_par' dir='ltr' id='par_1_1' title="bbox 958 211 2071 264">
     <span class='ocr_line' id='line_1_1' title="bbox 958 211 2071 264; baseline 0.005 -8"><span class='ocrx_word' id='word_1_1' title='bbox 958 211 1373 259; x_wconf 68' lang='lat' dir='ltr'><strong>PRAEFATIO.</strong></span> <span class='ocrx_word' id='word_1_2' title='bbox 1979 216 2071 264; x_wconf 79' lang='lat' dir='ltr'><strong>LV</strong></span> 
     </span>
    </p>
   </div>
   <div class='ocr_carea' id='block_1_2' title="bbox 239 369 2073 1607">
    <p class='ocr_par' dir='ltr' id='par_1_2' title="bbox 239 369 2065 680">
     <span class='ocr_line' id='line_1_2' title="bbox 239 369 2063 444; baseline -0.003 -12"><span class='ocrx_word' id='word_1_3' title='bbox 239 371 550 432; x_wconf 88' lang='lat' dir='ltr'><strong>Senatoria</strong></span> <span class='ocrx_word' id='word_1_4' title='bbox 607 369 902 444; x_wconf 83' lang='lat' dir='ltr'><strong>possidet,</strong></span> <span class='ocrx_word' id='word_1_5' title='bbox 964 370 1107 425; x_wconf 93' lang='lat' dir='ltr'><strong>unde</strong></span> <span class='ocrx_word' id='word_1_6' title='bbox 1167 371 1428 427; x_wconf 89' lang='lat' dir='ltr'><strong>nonnulla</strong></span> <span class='ocrx_word' id='word_1_7' title='bbox 1482 372 1767 444; x_wconf 80' lang='lat' dir='ltr'>excerpsit</span> <span class='ocrx_word' id='word_1_8' title='bbox 1821 371 2063 442; x_wconf 78' lang='lat' dir='ltr'>Ernesti,</span> 
     </span>
     <span class='ocr_line' id='line_1_3' title="bbox 240 451 2063 532; baseline -0.001 -19"><span class='ocrx_word' id='word_1_9' title='bbox 240 459 409 532; x_wconf 81' lang='lat' dir='ltr'><strong>plura</strong></span> <span class='ocrx_word' id='word_1_10' title='bbox 438 451 1073 524; x_wconf 87' lang='lat' dir='ltr'><strong>Baumgarten·Crusius</strong></span> <span class='ocrx_word' id='word_1_11' title='bbox 1100 461 1128 512; x_wconf 89' lang='lat'><em>1</em></span> <span class='ocrx_word' id='word_1_12' title='bbox 1160 469 1213 524; x_wconf 92' lang='lat' dir='ltr'><strong>p.</strong></span> <span class='ocrx_word' id='word_1_13' title='bbox 1241 452 1384 508; x_wconf 86' lang='lat' dir='ltr'><strong>xv1.</strong></span> <span class='ocrx_word' id='word_1_14' title='bbox 1409 453 1547 509; x_wconf 84' lang='lat' dir='ltr'>XLII</span> <span class='ocrx_word' id='word_1_15' title='bbox 1580 455 1848 526; x_wconf 77' lang='lat' dir='ltr'><strong>prodidit,</strong></span> <span class='ocrx_word' id='word_1_16' title='bbox 1884 455 2063 511; x_wconf 85' lang='lat' dir='ltr'><strong>omnia</strong></span> 
     </span>
     <span class='ocr_line' id='line_1_4' title="bbox 244 536 2065 597; baseline -0.002 0"><span class='ocrx_word' id='word_1_17' title='bbox 244 539 625 597; x_wconf 88' lang='lat' dir='ltr'><strong>amicissimus</strong></span> <span class='ocrx_word' id='word_1_18' title='bbox 670 537 1104 592; x_wconf 86' lang='lat' dir='ltr'><strong>Theodorus</strong></span> <span class='ocrx_word' id='word_1_19' title='bbox 1148 536 1468 593; x_wconf 84' lang='lat' dir='ltr'><strong>Moebius</strong></span> <span class='ocrx_word' id='word_1_20' title='bbox 1509 554 1719 593; x_wconf 87' lang='lat' dir='ltr'><strong>mecum</strong></span> <span class='ocrx_word' id='word_1_21' title='bbox 1766 539 2065 594; x_wconf 86' lang='lat' dir='ltr'><strong>communi-</strong></span> 
     </span>
     <span class='ocr_line' id='line_1_5' title="bbox 242 625 423 680; baseline -0.017 0"><span class='ocrx_word' id='word_1_22' title='bbox 242 625 423 680; x_wconf 82' lang='lat' dir='ltr'><strong>cavit.</strong></span> 
     </span>
    </p>

    <p class='ocr_par' dir='ltr' id='par_1_3' title="bbox 247 701 2073 1607">
     <span class='ocr_line' id='line_1_6' title="bbox 379 701 2065 777; baseline -0.001 -15"><span class='ocrx_word' id='word_1_23' title='bbox 379 707 657 777; x_wconf 74' lang='lat' dir='ltr'><strong>vulgatae</strong></span> <span class='ocrx_word' id='word_1_24' title='bbox 689 701 950 758; x_wconf 89' lang='lat' dir='ltr'><strong>lectionis</strong></span> <span class='ocrx_word' id='word_1_25' title='bbox 978 702 1313 775; x_wconf 88' lang='lat' dir='ltr'><strong>principium</strong></span> <span class='ocrx_word' id='word_1_26' title='bbox 1341 702 1597 761; x_wconf 79' lang='lat' dir='ltr'><strong>Aldina</strong></span> <span class='ocrx_word' id='word_1_27' title='bbox 1626 712 1713 760; x_wconf 88' lang='lat' dir='ltr'><strong>est</strong></span> <span class='ocrx_word' id='word_1_28' title='bbox 1741 705 1915 761; x_wconf 87' lang='lat' dir='ltr'><strong>editio</strong></span> <span class='ocrx_word' id='word_1_29' title='bbox 1935 746 1953 775; x_wconf 97' lang='lat'><strong>,</strong></span> <span class='ocrx_word' id='word_1_30' title='bbox 1996 706 2065 761; x_wconf 92' lang='lat' dir='ltr'><strong>ab</strong></span> 
     </span>
     <span class='ocr_line' id='line_1_7' title="bbox 247 786 2067 858; baseline -0.002 -10"><span class='ocrx_word' id='word_1_31' title='bbox 247 792 405 848; x_wconf 78' lang='lat' dir='ltr'><strong>Aldo</strong></span> <span class='ocrx_word' id='word_1_32' title='bbox 449 790 548 845; x_wconf 81' lang='lat' dir='ltr'><strong>Pio</strong></span> <span class='ocrx_word' id='word_1_33' title='bbox 587 786 830 843; x_wconf 72' lang='lat' dir='ltr'><strong>Manutio</strong></span> <span class='ocrx_word' id='word_1_34' title='bbox 880 792 937 840; x_wconf 90' lang='lat' dir='ltr'><strong>et</strong></span> <span class='ocrx_word' id='word_1_35' title='bbox 989 786 1195 841; x_wconf 90' lang='lat' dir='ltr'><strong>Ioanne</strong></span> <span class='ocrx_word' id='word_1_36' title='bbox 1240 786 1486 857; x_wconf 73' lang='lat' dir='ltr'><strong>Baptista</strong></span> <span class='ocrx_word' id='word_1_37' title='bbox 1533 787 1771 858; x_wconf 84' lang='lat' dir='ltr'><strong>Egnatio</strong></span> <span class='ocrx_word' id='word_1_38' title='bbox 1813 789 2067 844; x_wconf 88' lang='lat' dir='ltr'><strong>Venetiis</strong></span> 
     </span>
     <span class='ocr_line' id='line_1_8' title="bbox 249 868 2063 943; baseline -0.001 -17"><span class='ocrx_word' id='word_1_39' title='bbox 249 893 306 931; x_wconf 81' lang='lat' dir='ltr'><strong>a.</strong></span> <span class='ocrx_word' id='word_1_40' title='bbox 344 878 484 932; x_wconf 82' lang='lat'>1508</span> <span class='ocrx_word' id='word_1_41' title='bbox 514 876 705 927; x_wconf 87' lang='lat' dir='ltr'><strong>curata</strong></span> <span class='ocrx_word' id='word_1_42' title='bbox 731 876 788 924; x_wconf 90' lang='lat' dir='ltr'><strong>et</strong></span> <span class='ocrx_word' id='word_1_43' title='bbox 815 868 977 924; x_wconf 80' lang='lat' dir='ltr'><strong>Plinii</strong></span> <span class='ocrx_word' id='word_1_44' title='bbox 1006 868 1262 940; x_wconf 85' lang='lat' dir='ltr'><strong>epistolis</strong></span> <span class='ocrx_word' id='word_1_45' title='bbox 1292 869 1567 925; x_wconf 85' lang='lat' dir='ltr'><strong>adiuncta.</strong></span> <span class='ocrx_word' id='word_1_46' title='bbox 1628 872 1717 927; x_wconf 87' lang='lat' dir='ltr'><strong>Ad</strong></span> <span class='ocrx_word' id='word_1_47' title='bbox 1756 889 1875 927; x_wconf 89' lang='lat' dir='ltr'><strong>eam</strong></span> <span class='ocrx_word' id='word_1_48' title='bbox 1903 888 2063 943; x_wconf 88' lang='lat' dir='ltr'><strong>prae-</strong></span> 
     </span>
     <span class='ocr_line' id='line_1_9' title="bbox 250 951 2067 1030; baseline -0.003 -16"><span class='ocrx_word' id='word_1_49' title='bbox 250 955 561 1030; x_wconf 77' lang='lat' dir='ltr'><strong>parandam</strong></span> <span class='ocrx_word' id='word_1_50' title='bbox 612 953 860 1009; x_wconf 78' lang='lat' dir='ltr'><strong>editores</strong></span> <span class='ocrx_word' id='word_1_51' title='bbox 905 966 1013 1007; x_wconf 93' lang='lat' dir='ltr'><strong>non</strong></span> <span class='ocrx_word' id='word_1_52' title='bbox 1057 951 1269 1022; x_wconf 86' lang='lat' dir='ltr'><strong>scripto</strong></span> <span class='ocrx_word' id='word_1_53' title='bbox 1301 953 1539 1023; x_wconf 85' lang='lat' dir='ltr'><strong>quodam</strong></span> <span class='ocrx_word' id='word_1_54' title='bbox 1578 954 1725 1010; x_wconf 91' lang='lat' dir='ltr'><strong>libro</strong></span> <span class='ocrx_word' id='word_1_55' title='bbox 1774 971 1905 1010; x_wconf 91' lang='lat' dir='ltr'><strong>usos</strong></span> <span class='ocrx_word' id='word_1_56' title='bbox 1941 970 2067 1010; x_wconf 91' lang='lat' dir='ltr'><strong>esse</strong></span> 
     </span>
     <span class='ocr_line' id='line_1_10' title="bbox 248 1033 2069 1110; baseline -0.003 -14"><span class='ocrx_word' id='word_1_57' title='bbox 248 1038 556 1108; x_wconf 85' lang='lat' dir='ltr'><strong>existimo,</strong></span> <span class='ocrx_word' id='word_1_58' title='bbox 601 1051 790 1092; x_wconf 85' lang='lat' dir='ltr'><strong>verum</strong></span> <span class='ocrx_word' id='word_1_59' title='bbox 825 1034 1003 1090; x_wconf 88' lang='lat' dir='ltr'><strong>tribus</strong></span> <span class='ocrx_word' id='word_1_60' title='bbox 1035 1033 1377 1090; x_wconf 80' lang='lat' dir='ltr'><strong>editionibus</strong></span> <span class='ocrx_word' id='word_1_61' title='bbox 1412 1051 1548 1106; x_wconf 85' lang='lat' dir='ltr'><strong>quas</strong></span> <span class='ocrx_word' id='word_1_62' title='bbox 1590 1039 1753 1094; x_wconf 87' lang='lat' dir='ltr'><strong>modo</strong></span> <span class='ocrx_word' id='word_1_63' title='bbox 1784 1038 2069 1110; x_wconf 80' lang='lat' dir='ltr'><strong>principes</strong></span> 
     </span>
     <span class='ocr_line' id='line_1_11' title="bbox 252 1116 2069 1192; baseline -0.002 -13"><span class='ocrx_word' id='word_1_64' title='bbox 252 1124 413 1189; x_wconf 84' lang='lat' dir='ltr'><strong>dixi,</strong></span> <span class='ocrx_word' id='word_1_65' title='bbox 445 1117 845 1177; x_wconf 79' lang='lat' dir='ltr'><strong>diversissimis</strong></span> <span class='ocrx_word' id='word_1_66' title='bbox 874 1116 1020 1173; x_wconf 84' lang='lat' dir='ltr'><strong>inter</strong></span> <span class='ocrx_word' id='word_1_67' title='bbox 1050 1134 1148 1188; x_wconf 88' lang='lat' dir='ltr'><strong>se,</strong></span> <span class='ocrx_word' id='word_1_68' title='bbox 1179 1119 1512 1190; x_wconf 87' lang='lat' dir='ltr'><strong>comparatis</strong></span> <span class='ocrx_word' id='word_1_69' title='bbox 1545 1127 1600 1175; x_wconf 85' lang='lat' dir='ltr'><strong>et</strong></span> <span class='ocrx_word' id='word_1_70' title='bbox 1630 1122 1787 1192; x_wconf 85' lang='lat' dir='ltr'><strong>quasi</strong></span> <span class='ocrx_word' id='word_1_71' title='bbox 1818 1120 1874 1177; x_wconf 90' lang='lat' dir='ltr'><strong>iu</strong></span> <span class='ocrx_word' id='word_1_72' title='bbox 1907 1137 2069 1176; x_wconf 92' lang='lat' dir='ltr'><strong>unum</strong></span> 
     </span>
     <span class='ocr_line' id='line_1_12' title="bbox 252 1200 2070 1275; baseline -0.003 -12"><span class='ocrx_word' id='word_1_73' title='bbox 252 1205 489 1263; x_wconf 80' lang='lat' dir='ltr'><strong>collatis</strong></span> <span class='ocrx_word' id='word_1_74' title='bbox 521 1204 768 1261; x_wconf 88' lang='lat' dir='ltr'><strong>libellum</strong></span> <span class='ocrx_word' id='word_1_75' title='bbox 802 1200 1233 1257; x_wconf 87' lang='lat' dir='ltr'><strong>emendatiorem</strong></span> <span class='ocrx_word' id='word_1_76' title='bbox 1262 1200 1655 1274; x_wconf 88' lang='lat' dir='ltr'><strong>reddiderunt,</strong></span> <span class='ocrx_word' id='word_1_77' title='bbox 1700 1220 1857 1275; x_wconf 85' lang='lat' dir='ltr'><strong>quam</strong></span> <span class='ocrx_word' id='word_1_78' title='bbox 1893 1220 2070 1275; x_wconf 85' lang='lat' dir='ltr'><strong>usque</strong></span> 
     </span>
     <span class='ocr_line' id='line_1_13' title="bbox 256 1284 2073 1359; baseline -0.003 -12"><span class='ocrx_word' id='word_1_79' title='bbox 256 1307 333 1347; x_wconf 84' lang='lat' dir='ltr'><strong>eo</strong></span> <span class='ocrx_word' id='word_1_80' title='bbox 367 1288 551 1345; x_wconf 87' lang='lat' dir='ltr'><strong>editus</strong></span> <span class='ocrx_word' id='word_1_81' title='bbox 582 1289 781 1342; x_wconf 82' lang='lat' dir='ltr'><strong>fuerat.</strong></span> <span class='ocrx_word' id='word_1_82' title='bbox 842 1284 910 1340; x_wconf 91' lang='lat' dir='ltr'><strong>Et</strong></span> <span class='ocrx_word' id='word_1_83' title='bbox 941 1284 1348 1340; x_wconf 80' lang='lat' dir='ltr'><strong>fundamentum</strong></span> <span class='ocrx_word' id='word_1_84' title='bbox 1378 1284 1765 1359; x_wconf 82' lang='lat' dir='ltr'><strong>impressionis</strong></span> <span class='ocrx_word' id='word_1_85' title='bbox 1794 1285 2073 1343; x_wconf 86' lang='lat' dir='ltr'><strong>Venetam</strong></span> 
     </span>
     <span class='ocr_line' id='line_1_14' title="bbox 252 1366 2073 1439; baseline -0.002 -11"><span class='ocrx_word' id='word_1_86' title='bbox 252 1392 312 1430; x_wconf 82' lang='lat' dir='ltr'><strong>a.</strong></span> <span class='ocrx_word' id='word_1_87' title='bbox 358 1378 496 1433; x_wconf 79' lang='lat'>1474</span> <span class='ocrx_word' id='word_1_88' title='bbox 527 1388 652 1426; x_wconf 90' lang='lat' dir='ltr'><strong>esse</strong></span> <span class='ocrx_word' id='word_1_89' title='bbox 691 1368 1015 1437; x_wconf 82' lang='lat' dir='ltr'><strong>voluerunt,</strong></span> <span class='ocrx_word' id='word_1_90' title='bbox 1049 1366 1106 1423; x_wconf 90' lang='lat' dir='ltr'><strong>id</strong></span> <span class='ocrx_word' id='word_1_91' title='bbox 1144 1369 1293 1439; x_wconf 85' lang='lat' dir='ltr'><strong>quod</strong></span> <span class='ocrx_word' id='word_1_92' title='bbox 1317 1385 1387 1423; x_wconf 89' lang='lat' dir='ltr'><strong>ex</strong></span> <span class='ocrx_word' id='word_1_93' title='bbox 1416 1370 1741 1439; x_wconf 90' lang='lat' dir='ltr'><strong>quibusdam</strong></span> <span class='ocrx_word' id='word_1_94' title='bbox 1775 1371 1941 1426; x_wconf 87' lang='lat' dir='ltr'><strong>rebus</strong></span> <span class='ocrx_word' id='word_1_95' title='bbox 1972 1387 2073 1425; x_wconf 83' lang='lat' dir='ltr'><strong>ex-</strong></span> 
     </span>
     <span class='ocr_line' id='line_1_15' title="bbox 255 1451 2071 1528; baseline -0.003 -15"><span class='ocrx_word' id='word_1_96' title='bbox 255 1457 416 1528; x_wconf 81' lang='lat' dir='ltr'><strong>iguis</strong></span> <span class='ocrx_word' id='word_1_97' title='bbox 447 1471 587 1526; x_wconf 85' lang='lat' dir='ltr'><strong>quae</strong></span> <span class='ocrx_word' id='word_1_98' title='bbox 619 1453 816 1509; x_wconf 90' lang='lat' dir='ltr'><strong>oculos</strong></span> <span class='ocrx_word' id='word_1_99' title='bbox 853 1451 1049 1506; x_wconf 77' lang='lat' dir='ltr'><strong>saliere</strong></span> <span class='ocrx_word' id='word_1_100' title='bbox 1081 1452 1285 1522; x_wconf 86' lang='lat' dir='ltr'><strong>solent,</strong></span> <span class='ocrx_word' id='word_1_101' title='bbox 1324 1451 1542 1509; x_wconf 79' lang='lat' dir='ltr'><strong>litteras</strong></span> <span class='ocrx_word' id='word_1_102' title='bbox 1579 1454 1706 1510; x_wconf 87' lang='lat' dir='ltr'><strong>dico</strong></span> <span class='ocrx_word' id='word_1_103' title='bbox 1741 1454 1829 1508; x_wconf 86' lang='lat' dir='ltr'><strong>vel</strong></span> <span class='ocrx_word' id='word_1_104' title='bbox 1865 1453 2071 1508; x_wconf 91' lang='lat' dir='ltr'><strong>maius·</strong></span> 
     </span>
     <span class='ocr_line' id='line_1_16' title="bbox 256 1534 2073 1607; baseline -0.004 -11"><span class='ocrx_word' id='word_1_105' title='bbox 256 1541 424 1596; x_wconf 85' lang='lat' dir='ltr'><strong>cuias</strong></span> <span class='ocrx_word' id='word_1_106' title='bbox 458 1539 550 1595; x_wconf 84' lang='lat' dir='ltr'><strong>vel</strong></span> <span class='ocrx_word' id='word_1_107' title='bbox 582 1534 950 1603; x_wconf 80' lang='lat' dir='ltr'><strong>minusculas,</strong></span> <span class='ocrx_word' id='word_1_108' title='bbox 991 1534 1418 1607; x_wconf 80' lang='lat' dir='ltr'><strong>interpungendi</strong></span> <span class='ocrx_word' id='word_1_109' title='bbox 1451 1537 1610 1607; x_wconf 80' lang='lat' dir='ltr'><strong>signa</strong></span> <span class='ocrx_word' id='word_1_110' title='bbox 1632 1578 1650 1607; x_wconf 97' lang='lat'><strong>,</strong></span> <span class='ocrx_word' id='word_1_111' title='bbox 1681 1536 1818 1592; x_wconf 83' lang='lat' dir='ltr'><strong>vitia</strong></span> <span class='ocrx_word' id='word_1_112' title='bbox 1853 1551 2073 1607; x_wconf 84' lang='lat' dir='ltr'><strong>quoque</strong></span> 
     </span>
    </p>
   </div>
   <div class='ocr_carea' id='block_1_3' title="bbox 252 1632 677 1647">
    <p class='ocr_par' dir='ltr' id='par_1_4' title="bbox 252 1632 677 1647">
     <span class='ocr_line' id='line_1_17' title="bbox 252 1632 677 1647; baseline 0 2313"><span class='ocrx_word' id='word_1_113' title='bbox 252 1632 677 1647; x_wconf 95' lang='lat' dir='ltr'><strong> </strong></span> 
     </span>
    </p>
   </div>
   <div class='ocr_carea' id='block_1_4' title="bbox 259 1681 2079 3527">
    <p class='ocr_par' dir='ltr' id='par_1_5' title="bbox 259 1681 2077 2975">
     <span class='ocr_line' id='line_1_18' title="bbox 260 1681 2075 1747; baseline -0.004 -10"><span class='ocrx_word' id='word_1_114' title='bbox 260 1693 442 1745; x_wconf 83' lang='lat' dir='ltr'><strong>uerat,</strong></span> <span class='ocrx_word' id='word_1_115' title='bbox 501 1682 594 1733; x_wconf 76' lang='lat' dir='ltr'><strong>cfr.</strong></span> <span class='ocrx_word' id='word_1_116' title='bbox 646 1682 931 1734; x_wconf 84' lang='lat' dir='ltr'><strong>Casauboni</strong></span> <span class='ocrx_word' id='word_1_117' title='bbox 979 1681 1222 1746; x_wconf 82' lang='lat' dir='ltr'><strong>epistolae</strong></span> <span class='ocrx_word' id='word_1_118' title='bbox 1275 1681 1354 1731; x_wconf 91' lang='lat' dir='ltr'><strong>ed.</strong></span> <span class='ocrx_word' id='word_1_119' title='bbox 1410 1681 1590 1735; x_wconf 81' lang='lat' dir='ltr'><strong>Graev.</strong></span> <span class='ocrx_word' id='word_1_120' title='bbox 1640 1697 1692 1747; x_wconf 88' lang='lat' dir='ltr'><strong>p.</strong></span> <span class='ocrx_word' id='word_1_121' title='bbox 1740 1682 1823 1734; x_wconf 85' lang='lat'><strong>31.</strong></span> <span class='ocrx_word' id='word_1_122' title='bbox 1887 1683 2075 1731; x_wconf 85' lang='lat' dir='ltr'><strong>Verum</strong></span> 
     </span>
     <span class='ocr_line' id='line_1_19' title="bbox 259 1749 2075 1805; baseline -0.003 -1"><span class='ocrx_word' id='word_1_123' title='bbox 259 1772 310 1804; x_wconf 88' lang='lat' dir='ltr'><strong>a.</strong></span> <span class='ocrx_word' id='word_1_124' title='bbox 347 1753 482 1805; x_wconf 87' lang='grc'>1610</span> <span class='ocrx_word' id='word_1_125' title='bbox 518 1751 848 1801; x_wconf 81' lang='lat' dir='ltr'><strong>Casaubonus</strong></span> <span class='ocrx_word' id='word_1_126' title='bbox 884 1749 949 1799; x_wconf 81' lang='lat' dir='ltr'><strong>ad</strong></span> <span class='ocrx_word' id='word_1_127' title='bbox 988 1763 1191 1798; x_wconf 88' lang='lat' dir='ltr'><strong>manum</strong></span> <span class='ocrx_word' id='word_1_128' title='bbox 1238 1749 1337 1797; x_wconf 85' lang='lat' dir='ltr'><strong>sibi</strong></span> <span class='ocrx_word' id='word_1_129' title='bbox 1372 1749 1532 1799; x_wconf 75' lang='lat' dir='ltr'><strong>fuisse</strong></span> <span class='ocrx_word' id='word_1_130' title='bbox 1560 1758 1770 1800; x_wconf 87' lang='lat' dir='ltr'><strong>testatur</strong></span> <span class='ocrx_word' id='word_1_131' title='bbox 1806 1750 2075 1800; x_wconf 83' lang='lat' dir='ltr'><strong>editionem</strong></span> 
     </span>
     <span class='ocr_line' id='line_1_20' title="bbox 260 1817 2075 1876; baseline -0.003 -4"><span class='ocrx_word' id='word_1_132' title='bbox 260 1837 379 1872; x_wconf 87' lang='lat' dir='ltr'><strong>cum</strong></span> <span class='ocrx_word' id='word_1_133' title='bbox 416 1819 612 1869; x_wconf 82' lang='lat' dir='ltr'><strong>Aurelii</strong></span> <span class='ocrx_word' id='word_1_134' title='bbox 639 1818 861 1869; x_wconf 88' lang='lat' dir='ltr'><strong>Victoris</strong></span> <span class='ocrx_word' id='word_1_135' title='bbox 896 1818 1017 1867; x_wconf 85' lang='lat' dir='ltr'><strong>viris</strong></span> <span class='ocrx_word' id='word_1_136' title='bbox 1053 1817 1335 1867; x_wconf 86' lang='lat' dir='ltr'><strong>illustribus</strong></span> <span class='ocrx_word' id='word_1_137' title='bbox 1367 1818 1683 1867; x_wconf 86' lang='lat' dir='ltr'><strong>coniunctam</strong></span> <span class='ocrx_word' id='word_1_138' title='bbox 1719 1827 1770 1869; x_wconf 88' lang='lat' dir='ltr'><strong>et</strong></span> <span class='ocrx_word' id='word_1_139' title='bbox 1805 1817 2075 1876; x_wconf 82' lang='lat' dir='ltr'><strong>Mediolani</strong></span> 
     </span>
     <span class='ocr_line' id='line_1_21' title="bbox 263 1888 2074 1957; baseline -0.002 -19"><span class='ocrx_word' id='word_1_140' title='bbox 263 1906 357 1957; x_wconf 88' lang='lat' dir='ltr'><strong>per</strong></span> <span class='ocrx_word' id='word_1_141' title='bbox 398 1889 547 1938; x_wconf 86' lang='lat' dir='ltr'><strong>Alex.</strong></span> <span class='ocrx_word' id='word_1_142' title='bbox 587 1888 923 1937; x_wconf 85' lang='lat' dir='ltr'><strong>Minutianum</strong></span> <span class='ocrx_word' id='word_1_143' title='bbox 955 1892 1071 1934; x_wconf 83' lang='lat' dir='ltr'><strong>ante</strong></span> <span class='ocrx_word' id='word_1_144' title='bbox 1113 1893 1300 1934; x_wconf 82' lang='lat' dir='ltr'><strong>centum</strong></span> <span class='ocrx_word' id='word_1_145' title='bbox 1343 1893 1393 1935; x_wconf 81' lang='lat' dir='ltr'><strong>et</strong></span> <span class='ocrx_word' id='word_1_146' title='bbox 1432 1893 1540 1936; x_wconf 76' lang='lat' dir='ltr'><strong>oceo</strong></span> <span class='ocrx_word' id='word_1_147' title='bbox 1579 1902 1739 1937; x_wconf 82' lang='lat' dir='ltr'><strong>annos</strong></span> <span class='ocrx_word' id='word_1_148' title='bbox 1783 1888 1818 1936; x_wconf 90' lang='lat' dir='ltr'><strong>i.</strong></span> <span class='ocrx_word' id='word_1_149' title='bbox 1861 1902 1906 1935; x_wconf 92' lang='lat' dir='ltr'><strong>e.</strong></span> <span class='ocrx_word' id='word_1_150' title='bbox 1942 1900 2074 1936; x_wconf 90' lang='lat' dir='ltr'><strong>anuo</strong></span> 
     </span>
     <span class='ocr_line' id='line_1_22' title="bbox 264 1954 2072 2020; baseline -0.003 -9"><span class='ocrx_word' id='word_1_151' title='bbox 264 1958 402 2011; x_wconf 83' lang='lat'>1502</span> <span class='ocrx_word' id='word_1_152' title='bbox 435 1970 701 2017; x_wconf 85' lang='lat' dir='ltr'><strong>excusam,</strong></span> <span class='ocrx_word' id='word_1_153' title='bbox 744 1969 875 2020; x_wconf 89' lang='lat' dir='ltr'><strong>quae</strong></span> <span class='ocrx_word' id='word_1_154' title='bbox 907 1954 1005 2005; x_wconf 90' lang='lat' dir='ltr'><strong>sibi</strong></span> <span class='ocrx_word' id='word_1_155' title='bbox 1049 1954 1225 2020; x_wconf 89' lang='lat' dir='ltr'><strong>scripti</strong></span> <span class='ocrx_word' id='word_1_156' title='bbox 1260 1954 1373 2004; x_wconf 85' lang='lat' dir='ltr'><strong>libri</strong></span> <span class='ocrx_word' id='word_1_157' title='bbox 1404 1955 1562 2006; x_wconf 86' lang='lat' dir='ltr'><strong>instar</strong></span> <span class='ocrx_word' id='word_1_158' title='bbox 1604 1954 1800 2009; x_wconf 80' lang='lat' dir='ltr'><strong>i&#39;ulsset.</strong></span> <span class='ocrx_word' id='word_1_159' title='bbox 1874 1956 2072 2006; x_wconf 88' lang='lat' dir='ltr'><strong>Pleras-</strong></span> 
     </span>
     <span class='ocr_line' id='line_1_23' title="bbox 263 2024 2070 2093; baseline -0.003 -16"><span class='ocrx_word' id='word_1_160' title='bbox 263 2044 366 2093; x_wconf 85' lang='lat' dir='ltr'><strong>que</strong></span> <span class='ocrx_word' id='word_1_161' title='bbox 414 2026 654 2076; x_wconf 83' lang='lat' dir='ltr'><strong>lectiones</strong></span> <span class='ocrx_word' id='word_1_162' title='bbox 705 2025 770 2075; x_wconf 87' lang='lat' dir='ltr'><strong>ab</strong></span> <span class='ocrx_word' id='word_1_163' title='bbox 807 2038 866 2074; x_wconf 90' lang='lat' dir='ltr'><strong>eo</strong></span> <span class='ocrx_word' id='word_1_164' title='bbox 903 2031 1315 2073; x_wconf 88' lang='lat' dir='ltr'><strong>commemoratas</strong></span> <span class='ocrx_word' id='word_1_165' title='bbox 1359 2024 1632 2089; x_wconf 83' lang='lat' dir='ltr'><strong>pluresque</strong></span> <span class='ocrx_word' id='word_1_166' title='bbox 1681 2025 1897 2075; x_wconf 83' lang='lat' dir='ltr'><strong>omissas</strong></span> <span class='ocrx_word' id='word_1_167' title='bbox 1934 2024 2070 2076; x_wconf 92' lang='lat' dir='ltr'><strong>Bon-</strong></span> 
     </span>
     <span class='ocr_line' id='line_1_24' title="bbox 264 2090 2072 2163; baseline -0.003 -16"><span class='ocrx_word' id='word_1_168' title='bbox 264 2096 432 2163; x_wconf 83' lang='lat' dir='ltr'><strong>garsii</strong></span> <span class='ocrx_word' id='word_1_169' title='bbox 467 2108 621 2143; x_wconf 89' lang='lat' dir='ltr'><strong>manu</strong></span> <span class='ocrx_word' id='word_1_170' title='bbox 662 2093 944 2157; x_wconf 81' lang='lat' dir='ltr'><strong>adscriptas</strong></span> <span class='ocrx_word' id='word_1_171' title='bbox 980 2091 1146 2155; x_wconf 89' lang='lat' dir='ltr'><strong>reperi</strong></span> <span class='ocrx_word' id='word_1_172' title='bbox 1182 2090 1234 2139; x_wconf 92' lang='lat' dir='ltr'><strong>in</strong></span> <span class='ocrx_word' id='word_1_173' title='bbox 1270 2092 1501 2157; x_wconf 89' lang='lat' dir='ltr'><strong>exemplo</strong></span> <span class='ocrx_word' id='word_1_174' title='bbox 1539 2093 1926 2158; x_wconf 76' lang='lat' dir='ltr'><strong>Autverpiensis</strong></span> <span class='ocrx_word' id='word_1_175' title='bbox 1963 2091 2072 2141; x_wconf 79' lang='lat' dir='ltr'><strong>edi·</strong></span> 
     </span>
     <span class='ocr_line' id='line_1_25' title="bbox 265 2159 2074 2226; baseline -0.004 -10"><span class='ocrx_word' id='word_1_176' title='bbox 265 2166 423 2216; x_wconf 51' lang='lat' dir='ltr'><strong>*iouis</strong></span> <span class='ocrx_word' id='word_1_177' title='bbox 452 2178 501 2216; x_wconf 80' lang='lat' dir='ltr'><strong>a.</strong></span> <span class='ocrx_word' id='word_1_178' title='bbox 537 2163 701 2220; x_wconf 84' lang='lat'><strong>1574,</strong></span> <span class='ocrx_word' id='word_1_179' title='bbox 733 2161 868 2224; x_wconf 91' lang='lat' dir='ltr'><strong>quod</strong></span> <span class='ocrx_word' id='word_1_180' title='bbox 896 2160 1093 2208; x_wconf 83' lang='lat' dir='ltr'><strong>Bernae</strong></span> <span class='ocrx_word' id='word_1_181' title='bbox 1129 2167 1372 2208; x_wconf 83' lang='lat' dir='ltr'><strong>servatur.</strong></span> <span class='ocrx_word' id='word_1_182' title='bbox 1446 2161 1505 2208; x_wconf 89' lang='lat' dir='ltr'><strong>In</strong></span> <span class='ocrx_word' id='word_1_183' title='bbox 1548 2174 1608 2209; x_wconf 91' lang='lat' dir='ltr'><strong>eo</strong></span> <span class='ocrx_word' id='word_1_184' title='bbox 1646 2161 1877 2226; x_wconf 88' lang='lat' dir='ltr'><strong>exemplo</strong></span> <span class='ocrx_word' id='word_1_185' title='bbox 1909 2159 2074 2209; x_wconf 84' lang='lat' dir='ltr'><strong>littera</strong></span> 
     </span>
     <span class='ocr_line' id='line_1_26' title="bbox 270 2227 2074 2295; baseline -0.003 -14"><span class='ocrx_word' id='word_1_186' title='bbox 270 2233 335 2282; x_wconf 90' lang='lat' dir='ltr'><em>M</em></span> <span class='ocrx_word' id='word_1_187' title='bbox 365 2246 495 2295; x_wconf 84' lang='lat' dir='ltr'><strong>quae</strong></span> <span class='ocrx_word' id='word_1_188' title='bbox 533 2245 595 2279; x_wconf 84' lang='lat' dir='ltr'><strong>ex</strong></span> <span class='ocrx_word' id='word_1_189' title='bbox 633 2229 879 2288; x_wconf 78' lang='lat' dir='ltr'><strong>editione,</strong></span> <span class='ocrx_word' id='word_1_190' title='bbox 912 2228 1078 2289; x_wconf 76' lang='lat' dir='ltr'><strong>littera</strong></span> <span class='ocrx_word' id='word_1_191' title='bbox 1114 2227 1165 2274; x_wconf 92' lang='lat' dir='ltr'><em>P</em></span> <span class='ocrx_word' id='word_1_192' title='bbox 1196 2241 1326 2290; x_wconf 90' lang='lat' dir='ltr'><strong>quae</strong></span> <span class='ocrx_word' id='word_1_193' title='bbox 1365 2243 1393 2276; x_wconf 91' lang='lat' dir='ltr'><strong>e</strong></span> <span class='ocrx_word' id='word_1_194' title='bbox 1427 2227 1698 2279; x_wconf 81' lang='lat' dir='ltr'><strong>Petaviano</strong></span> <span class='ocrx_word' id='word_1_195' title='bbox 1719 2265 1733 2289; x_wconf 92' lang='lat'><strong>,</strong></span> <span class='ocrx_word' id='word_1_196' title='bbox 1768 2242 1900 2277; x_wconf 90' lang='lat' dir='ltr'><strong>nunc</strong></span> <span class='ocrx_word' id='word_1_197' title='bbox 1934 2227 2074 2276; x_wconf 87' lang='lat' dir='ltr'><strong>Pari-</strong></span> 
     </span>
     <span class='ocr_line' id='line_1_27' title="bbox 264 2293 2074 2362; baseline -0.004 -11"><span class='ocrx_word' id='word_1_198' title='bbox 264 2304 384 2353; x_wconf 81' lang='lat' dir='ltr'><strong>sino</strong></span> <span class='ocrx_word' id='word_1_199' title='bbox 436 2299 607 2349; x_wconf 88' lang='lat' dir='ltr'><strong>codice</strong></span> <span class='ocrx_word' id='word_1_200' title='bbox 653 2298 839 2362; x_wconf 85' lang='lat' dir='ltr'><strong>scripto</strong></span> <span class='ocrx_word' id='word_1_201' title='bbox 888 2301 1128 2359; x_wconf 84' lang='lat' dir='ltr'><strong>excerpta</strong></span> <span class='ocrx_word' id='word_1_202' title='bbox 1183 2301 1302 2343; x_wconf 87' lang='lat' dir='ltr'><strong>sunt</strong></span> <span class='ocrx_word' id='word_1_203' title='bbox 1346 2295 1744 2362; x_wconf 84' lang='lat' dir='ltr'><strong>distinguuntur.</strong></span> <span class='ocrx_word' id='word_1_204' title='bbox 1828 2293 2074 2345; x_wconf 84' lang='lat' dir='ltr'><strong>Beruensi</strong></span> 
     </span>
     <span class='ocr_line' id='line_1_28' title="bbox 264 2362 2075 2433; baseline -0.005 -14"><span class='ocrx_word' id='word_1_205' title='bbox 264 2368 505 2433; x_wconf 82' lang='lat' dir='ltr'><strong>exemplo</strong></span> <span class='ocrx_word' id='word_1_206' title='bbox 550 2366 901 2415; x_wconf 84' lang='lat' dir='ltr'><strong>Casaubonum</strong></span> <span class='ocrx_word' id='word_1_207' title='bbox 947 2376 1096 2413; x_wconf 87' lang='lat' dir='ltr'><strong>usum</strong></span> <span class='ocrx_word' id='word_1_208' title='bbox 1129 2377 1280 2423; x_wconf 75' lang='lat' dir='ltr'><strong>esse,</strong></span> <span class='ocrx_word' id='word_1_209' title='bbox 1332 2362 1484 2413; x_wconf 82' lang='lat' dir='ltr'><strong>fldem</strong></span> <span class='ocrx_word' id='word_1_210' title='bbox 1528 2363 1720 2414; x_wconf 75' lang='lat' dir='ltr'><strong>faciunt</strong></span> <span class='ocrx_word' id='word_1_211' title='bbox 1763 2364 2075 2413; x_wconf 85' lang='lat' dir='ltr'><strong>coniecturae</strong></span> 
     </span>
     <span class='ocr_line' id='line_1_29' title="bbox 267 2429 2071 2500; baseline -0.005 -13"><span class='ocrx_word' id='word_1_212' title='bbox 267 2438 462 2500; x_wconf 86' lang='lat' dir='ltr'><strong>aliquot</strong></span> <span class='ocrx_word' id='word_1_213' title='bbox 514 2434 889 2498; x_wconf 85' lang='lat' dir='ltr'><strong>Bongarsiauae</strong></span> <span class='ocrx_word' id='word_1_214' title='bbox 944 2448 1016 2482; x_wconf 71' lang='lat' dir='ltr'><strong>ex</strong></span> <span class='ocrx_word' id='word_1_215' title='bbox 1059 2429 1337 2493; x_wconf 71' lang='lat' dir='ltr'><strong>Bonqarsa&#39;i</strong></span> <span class='ocrx_word' id='word_1_216' title='bbox 1375 2434 1544 2483; x_wconf 79' lang='lat' dir='ltr'><strong>codice</strong></span> <span class='ocrx_word' id='word_1_217' title='bbox 1586 2433 1650 2482; x_wconf 89' lang='lat' dir='ltr'><strong>ab</strong></span> <span class='ocrx_word' id='word_1_218' title='bbox 1702 2433 1788 2482; x_wconf 90' lang='lat' dir='ltr'><strong>illo</strong></span> <span class='ocrx_word' id='word_1_219' title='bbox 1832 2431 2071 2497; x_wconf 86' lang='lat' dir='ltr'><strong>prolatae,</strong></span> 
     </span>
     <span class='ocr_line' id='line_1_30' title="bbox 269 2498 2073 2555; baseline -0.006 0"><span class='ocrx_word' id='word_1_220' title='bbox 269 2506 575 2555; x_wconf 84' lang='lat' dir='ltr'><strong>convincunt</strong></span> <span class='ocrx_word' id='word_1_221' title='bbox 606 2502 689 2551; x_wconf 89' lang='lat' dir='ltr'><strong>hic</strong></span> <span class='ocrx_word' id='word_1_222' title='bbox 719 2501 820 2550; x_wconf 87' lang='lat' dir='ltr'><strong>illic</strong></span> <span class='ocrx_word' id='word_1_223' title='bbox 855 2508 1005 2551; x_wconf 85' lang='lat' dir='ltr'><strong>notae</strong></span> <span class='ocrx_word' id='word_1_224' title='bbox 1039 2498 1101 2548; x_wconf 93' lang='lat' dir='ltr'><em>M</em></span> <span class='ocrx_word' id='word_1_225' title='bbox 1128 2507 1177 2548; x_wconf 87' lang='lat' dir='ltr'><strong>et</strong></span> <span class='ocrx_word' id='word_1_226' title='bbox 1204 2499 1254 2546; x_wconf 87' lang='lat' dir='ltr'><em>P</em></span> <span class='ocrx_word' id='word_1_227' title='bbox 1285 2500 1528 2551; x_wconf 83' lang='lat' dir='ltr'><strong>confusae</strong></span> <span class='ocrx_word' id='word_1_228' title='bbox 1563 2500 1643 2551; x_wconf 82' lang='lat' dir='ltr'><strong>vel</strong></span> <span class='ocrx_word' id='word_1_229' title='bbox 1683 2499 1876 2549; x_wconf 87' lang='lat' dir='ltr'><strong>Pithoei</strong></span> <span class='ocrx_word' id='word_1_230' title='bbox 1912 2498 2073 2547; x_wconf 82' lang='lat' dir='ltr'><strong>codex</strong></span> 
     </span>
     <span class='ocr_line' id='line_1_31' title="bbox 272 2567 2073 2641; baseline -0.004 -20"><span class='ocrx_word' id='word_1_231' title='bbox 272 2588 364 2641; x_wconf 87' lang='lat' dir='ltr'><strong>pro</strong></span> <span class='ocrx_word' id='word_1_232' title='bbox 391 2571 664 2623; x_wconf 85' lang='lat' dir='ltr'><strong>Petaviauo</strong></span> <span class='ocrx_word' id='word_1_233' title='bbox 695 2584 761 2617; x_wconf 89' lang='lat' dir='ltr'><strong>ex</strong></span> <span class='ocrx_word' id='word_1_234' title='bbox 789 2568 1086 2634; x_wconf 87' lang='lat' dir='ltr'><strong>compendio</strong></span> <span class='ocrx_word' id='word_1_235' title='bbox 1119 2568 1170 2615; x_wconf 92' lang='lat' dir='ltr'><em>P</em></span> <span class='ocrx_word' id='word_1_236' title='bbox 1199 2567 1384 2618; x_wconf 78' lang='lat' dir='ltr'><strong>factus.</strong></span> <span class='ocrx_word' id='word_1_237' title='bbox 1459 2570 1722 2619; x_wconf 88' lang='lat' dir='ltr'><strong>Praeterea</strong></span> <span class='ocrx_word' id='word_1_238' title='bbox 1758 2582 1870 2617; x_wconf 89' lang='lat' dir='ltr'><strong>eam</strong></span> <span class='ocrx_word' id='word_1_239' title='bbox 1895 2567 2073 2632; x_wconf 82' lang='lat' dir='ltr'><strong>editio-</strong></span> 
     </span>
     <span class='ocr_line' id='line_1_32' title="bbox 272 2633 2072 2703; baseline -0.006 -11"><span class='ocrx_word' id='word_1_240' title='bbox 272 2656 390 2693; x_wconf 87' lang='lat' dir='ltr'><strong>nem</strong></span> <span class='ocrx_word' id='word_1_241' title='bbox 427 2653 573 2689; x_wconf 88' lang='lat' dir='ltr'><strong>nemo</strong></span> <span class='ocrx_word' id='word_1_242' title='bbox 616 2637 766 2698; x_wconf 80' lang='lat' dir='ltr'><strong>vidit,</strong></span> <span class='ocrx_word' id='word_1_243' title='bbox 814 2651 976 2700; x_wconf 90' lang='lat' dir='ltr'><strong>neque</strong></span> <span class='ocrx_word' id='word_1_244' title='bbox 1011 2635 1162 2686; x_wconf 90' lang='lat' dir='ltr'><strong>hodie</strong></span> <span class='ocrx_word' id='word_1_245' title='bbox 1196 2636 1538 2703; x_wconf 86' lang='lat' dir='ltr'><strong>bibliographi</strong></span> <span class='ocrx_word' id='word_1_246' title='bbox 1571 2636 1723 2686; x_wconf 85' lang='lat' dir='ltr'><strong>aliam</strong></span> <span class='ocrx_word' id='word_1_247' title='bbox 1747 2634 1984 2684; x_wconf 88' lang='lat' dir='ltr'><strong>Virorum</strong></span> <span class='ocrx_word' id='word_1_248' title='bbox 2012 2633 2072 2682; x_wconf 88' lang='lat' dir='ltr'><strong>il-</strong></span> 
     </span>
     <span class='ocr_line' id='line_1_33' title="bbox 272 2701 2073 2761; baseline -0.007 0"><span class='ocrx_word' id='word_1_249' title='bbox 272 2709 506 2761; x_wconf 84' lang='lat' dir='ltr'><strong>lustrium</strong></span> <span class='ocrx_word' id='word_1_250' title='bbox 548 2706 819 2757; x_wconf 77' lang='lat' dir='ltr'><strong>editionem</strong></span> <span class='ocrx_word' id='word_1_251' title='bbox 871 2704 1298 2754; x_wconf 80' lang='lat' dir='ltr'><strong>Mediolanensem</strong></span> <span class='ocrx_word' id='word_1_252' title='bbox 1345 2704 1408 2753; x_wconf 87' lang='lat' dir='ltr'><strong>ab</strong></span> <span class='ocrx_word' id='word_1_253' title='bbox 1456 2705 1607 2756; x_wconf 85' lang='lat' dir='ltr'><strong>Alex.</strong></span> <span class='ocrx_word' id='word_1_254' title='bbox 1658 2702 1934 2752; x_wconf 83' lang='lat' dir='ltr'><strong>Miuutiano</strong></span> <span class='ocrx_word' id='word_1_255' title='bbox 1980 2701 2073 2749; x_wconf 89' lang='lat' dir='ltr'><strong>im·</strong></span> 
     </span>
     <span class='ocr_line' id='line_1_34' title="bbox 272 2770 2075 2846; baseline -0.007 -18"><span class='ocrx_word' id='word_1_256' title='bbox 272 2792 502 2846; x_wconf 78' lang='lat' dir='ltr'><strong>pressam</strong></span> <span class='ocrx_word' id='word_1_257' title='bbox 541 2783 728 2826; x_wconf 86' lang='lat' dir='ltr'><strong>norunt</strong></span> <span class='ocrx_word' id='word_1_258' title='bbox 768 2773 865 2823; x_wconf 86' lang='lat' dir='ltr'><strong>nisi</strong></span> <span class='ocrx_word' id='word_1_259' title='bbox 911 2773 975 2823; x_wconf 90' lang='lat' dir='ltr'><strong>de</strong></span> <span class='ocrx_word' id='word_1_260' title='bbox 1007 2788 1054 2823; x_wconf 85' lang='lat' dir='ltr'><strong>a.</strong></span> <span class='ocrx_word' id='word_1_261' title='bbox 1099 2771 1234 2823; x_wconf 85' lang='lat'>1509</span> <span class='ocrx_word' id='word_1_262' title='bbox 1269 2787 1482 2835; x_wconf 91' lang='lat' dir='ltr'><strong>eamque</strong></span> <span class='ocrx_word' id='word_1_263' title='bbox 1515 2770 1860 2822; x_wconf 75' lang='lat' dir='ltr'><strong>Grammaticis</strong></span> <span class='ocrx_word' id='word_1_264' title='bbox 1900 2781 2075 2817; x_wconf 87' lang='lat' dir='ltr'><strong>caren-</strong></span> 
     </span>
     <span class='ocr_line' id='line_1_35' title="bbox 275 2836 2077 2907; baseline -0.007 -9"><span class='ocrx_word' id='word_1_265' title='bbox 275 2859 390 2898; x_wconf 89' lang='lat' dir='ltr'><strong>tem.</strong></span> <span class='ocrx_word' id='word_1_266' title='bbox 465 2846 698 2897; x_wconf 86' lang='lat' dir='ltr'><strong>Ceterum</strong></span> <span class='ocrx_word' id='word_1_267' title='bbox 739 2840 838 2893; x_wconf 77' lang='lat' dir='ltr'><strong>fuit</strong></span> <span class='ocrx_word' id='word_1_268' title='bbox 868 2842 953 2891; x_wconf 86' lang='lat' dir='ltr'><strong>illa</strong></span> <span class='ocrx_word' id='word_1_269' title='bbox 985 2856 1125 2890; x_wconf 84' lang='lat' dir='ltr'><strong>mera</strong></span> <span class='ocrx_word' id='word_1_270' title='bbox 1156 2841 1386 2907; x_wconf 82' lang='lat' dir='ltr'><strong>repetitio</strong></span> <span class='ocrx_word' id='word_1_271' title='bbox 1428 2840 1742 2891; x_wconf 83' lang='lat' dir='ltr'><strong>Florentiuae</strong></span> <span class='ocrx_word' id='word_1_272' title='bbox 1777 2837 1859 2888; x_wconf 83' lang='lat' dir='ltr'><strong>vel</strong></span> <span class='ocrx_word' id='word_1_273' title='bbox 1893 2836 2077 2888; x_wconf 82' lang='lat' dir='ltr'><strong>similis</strong></span> 
     </span>
     <span class='ocr_line' id='line_1_36' title="bbox 273 2909 1666 2975; baseline -0.003 -9"><span class='ocrx_word' id='word_1_274' title='bbox 273 2914 512 2974; x_wconf 74' lang='lat' dir='ltr'><strong>alicuius,</strong></span> <span class='ocrx_word' id='word_1_275' title='bbox 539 2914 650 2962; x_wconf 87' lang='lat' dir='ltr'><strong>siue</strong></span> <span class='ocrx_word' id='word_1_276' title='bbox 674 2910 791 2960; x_wconf 86' lang='lat' dir='ltr'><strong>ullis</strong></span> <span class='ocrx_word' id='word_1_277' title='bbox 817 2909 1046 2975; x_wconf 70' lang='lat' dir='ltr'><strong>vestigiis</strong></span> <span class='ocrx_word' id='word_1_278' title='bbox 1081 2924 1262 2958; x_wconf 88' lang='lat' dir='ltr'><strong>manus</strong></span> <span class='ocrx_word' id='word_1_279' title='bbox 1300 2909 1666 2963; x_wconf 80' lang='lat' dir='ltr'><strong>emendatricis.</strong></span> 
     </span>
    </p>

    <p class='ocr_par' dir='ltr' id='par_1_6' title="bbox 272 2974 2079 3527">
     <span class='ocr_line' id='line_1_37' title="bbox 343 2974 2076 3041; baseline -0.006 -7"><span class='ocrx_word' id='word_1_280' title='bbox 343 2982 392 3034; x_wconf 81' lang='lat'><strong>3.</strong></span> <span class='ocrx_word' id='word_1_281' title='bbox 436 2981 658 3032; x_wconf 80' lang='lat' dir='ltr'><strong>Achilles</strong></span> <span class='ocrx_word' id='word_1_282' title='bbox 692 2978 883 3029; x_wconf 77' lang='lat' dir='ltr'><strong>Statius</strong></span> <span class='ocrx_word' id='word_1_283' title='bbox 907 2978 1095 3028; x_wconf 84' lang='lat' dir='ltr'><strong>Romae</strong></span> <span class='ocrx_word' id='word_1_284' title='bbox 1127 2993 1171 3027; x_wconf 84' lang='lat' dir='ltr'><strong>a.</strong></span> <span class='ocrx_word' id='word_1_285' title='bbox 1203 2976 1337 3028; x_wconf 83' lang='lat'>1565</span> <span class='ocrx_word' id='word_1_286' title='bbox 1362 2987 1577 3027; x_wconf 87' lang='lat' dir='ltr'><strong>veterem</strong></span> <span class='ocrx_word' id='word_1_287' title='bbox 1608 2976 1864 3041; x_wconf 82' lang='lat' dir='ltr'><strong>quandam</strong></span> <span class='ocrx_word' id='word_1_288' title='bbox 1898 2974 2076 3024; x_wconf 86' lang='lat' dir='ltr'><strong>editio-</strong></span> 
     </span>
     <span class='ocr_line' id='line_1_38' title="bbox 275 3045 2076 3107; baseline -0.006 -6"><span class='ocrx_word' id='word_1_289' title='bbox 275 3066 390 3101; x_wconf 86' lang='lat' dir='ltr'><strong>nem</strong></span> <span class='ocrx_word' id='word_1_290' title='bbox 408 3050 661 3101; x_wconf 85' lang='lat' dir='ltr'><strong>consuluit</strong></span> <span class='ocrx_word' id='word_1_291' title='bbox 683 3061 798 3097; x_wconf 88' lang='lat' dir='ltr'><strong>cum</strong></span> <span class='ocrx_word' id='word_1_292' title='bbox 822 3046 1108 3096; x_wconf 77' lang='lat' dir='ltr'><strong>Florentius.</strong></span> <span class='ocrx_word' id='word_1_293' title='bbox 1137 3046 1324 3107; x_wconf 91' lang='lat' dir='ltr'><strong>ubique</strong></span> <span class='ocrx_word' id='word_1_294' title='bbox 1360 3045 1465 3094; x_wconf 76' lang='lat' dir='ltr'><strong>fere</strong></span> <span class='ocrx_word' id='word_1_295' title='bbox 1501 3045 1912 3102; x_wconf 82' lang='lat' dir='ltr'><strong>consentientem,</strong></span> <span class='ocrx_word' id='word_1_296' title='bbox 1949 3055 2076 3091; x_wconf 90' lang='lat' dir='ltr'><strong>non·</strong></span> 
     </span>
     <span class='ocr_line' id='line_1_39' title="bbox 278 3110 2076 3183; baseline -0.006 -14"><span class='ocrx_word' id='word_1_297' title='bbox 278 3134 551 3183; x_wconf 85' lang='lat' dir='ltr'><strong>numquam</strong></span> <span class='ocrx_word' id='word_1_298' title='bbox 570 3119 796 3165; x_wconf 83' lang='lat' dir='ltr'><strong>Venetae</strong></span> <span class='ocrx_word' id='word_1_299' title='bbox 832 3114 1131 3165; x_wconf 86' lang='lat' dir='ltr'><strong>Bernardini</strong></span> <span class='ocrx_word' id='word_1_300' title='bbox 1170 3112 1508 3175; x_wconf 80' lang='lat' dir='ltr'><strong>accedentem,</strong></span> <span class='ocrx_word' id='word_1_301' title='bbox 1543 3121 1598 3163; x_wconf 91' lang='lat' dir='ltr'><strong>ut</strong></span> <span class='ocrx_word' id='word_1_302' title='bbox 1625 3129 1678 3179; x_wconf 87' lang='lat' dir='ltr'><strong>p.</strong></span> <span class='ocrx_word' id='word_1_303' title='bbox 1703 3110 1823 3172; x_wconf 81' lang='lat'><strong>259,</strong></span> <span class='ocrx_word' id='word_1_304' title='bbox 1852 3112 1920 3161; x_wconf 86' lang='lat'><strong>22</strong></span> <span class='ocrx_word' id='word_1_305' title='bbox 1950 3126 1976 3159; x_wconf 83' lang='lat' dir='ltr'><strong>e</strong></span> <span class='ocrx_word' id='word_1_306' title='bbox 1999 3110 2076 3158; x_wconf 78' lang='lat' dir='ltr'><strong>lu-</strong></span> 
     </span>
     <span class='ocr_line' id='line_1_40' title="bbox 275 3177 2077 3251; baseline -0.007 -14"><span class='ocrx_word' id='word_1_307' title='bbox 275 3189 462 3245; x_wconf 76' lang='lat' dir='ltr'><strong>dendo,·</strong></span> <span class='ocrx_word' id='word_1_308' title='bbox 497 3202 550 3251; x_wconf 89' lang='lat' dir='ltr'><strong>p.</strong></span> <span class='ocrx_word' id='word_1_309' title='bbox 578 3185 700 3246; x_wconf 85' lang='lat'><strong>269,</strong></span> <span class='ocrx_word' id='word_1_310' title='bbox 733 3185 801 3234; x_wconf 85' lang='lat'><strong>28</strong></span> <span class='ocrx_word' id='word_1_311' title='bbox 831 3191 1029 3247; x_wconf 69' lang='lat' dir='ltr'><strong>porat,-</strong></span> <span class='ocrx_word' id='word_1_312' title='bbox 1061 3182 1153 3232; x_wconf 88' lang='lat' dir='ltr'><strong>sed</strong></span> <span class='ocrx_word' id='word_1_313' title='bbox 1181 3182 1317 3231; x_wconf 88' lang='lat' dir='ltr'><strong>baud</strong></span> <span class='ocrx_word' id='word_1_314' title='bbox 1348 3182 1418 3230; x_wconf 87' lang='lat' dir='ltr'><strong>ita</strong></span> <span class='ocrx_word' id='word_1_315' title='bbox 1451 3196 1565 3233; x_wconf 86' lang='lat' dir='ltr'><strong>raro</strong></span> <span class='ocrx_word' id='word_1_316' title='bbox 1603 3195 1734 3230; x_wconf 89' lang='lat' dir='ltr'><strong>nunc</strong></span> <span class='ocrx_word' id='word_1_317' title='bbox 1765 3181 1817 3230; x_wconf 86' lang='lat' dir='ltr'><strong>in</strong></span> <span class='ocrx_word' id='word_1_318' title='bbox 1845 3177 2077 3229; x_wconf 87' lang='lat' dir='ltr'><strong>omitten-</strong></span> 
     </span>
     <span class='ocr_line' id='line_1_41' title="bbox 276 3244 2077 3319; baseline -0.006 -12"><span class='ocrx_word' id='word_1_319' title='bbox 276 3257 355 3307; x_wconf 81' lang='lat' dir='ltr'><strong>dis</strong></span> <span class='ocrx_word' id='word_1_320' title='bbox 390 3254 651 3306; x_wconf 84' lang='lat' dir='ltr'><strong>vocabulis</strong></span> <span class='ocrx_word' id='word_1_321' title='bbox 683 3254 761 3319; x_wconf 80' lang='lat' dir='ltr'><strong>(p.</strong></span> <span class='ocrx_word' id='word_1_322' title='bbox 803 3253 921 3313; x_wconf 86' lang='grc'><strong>261,</strong></span> <span class='ocrx_word' id='word_1_323' title='bbox 958 3251 1022 3300; x_wconf 92' lang='grc'><strong>14</strong></span> <span class='ocrx_word' id='word_1_324' title='bbox 1052 3259 1101 3300; x_wconf 86' lang='lat' dir='ltr'><strong>et</strong></span> <span class='ocrx_word' id='word_1_325' title='bbox 1139 3250 1203 3301; x_wconf 88' lang='grc'><strong>16</strong></span> <span class='ocrx_word' id='word_1_326' title='bbox 1235 3251 1473 3300; x_wconf 83' lang='lat' dir='ltr'><strong>Varrone</strong></span> <span class='ocrx_word' id='word_1_327' title='bbox 1500 3259 1550 3300; x_wconf 88' lang='lat' dir='ltr'><strong>et</strong></span> <span class='ocrx_word' id='word_1_328' title='bbox 1588 3250 1842 3306; x_wconf 66' lang='lat' dir='ltr'><strong>Murcum,-</strong></span> <span class='ocrx_word' id='word_1_329' title='bbox 1868 3263 1921 3313; x_wconf 87' lang='lat' dir='ltr'><strong>p.</strong></span> <span class='ocrx_word' id='word_1_330' title='bbox 1959 3244 2077 3304; x_wconf 77' lang='lat'><strong>264,</strong></span> 
     </span>
     <span class='ocr_line' id='line_1_42' title="bbox 272 3313 2076 3390; baseline -0.007 -14"><span class='ocrx_word' id='word_1_331' title='bbox 272 3328 309 3377; x_wconf 78' lang='lat'>9</span> <span class='ocrx_word' id='word_1_332' title='bbox 337 3341 467 3390; x_wconf 81' lang='lat' dir='ltr'><strong>que;</strong></span> <span class='ocrx_word' id='word_1_333' title='bbox 499 3339 552 3389; x_wconf 86' lang='lat' dir='ltr'><strong>p.</strong></span> <span class='ocrx_word' id='word_1_334' title='bbox 577 3323 700 3384; x_wconf 84' lang='lat'><strong>271,</strong></span> <span class='ocrx_word' id='word_1_335' title='bbox 740 3321 806 3372; x_wconf 82' lang='lat'><strong>19</strong></span> <span class='ocrx_word' id='word_1_336' title='bbox 836 3321 973 3380; x_wconf 85' lang='lat' dir='ltr'><strong>dum)</strong></span> <span class='ocrx_word' id='word_1_337' title='bbox 1008 3331 1140 3367; x_wconf 91' lang='lat' dir='ltr'><strong>nunc</strong></span> <span class='ocrx_word' id='word_1_338' title='bbox 1171 3318 1222 3366; x_wconf 91' lang='lat' dir='ltr'><strong>in</strong></span> <span class='ocrx_word' id='word_1_339' title='bbox 1257 3319 1543 3368; x_wconf 88' lang='lat' dir='ltr'><strong>nominibus</strong></span> <span class='ocrx_word' id='word_1_340' title='bbox 1573 3317 1827 3368; x_wconf 86' lang='lat' dir='ltr'><strong>mutandis</strong></span> <span class='ocrx_word' id='word_1_341' title='bbox 1858 3318 1932 3380; x_wconf 84' lang='lat' dir='ltr'><strong>(p.</strong></span> <span class='ocrx_word' id='word_1_342' title='bbox 1954 3313 2076 3371; x_wconf 82' lang='lat'><strong>258,</strong></span> 
     </span>
     <span class='ocr_line' id='line_1_43' title="bbox 274 3381 2079 3455; baseline -0.009 -10"><span class='ocrx_word' id='word_1_343' title='bbox 274 3394 311 3445; x_wconf 78' lang='grc'>6</span> <span class='ocrx_word' id='word_1_344' title='bbox 346 3396 411 3444; x_wconf 83' lang='lat' dir='ltr'><strong>L.</strong></span> <span class='ocrx_word' id='word_1_345' title='bbox 436 3393 618 3442; x_wconf 73' lang='lat' dir='ltr'><strong>Aelius</strong></span> <span class='ocrx_word' id='word_1_346' title='bbox 633 3408 653 3446; x_wconf 86' lang='lat'><strong>.·</strong></span> <span class='ocrx_word' id='word_1_347' title='bbox 680 3406 730 3455; x_wconf 88' lang='lat' dir='ltr'><strong>p.</strong></span> <span class='ocrx_word' id='word_1_348' title='bbox 754 3388 872 3448; x_wconf 79' lang='lat'><strong>263,</strong></span> <span class='ocrx_word' id='word_1_349' title='bbox 896 3389 960 3440; x_wconf 93' lang='grc'><strong>16</strong></span> <span class='ocrx_word' id='word_1_350' title='bbox 984 3385 1254 3441; x_wconf 70' lang='lat' dir='ltr'><strong>Tubertus.-</strong></span> <span class='ocrx_word' id='word_1_351' title='bbox 1288 3386 1372 3440; x_wconf 88' lang='grc'><strong>21.</strong></span> <span class='ocrx_word' id='word_1_352' title='bbox 1395 3386 1458 3438; x_wconf 86' lang='grc'><strong>31</strong></span> <span class='ocrx_word' id='word_1_353' title='bbox 1482 3387 1679 3437; x_wconf 77' lang='lat' dir='ltr'><strong>Hirtius</strong></span> <span class='ocrx_word' id='word_1_354' title='bbox 1697 3393 1746 3435; x_wconf 86' lang='lat' dir='ltr'><strong>et</strong></span> <span class='ocrx_word' id='word_1_355' title='bbox 1765 3381 1961 3446; x_wconf 74' lang='lat' dir='ltr'><strong>Hirtio)</strong></span> <span class='ocrx_word' id='word_1_356' title='bbox 1984 3393 2079 3431; x_wconf 82' lang='lat' dir='ltr'><strong>suo</strong></span> 
     </span>
     <span class='ocr_line' id='line_1_44' title="bbox 279 3459 1001 3527; baseline -0.01 -14"><span class='ocrx_word' id='word_1_357' title='bbox 279 3475 475 3527; x_wconf 77' lang='lat' dir='ltr'><strong>quoque</strong></span> <span class='ocrx_word' id='word_1_358' title='bbox 505 3459 718 3510; x_wconf 87' lang='lat' dir='ltr'><strong>arbitrio</strong></span> <span class='ocrx_word' id='word_1_359' title='bbox 749 3465 1001 3523; x_wconf 81' lang='lat' dir='ltr'><strong>agentem.</strong></span> 
     </span>
    </p>
   </div>
   <div class='ocr_carea' id='block_1_5' title="bbox 2102 706 2269 799">
    <p class='ocr_par' dir='ltr' id='par_1_7' title="bbox 2102 706 2269 799">
     <span class='ocr_line' id='line_1_45' title="bbox 2102 706 2263 749; baseline -0.012 0"><span class='ocrx_word' id='word_1_360' title='bbox 2102 706 2263 749; x_wconf 71' lang='lat' dir='ltr'><strong>Aldina</strong></span> 
     </span>
     <span class='ocr_line' id='line_1_46' title="bbox 2113 757 2269 799; baseline -0.032 -1"><span class='ocrx_word' id='word_1_361' title='bbox 2113 757 2251 799; x_wconf 84' lang='lat' dir='ltr'><strong>editio</strong></span> <span class='ocrx_word' id='word_1_362' title='bbox 2262 785 2269 793; x_wconf 92' lang='lat'><strong>.</strong></span> 
     </span>
    </p>
   </div>
  </div>
 </body>
</html>
