2553 3960
290 171 415 233 212
460 182 520 231 ο.
554 170 853 231 sum-om
877 180 1133 241 TRANQ.
1161 181 1257 228 DE
1279 181 1448 228 vrrA
1473 179 1840 228 CAESARUM
1864 180 2003 227 ΜΒ.
2027 180 2148 226 vn.

233 361 268 420 ⁷
418 337 569 397 Dein
592 347 875 415 vergente
903 339 1015 397 iam
1036 337 1129 396 die
1153 338 1456 414 ingressus
1486 346 1769 413 senatum,
1796 337 2105 415 positaque
2129 334 2296 396 brevi

288 423 515 483 ratione
542 423 707 500 quasi
727 430 932 500 raptus
959 421 1030 481 de
1058 420 1294 500 publico
1322 430 1380 481 et
1405 422 1710 498 suscipere
1733 422 2036 498 imperium
2065 421 2123 479 vi
2161 437 2295 480 coa-

292 516 418 567 ctus
449 514 840 584 gesturusque
878 506 1165 566 communi
1196 506 1447 567 omnium
1484 504 1758 583 arbitrio,
1799 504 2083 583 Palatium
2130 507 2295 583 petit.

289 591 382 650 Ac
406 609 585 669 super
609 599 839 651 ceteras
862 590 1268 668 gratulantium
1294 589 1757 668 adulantiumque
1780 588 2090 650 blanditias
2115 589 2187 648 ab
2210 591 2294 648 in-

292 677 423 737 fima
448 674 627 753 plebe
652 674 985 754 appellatus
1008 673 1201 752 Nero,
1226 675 1443 735 nullum
1471 673 1742 734 indicium
1764 676 2090 734 recusantis
2115 673 2294 750 dedit,
2316 684 2342 724 ⁵

291 762 501 836 immo,
530 768 592 820 ut
622 759 850 838 quidam
893 757 1279 836 tradiderunt,
1323 760 1493 819 etiam
1527 757 1939 838 diplomatibus
1979 760 2295 837 primisque

293 843 575 924 epistulis,
595 846 717 904 suis
740 844 813 904 ad
837 843 1119 922 quosdam
1145 845 1572 922 provinciarum
1597 843 1899 922 praesides
1921 842 2176 903 Neronis
2196 859 2292 902 co-

291 945 544 1007 gnomen
570 928 801 988 adiecit.
847 926 1022 988 Certe
1048 936 1105 987 et
1128 929 1413 1006 imagines
1429 936 1763 1007 statuasque
1781 930 1906 988 eius
1928 929 2135 1005 reponi
2160 945 2291 1006 pas-

292 1031 393 1073 sus
425 1020 600 1072 estet
632 1021 1049 1091 procuratores
1074 1021 1245 1091 atque
1274 1011 1521 1072 libertos
1554 1012 1624 1072 ad
1659 1011 1862 1072 eadem
1898 1012 2095 1072 officia
2122 1028 2291 1071 revo-

294 1097 467 1173 cavit,
492 1113 603 1156 uec
628 1097 931 1175 quicquam
958 1097 1117 1175 prius
1143 1113 1250 1175 pro
1279 1104 1570 1175 potestate
1585 1094 1932 1175 subscripsit
1946 1113 2115 1174 quam
2129 1097 2293 1175 quin-
2316 1106 2368 1148 10

293 1182 524 1258 genties
549 1182 880 1240 sestertium
907 1179 979 1240 ad
1005 1179 1400 1259 peragendam
1423 1179 1676 1241 Auream
1698 1180 1944 1241 domum.

412 1262 639 1323 Dicitur
671 1282 741 1324 ea
766 1273 939 1325 nocte
963 1282 1071 1344 per
1096 1267 1350 1343 quietem
1373 1265 1715 1343 pavefactus
1737 1266 1988 1342 gemitus
2014 1265 2295 1324 maximos

294 1348 547 1410 edidisse
566 1393 584 1425 ,
616 1357 1003 1428 repertusque
1029 1366 1063 1408 a
1094 1349 1575 1409 concursantibus
1612 1348 1765 1409 humi
1796 1357 1929 1410 ante
1967 1349 2178 1409 lectum
2213 1348 2291 1407 ia-

294 1450 469 1510 cens,
498 1449 607 1511 per
629 1434 819 1494 omnia
844 1433 1203 1512 piaculorum
1224 1451 1448 1512 genera
1470 1433 1674 1494 Manes
1698 1433 1948 1510 Galbae,
1980 1452 2013 1493 a
2053 1450 2168 1512 quo
2195 1431 2292 1491 de·

293 1516 509 1578 turbari
534 1517 873 1597 expellique
904 1537 970 1578 se
991 1517 1248 1596 viderat,
1286 1519 1604 1600 propitiare
1631 1527 1978 1596 temptasse;
2012 1516 2292 1596 postridie
2314 1526 2368 1566 1⁵

293 1619 528 1681 quoque
552 1603 610 1662 in
633 1602 967 1679 augurando
983 1611 1329 1682 tempestate
1346 1610 1474 1663 orta
1495 1603 1754 1679 graviter
1770 1601 2107 1681 prolapsum
2132 1600 2291 1674 iden-

292 1685 467 1746 tidem
493 1685 992 1747 obmurmurasse:

516 1770 601 1831 Τί
622 1761 749 1849 γοέρ
770 1789 885 1849 μοι
908 1763 1021 1832 καὶ
1043 1778 1326 1849 μακροῖς
1347 1761 1578 1842 αὐλοῖς
1598 1793 1616 1846 3

234 1869 273 1926 3
415 1854 533 1913 Sub
568 1854 720 1914 idem
756 1872 899 1915 vero
932 1864 1159 1935 tempus
1200 1854 1624 1916 Germaniciani
1658 1854 1951 1915 exercitus
1994 1856 2051 1913 in
2090 1853 2291 1914 Vitelli

293 1938 475 2000 verba
499 1941 769 2000 iurarant.
848 1937 1016 2014 Quod
1042 1948 1100 1999 ut
1125 1942 1428 2018 comperit,
1456 1948 1661 2000 auctor
1683 1940 1908 2000 senatui
1930 1939 2036 1999 fuit
2064 1939 2289 1999 mitten·
2309 1956 2365 1998 20

295 2022 404 2084 dae
432 2023 766 2100 legationiS,
796 2041 945 2101 quae
970 2024 1212 2084 doceret
1237 2024 1487 2084 electum
1517 2026 1629 2084 iam
1651 2025 2009 2104 principem,
2036 2025 2292 2103 quietem

296 2116 355 2166 et
391 2106 761 2167 concordiam
787 2107 1086 2177 suaderet;
1135 2118 1192 2167 et
1216 2117 1407 2168 tamen
1432 2127 1539 2187 per
1569 2109 1948 2168 internuntios
1973 2127 2045 2169 ac
2068 2109 2290 2168 litteras

297 2200 627 2251 consortem
650 2192 876 2270 imperii
893 2210 1290 2271 generumque
1305 2211 1371 2252 se
1384 2192 1624 2253 Vitellio
1644 2192 1872 2271 optulit.
1903 2193 2123 2254 Verum
2141 2190 2291 2251 haud

294 2273 469 2336 dubio
495 2273 679 2352 bge110,
705 2278 932 2354 iamque
957 2276 1200 2337 ducibus
1224 2286 1282 2336 et
1308 2277 1494 2355 copiis
1519 2295 1663 2356 quas
1675 2276 1948 2336 Vitellius
1974 2275 2286 2356 praemise-

292 2368 382 2419 rat
405 2360 1022 2440 appropinquantibuS,
1048 2362 1290 2422 animum
1316 2361 1603 2440 fidemque
1630 2379 1773 2439 erga
1796 2379 1862 2420 se
1894 2360 2289 2441 praetoriano·
2307 2379 2365 2420 25

292 2462 414 2504 rum
442 2460 631 2523 paene
655 2445 1051 2505 internecione
1079 2444 1416 2524 amplissimi
1442 2445 1662 2505 ordinis
1688 2454 1969 2523 expertus
1991 2454 2100 2505 est.
2160 2442 2290 2504 Pla-

295 2538 496 2589 cuerat
521 2545 629 2607 per
663 2528 996 2590 classiarios
1028 2548 1186 2590 arma
1220 2530 1522 2590 transferri
1551 2530 1879 2608 remittique
1908 2528 2182 2597 navibus;
2220 2545 2291 2588 ea

298 2615 505 2673 cumin
538 2614 745 2673 castris
773 2614 879 2673 sub
904 2623 1135 2674 noctem
1150 2622 1570 2693 promerentur,
1595 2612 1834 2674 insidias
1858 2612 2088 2693 quidam
2102 2612 2289 2691 suspi-

296 2699 407 2759 cati
432 2697 727 2758 tumultum
754 2699 1184 2768 excitaverunt;
1213 2716 1284 2757 ac
1306 2707 1552 2777 repente
1568 2714 1771 2758 omnes
1784 2697 1943 2758 nullo
1959 2706 2125 2758 certo
2141 2696 2289 2756 duce

293 2785 352 2842 in
378 2782 655 2842 Palatium
693 2791 1070 2842 cucurrerunt
1112 2781 1352 2842 caedem
1372 2792 1607 2843 senatus
1631 2782 1984 2860 flagitanteS,
2007 2780 2286 2859 repulsis·
2309 2802 2363 2844 30

294 2884 405 2945 que
432 2866 806 2944 tribunorum,
837 2868 933 2946 qui
955 2865 1216 2926 inhibere
1241 2865 1617 2945 temptabant,
1642 2866 1935 2926 nonnullis
1962 2874 2020 2925 et
2051 2866 2288 2942 occisiS,

295 2952 381 3010 sic
403 2960 463 3011 ut
488 2962 651 3011 erant
682 2953 925 3029 cruenti,
951 2949 1178 3011 ubinam
1207 2952 1524 3029 imperator
1558 2960 1718 3011 esset
1748 2952 2134 3030 requirentes,
2157 2967 2286 3029 per-

294 3044 573 3113 ruperunt
594 3038 651 3096 in
676 3036 985 3096 triclinium
1009 3053 1217 3113 usque,
1243 3053 1356 3094 nec
1378 3038 1488 3095 nisi
1513 3037 1642 3096 viso
1668 3035 2033 3096 destiterunt.

424 3116 873 3197 Expeditionem
897 3130 1086 3180 autem
1108 3121 1341 3199 inpigre
1366 3129 1538 3199 atque
1564 3121 1734 3179 etiam
1768 3136 2170 3199 praepropere
2205 3117 2286 3176 in-

298 3198 550 3277 choavit,
574 3204 730 3264 nulla
749 3222 822 3264 ne
848 3204 1196 3281 religionum
1221 3203 1451 3285 quidem
1475 3222 1632 3281 cura,
1658 3202 1763 3263 sed
1788 3214 1847 3265 et
1857 3203 2029 3265 motis
2043 3201 2288 3264 necdum
2307 3221 2361 3264 as

298 3282 546 3343 conditis
573 3288 879 3367 ancilibus,
906 3288 1095 3370 (quod
1120 3288 1432 3368 antiquitus
1459 3288 1765 3349 infaustum
1787 3286 2064 3365 habetur)
2091 3295 2149 3346 et
2172 3284 2287 3358 die,

300 3383 413 3443 quo
431 3366 687 3428 cultores
702 3371 870 3433 deum
883 3374 1082 3435 Matris
1095 3374 1396 3435 lamentari
1409 3383 1467 3434 et
1484 3373 1766 3454 plangere
1782 3372 2064 3452 incipiunt
2080 3394 2094 3440 ;
2121 3387 2286 3451 prae·

297 3456 459 3508 terea
480 3449 901 3517 adversissimis
927 3460 1221 3539 auspiciis.
1265 3458 1413 3519 Nam
1438 3466 1497 3519 et
1513 3457 1746 3518 victima
1768 3456 1886 3518 Diti
1925 3456 2077 3538 patri
2113 3471 2290 3516 caesa
