2553 3960
682 581 767 663 o,
824 580 1296 665 SUETOM
1343 581 2025 670 TRANQUILLI

376 747 616 849 DE
723 746 1184 848 VITA
1281 733 2315 849 CAESARUM

1095 947 1423 1013 LIBER
1452 947 1581 1012 VI.

1197 1104 1492 1177 mo.

2510 703 2539 726 «Δ

190 1475 196 1480 -
296 1462 327 1515 1
484 1440 577 1501 Ex
618 1449 795 1518 gente
821 1438 1068 1499 Domitia
1107 1437 1253 1499 duae
1285 1439 1536 1502 familiae
1578 1440 1935 1520 claruerunt,
1976 1441 2386 1506 Calvinorums

351 1534 412 1586 et
463 1523 964 1586 Aenobarborum.
1037 1522 1375 1583 Aenobarbi
1427 1534 1725 1586 auctorem
1786 1526 2027 1605 originis
2089 1526 2341 1605 itemque

352 1610 717 1687 cognominis
738 1607 953 1669 habent
977 1606 1039 1667 L.
1068 1606 1406 1685 Domitium,
1439 1610 1528 1669 cui
1551 1628 1686 1670 rure
1714 1609 2001 1690 quondam
2025 1610 2348 1684 revertenti

349 1694 590 1753 iuvenes
621 1693 834 1770 gemini
873 1693 1208 1769 augustiore
1243 1692 1429 1752 forma
1461 1711 1537 1752 ex
1578 1711 1828 1753 occursu
1868 1696 2188 1773 imperasse
2226 1702 2340 1753 tra·

350 1777 583 1853 duntur,
617 1777 904 1835 nuntiaret
935 1775 1159 1836 senatui
1188 1794 1259 1836 ac
1291 1776 1509 1855 populo
1543 1778 1876 1854 victoriam,
1908 1777 1981 1838 de
2013 1794 2123 1856 qua
2154 1778 2339 1837 incer-

349 1870 466 1922 tum
496 1859 680 1921 adbuc
722 1868 875 1930 erat;
930 1868 1102 1938 atque
1131 1860 1189 1917 in
1219 1859 1390 1920 fldem
1430 1861 1744 1921 maiestatis
1787 1861 1934 1922 adeo
1966 1860 2340 1940 permulsisse
2359 1878 2409 1920 10
2500 1879 2539 1926 -ε

347 1944 558 2022 malas,
603 1952 663 2003 ut
692 1961 726 2003 e
758 1944 925 2021 nigro
954 1943 1183 2004 rutilum
1213 1944 1448 2024 aerique
1480 1943 1795 2006 adsimilem
1834 1944 2104 2026 capillum
2135 1943 2340 2006 redde·

348 2037 497 2089 rent.
545 2026 713 2102 Quod
736 2028 962 2104 insigne
990 2029 1197 2087 mansit
1220 2037 1278 2088 et
1308 2029 1369 2087 in
1395 2031 1645 2108 posteris
1676 2031 1799 2090 eius
1817 2075 1834 2107 ‚
1867 2048 1937 2090 ac
1966 2047 2175 2108 magna
2205 2046 2343 2108 pars

349 2111 520 2172 rutila
579 2110 762 2171 barba
809 2110 1056 2171 fuerunt.
1134 2110 1338 2171 Functi
1396 2122 1585 2173 autem
1644 2113 2039 2174 consulatibus
2092 2121 2341 2191 septem,

351 2194 636 2274 triumpho
671 2211 1028 2272 censuraque
1062 2194 1307 2273 duplici,
1338 2205 1395 2256 et
1418 2198 1567 2257 inter
1595 2199 1872 2277 patricios
1898 2197 2110 2258 adlecti
2139 2215 2340 2276 perse-

350 2286 701 2339 veraverunt
732 2294 932 2337 omnes
956 2279 1019 2351 ,in
1051 2277 1259 2338 eodem
1294 2282 1660 2356 cognomine.
1716 2281 1809 2342 Ac
1849 2300 1922 2342 ne
1969 2282 2412 2360 praenominans

351 2362 581 2443 quidem
615 2361 730 2421 ulla
765 2370 1167 2442 praeterquam
1212 2361 1394 2424 Gnaei
1440 2373 1498 2424 et
1537 2363 1679 2425 Luci
1719 2374 2092 2445 usurparunt3
2154 2381 2340 2443 eaque

349 2449 477 2526 ipsa
522 2444 760 2506 notabili
814 2448 1124 2524 varietate,
1174 2447 1348 2507 modo
1405 2451 1803 2509 continuantes
1859 2466 2026 2521 unum
2068 2448 2341 2527 quodque

350 2550 459 2611 per
485 2532 664 2591 trinas
711 2548 1027 2611 personaS,
1085 2529 1256 2591 modo
1304 2530 1655 2593 alternantes
1706 2551 1813 2612 per
1863 2531 2139 2609 singulas.
2194 2530 2342 2591 Nam

351 2616 591 2696 primum
620 2613 1046 2694 secundumque
1080 2632 1149 2675 ac
1188 2616 1418 2676 tertium
1447 2615 1929 2678 Aenobarborum
1957 2614 2199 2693 Lucios,
2249 2633 2340 2675 se-

350 2701 579 2780 quentis
630 2717 829 2758 rursus
873 2707 996 2759 tres
1033 2716 1110 2759 cx
1145 2698 1350 2759 ordine
1390 2699 1622 2761 Gnaeos
1660 2702 2026 2780 accepimus,
2079 2699 2413 2778 reliquosw

350 2783 575 2844 nonnisi
622 2783 878 2842 vicissim
927 2791 1043 2842 tum
1082 2781 1295 2844 Lucios
1339 2792 1456 2843 tum
1498 2783 1748 2846 Gnaeos.
1818 2783 2007 2845 Pluris
2047 2801 2084 2843 e
2125 2782 2343 2843 familia

350 2866 632 2946 cognosci
655 2867 882 2926 referre
914 2866 1192 2945 arbitror,
1224 2884 1340 2945 quo
1368 2867 1594 2928 facilius
1637 2876 1918 2948 appareat
1959 2868 2038 2927 ita
2087 2866 2339 2944 degene-

345 2969 512 3011 rasse
544 2968 576 3011 a
601 2968 833 3012 suorum
855 2950 1158 3011 virtutibus
1183 2951 1378 3027 Nero,
1409 2961 1471 3011 ut
1496 2959 1685 3012 tamen
1708 2952 1842 3011 vitia
1874 2952 2149 3030 cuiusque
2177 2950 2342 3030 quasi

278 3040 315 3092 2
347 3034 552 3096 tradita
586 3044 644 3095 et
679 3035 930 3113 ingenita
961 3034 1242 3095 retulerit.
1303 3035 1384 3096 Ut
1415 3035 1591 3112 igitur
1636 3035 1810 3114 paulo
1854 3035 2024 3096 altius
2055 3043 2339 3113 repetam,
2519 3076 2539 3107 a

348 3124 551 3177 atavus
582 3121 706 3178 eius
753 3117 873 3180 CN.
900 3117 1180 3178 Domitius
1220 3119 1278 3177 in
1310 3117 1593 3180 tribunatu
1626 3118 1994 3198 pontificibus
2039 3117 2339 3194 offensior,
2359 3133 2414 3177 25

350 3199 505 3277 quod
546 3199 718 3261 alium
766 3220 933 3281 quam
976 3220 1042 3261 se
1088 3202 1145 3260 in
1186 3204 1368 3281 patris
1413 3203 1500 3262 sui
1540 3202 1734 3264 locum
1777 3209 2186 3282 cooptassent,
2249 3201 2342 3260 ius

349 3281 716 3342 sacerdotum
744 3284 1241 3363 subrogandorum
1275 3304 1309 3346 a
1351 3285 1620 3365 collegiis
1665 3286 1737 3347 ad
1772 3286 2050 3366 populum
2094 3292 2340 3344 transtu-

348 3363 444 3441 lit,
511 3372 569 3422 at
628 3365 685 3423 in
737 3369 1038 3429 consulatu
1086 3369 1511 3448 Allobrogibus
1570 3369 1970 3449 Arvernisque
2026 3370 2341 3448 superatis,

350 3445 663 3522 elephanto
715 3466 824 3525 per
850 3454 1205 3529 provinciam
1250 3463 1453 3515 vectus
1496 3462 1618 3534 est,
1674 3453 1841 3514 turba
1888 3453 2125 3513 militum
2173 3453 2343 3532 quasi
