2553 3960
250 188 332 251 66
421 202 478 252 e.
509 203 809 254 sumom
841 205 1098 265 TRANQ.
1137 207 1232 253 ms
1260 207 1428 255 vra-A
1461 207 1827 255 CAESARUM
1861 207 2000 253 mu.
2031 204 2108 254 11.

251 364 463 418 tautum
519 358 674 436 quod
724 360 1025 438 pueritiam
1077 377 1357 440 egresso,
1425 362 1659 439 deiude,
1729 371 1791 422 ut
1836 363 1887 421 is
1938 361 2110 438 obiit,
2170 361 2251 421 M.

250 439 554 520 Agrippae
582 450 818 521 nuptum
849 444 1022 521 dedit,
1057 454 1296 505 exorata
1330 462 1558 521 sorore,
1595 454 1656 505 ut
1684 446 1792 504 sibi
1822 462 2046 523 genero
2080 444 2262 504 cede--

251 534 370 594 ret:
416 543 542 585 uam
583 533 720 585 tunc
748 526 1016 608 Agrippa
1060 528 1298 588 alteram
1341 529 1744 589 Marcellarum
1784 529 2037 589 habebat
2077 536 2135 587 et
2176 547 2254 588 ex

251 626 321 669 ea
364 608 604 669 liberos.
652 610 780 670 Hoc
820 628 1051 696 quoque
1096 611 1399 690 defuncto,
1445 613 1637 673 multis
1678 631 1748 673 ac
1790 612 1916 689 diu,
1960 613 2129 672 etiam
2175 630 2255 672 ex

252 695 506 772 equestri
542 693 774 771 ordine,
821 695 1262 775 circumspectis
1296 696 1770 774 condicionibuS,
1813 696 2103 756 Tiberium
2134 698 2250 774 pri·
2272 713 2300 753 5

250 778 486 854 vignum
526 795 687 837 suum
729 778 912 855 elegit
956 780 1267 858 coegitque
1312 789 1730 859 praegnantem
1767 796 2041 858 uxorem,
2085 789 2144 839 et
2176 798 2254 839 ex

252 880 362 941 qua
403 862 514 921 iam
544 870 712 941 pater
742 871 894 941 erat,
940 862 1246 923 dimittere.
1309 864 1386 924 M.
1415 864 1701 924 Antonius
1734 863 1963 941 scribit,
2011 864 2252 942 primum

252 964 381 1006 eum
412 943 664 1005 Antonio
694 946 812 1006 filio
847 965 952 1007 suo
983 946 1368 1026 despondisse
1398 948 1627 1025 Iuliam,
1674 947 1806 1008 dein
1841 946 2104 1008 Cotisoni
2141 946 2250 1008 Ge-

250 1039 434 1091 tarum
477 1030 642 1106 regi,
690 1046 806 1109 quo
850 1039 1115 1110 tempore
1162 1031 1272 1090 sibi
1316 1048 1547 1110 quoque
1577 1034 1635 1091 in
1669 1034 1856 1091 vicem
1888 1030 2062 1091 filiam
2090 1030 2252 1107 regis

250 1114 309 1173 in
340 1114 755 1173 matrimonium
790 1116 1057 1192 petisset.
2272 1129 2328 1171 ιο

168 1209 238 1264 64
372 1197 640 1275 Nepotes
669 1216 746 1257 ex
766 1196 1035 1277 Agrippa
1066 1207 1125 1258 et
1150 1197 1293 1258 Iulia
1320 1208 1442 1259 tres
1473 1199 1670 1260 habuit
1699 1199 1767 1261 C.
1793 1208 1852 1259 et
1871 1197 1935 1258 L.
1954 1206 2014 1257 et
2034 1196 2250 1275 Agrip-

251 1300 415 1363 pam,
454 1290 663 1360 neptes
707 1280 846 1341 duas
891 1282 1091 1342 Iuliam
1137 1292 1197 1342 et
1239 1280 1642 1363 Agrippinam.
1715 1282 1913 1343 Iuliam
1964 1280 2028 1341 L.
2071 1279 2251 1340 Paulo

254 1367 516 1427 censoris
569 1363 724 1444 filio,
778 1365 1162 1445 Agrippinam
1205 1365 1549 1427 Germanico
1603 1368 1824 1428 sororis
1872 1383 2011 1425 suae
2050 1364 2252 1442 nepoti

254 1449 588 1512 collocavit.
653 1448 850 1511 Gaium
881 1460 939 1510 et
965 1450 1029 1510 L.
1061 1450 1387 1529 adoptavit,
1429 1450 1580 1511 domi
1608 1470 1717 1530 per
1744 1466 1934 1511 assem
1963 1456 2023 1508 et
2050 1447 2254 1508 libram

253 1543 480 1613 emptos
522 1551 554 1594 a
600 1543 766 1613 patre
801 1532 1103 1613 Agrippa,
1143 1544 1501 1613 tenerosque
1530 1533 1716 1595 adhuc
1748 1534 1818 1595 ad
1854 1550 2048 1593 curam
2076 1534 2161 1592 rei
2190 1549 2249 1611 p.
2274 1547 2328 1588 ιε

253 1618 504 1680 admovit
548 1626 607 1678 et
641 1618 913 1679 consules
953 1618 1291 1696 designatos
1325 1621 1540 1679 circum
1570 1618 1904 1697 provincias
1934 1617 2252 1677 exercitus·

254 1720 367 1782 que
418 1701 646 1763 dimisit.
707 1702 911 1763 Filiam
955 1711 1015 1763 et
1055 1711 1265 1782 neptes
1291 1704 1371 1764 ita
1401 1703 1670 1781 instituit,
1713 1711 1773 1763 ut
1801 1703 1973 1763 etiam
2001 1700 2252 1760 lanificio

254 1785 678 1862 assuefaceret,
729 1795 1068 1867 vetaretque
1099 1786 1257 1866 loqui
1291 1795 1388 1847 aut
1421 1804 1603 1864 agere
1634 1788 1939 1866 quicquam
1972 1784 2083 1843 nisi
2116 1800 2249 1863 pro-

255 1871 443 1952 palam
493 1877 552 1929 et
600 1869 755 1948 quod
793 1871 851 1930 in
896 1869 1130 1931 diurnos
1176 1872 1617 1931 commentarios
1657 1870 2003 1937 referretur:
2062 1876 2252 1927 extra·

254 1971 491 2015 neorum
534 1953 763 2033 quidem
808 1962 981 2015 coetu
1022 1953 1169 2016 adeo
1216 1954 1543 2035 prohibuit,
1584 1962 1647 2015 ut
1685 1953 1747 2015 L.
1783 1954 2043 2030 Viciuio,
2089 1950 2329 2012 claroso

255 2040 588 2118 decoroque
625 2039 847 2116 iuveni,
892 2040 1196 2118 scripserit
1236 2039 1553 2119 quondam,
1591 2055 1822 2117 parum
1853 2036 2126 2099 modeste
2156 2034 2250 2114 fe·

257 2123 418 2186 cisse
465 2139 631 2199 eum,
684 2122 853 2202 quod
893 2122 1090 2200 filiam
1128 2139 1309 2184 suam
1346 2122 1551 2184 Baias
1586 2122 1925 2184 salutatum
1964 2119 2249 2181 vertisset.

253 2207 520 2285 Nepotes
562 2215 621 2267 et
663 2206 885 2267 litteras
915 2216 975 2266 et
1016 2217 1219 2268 notare
1264 2208 1494 2286 aliaque
1534 2206 1851 2267 rudimenta
1894 2223 2003 2285 per
2030 2222 2096 2265 se
2127 2203 2252 2282 ple-

255 2310 494 2370 rumque
524 2289 720 2351 docuit
750 2308 820 2351 ac
850 2290 988 2351 nihil
1017 2309 1202 2370 aeque
1233 2291 1557 2353 elaboravit
1598 2309 1766 2371 quam
1804 2301 1867 2350 ut
1900 2290 2255 2349 imitarentur

257 2375 705 2454 chirographum
736 2393 926 2445 suum;
959 2393 1149 2454 neque
1181 2378 1446 2436 caenavit
1476 2395 1604 2452 una,
1634 2377 1744 2436 nisi
1767 2383 1833 2434 >ut
1859 2376 1916 2434 iu
1947 2375 2060 2433 imo
2093 2372 2251 2432 lecto
2270 2393 2326 2434 25

257 2457 611 2535 assiderent,
666 2476 857 2538 neque
896 2460 1009 2519 iter
1048 2460 1216 2537 fecit,
1265 2461 1377 2520 uisi
1419 2468 1482 2520 ut
1519 2459 1792 2521 vehiculo
1834 2457 2119 2518 anteirent
2159 2463 2255 2516 aut

171 2545 237 2600 65
259 2544 412 2604 circa
441 2541 860 2622 adequitarent.
912 2543 1030 2604 Sed
1060 2543 1269 2604 laetum
1301 2562 1431 2604 eum
1461 2553 1634 2622 atque
1664 2543 1931 2605 fidentem
1956 2549 2015 2601 et
2046 2538 2252 2601 subole

256 2636 315 2688 et
343 2627 645 2705 disciplina
677 2628 876 2688 domus
898 2628 1152 2689 Fortuna
1182 2628 1455 2688 destituit.
1500 2626 1695 2704 Iulias,
1725 2627 1896 2688 filiam
1919 2634 1979 2685 et
1994 2632 2251 2703 neptem,

254 2711 519 2773 omnibus
561 2711 794 2790 probris
839 2715 1248 2773 contaminatas
1290 2712 1607 2790 relegavit:
1655 2711 1722 2773 C.
1755 2719 1814 2771 et
1840 2709 1902 2770 L.
1947 2709 2005 2768 in
2038 2707 2251 2769 duode-

253 2796 460 2873 viginti
501 2814 761 2856 mensum
804 2798 994 2875 spatio
1038 2797 1225 2856 amisit
1266 2795 1497 2873 ambos,
1543 2794 1686 2856 Gaio
1731 2795 1787 2853 iu
1824 2793 2030 2870 Lycia,
2073 2791 2251 2852 Lucio
2269 2805 2327 2848 so

253 2880 546 2942 Massiliae
594 2879 900 2940 defunctis.
974 2880 1228 2940 Tertium
1279 2889 1555 2959 nepotem
1597 2879 1923 2958 Agrippam
1973 2876 2254 2954 simulque

257 2966 580 3044 privignum
602 2963 893 3024 Tiberium
923 2964 1219 3043 adoptavit
1249 2965 1309 3023 iu
1335 2964 1467 3024 foro
1499 2964 1637 3042 lege
1670 2963 1913 3029 curiata:
1946 2979 2023 3021 ex
2048 2959 2256 3039 quibus

256 3047 579 3126 Agrippam
608 3048 775 3108 brevi
801 3047 878 3109 ob
906 3047 1194 3126 ingenium
1224 3046 1514 3108 sordidum
1546 3065 1614 3108 ac
1642 3047 1814 3107 ferox
1845 3045 2134 3106 abdicavit
2162 3060 2255 3104 se-

259 3131 566 3211 posuitque
597 3133 948 3193 Surrentum.
1339 3172 1343 3181 =

377 3212 689 3292 Aliquanto
728 3224 917 3276 autem
958 3216 1265 3295 patientius
1303 3223 1549 3275 mortem
1591 3232 1758 3294 quam
1799 3213 2091 3275 dedecora
2122 3229 2327 3273 suo-ss

259 3314 383 3356 rum
415 3297 560 3357 tulit.
617 3296 761 3358 Nam
798 3298 864 3362 G.
892 3300 1149 3378 Lucique
1189 3317 1327 3360 casu
1368 3315 1486 3358 non
1527 3297 1675 3359 adeo
1720 3299 1970 3374 fractus,
2019 3295 2092 3356 de
2136 3295 2255 3357 filia

260 3379 475 3440 absens
503 3399 573 3440 ac
601 3379 804 3442 libello
832 3402 941 3462 per
970 3393 1336 3465 quaestorem
1364 3383 1609 3444 recitato
1638 3391 1833 3443 notum
1862 3382 2083 3442 senatui
2113 3379 2258 3441 fecit

261 3464 648 3542 abstinuitque
694 3482 1014 3544 congressu
1055 3468 1342 3528 homiuum
1374 3467 1466 3527 diu
1494 3484 1639 3547 prae
1670 3465 1895 3547 pudore
1915 3512 1933 3544 ,
1977 3466 2146 3526 etiam
2179 3463 2256 3523 de
