2553 3960
1110 233 1454 283 Tmnnms.
2208 224 2290 285 93

271 405 418 468 ergo
448 386 597 449 Gaio
624 397 937 449 revocatus
964 399 1074 467 est,
1112 408 1312 450 verum
1342 389 1447 450 sub
1481 388 1814 450 conditione
1845 409 1921 451 ne
1953 409 2123 472 quam
2155 375 2300 470 par-'

267 481 387 533 tem
423 489 693 533 curamve
722 475 902 553 rei-p.
936 475 1268 552 attingeret.
1405 472 1411 476 ⁴

391 556 587 618 Rediit
615 565 824 617 octavo
856 567 993 636 post
1022 574 1322 619 secessum
1353 574 1523 635 anno,
1546 575 1755 636 magna
1780 577 1891 619 nec
1922 561 2145 621 incerta
2177 579 2283 638 spe
2304 575 2372 630 14

263 640 616 718 futurorum,
649 660 816 721 quam
850 651 908 702 et
938 642 1179 703 ostentis
1214 650 1273 702 et
1301 641 1795 721 praedictionibus
1826 643 1897 704 ab
1930 644 2093 704 initio
2127 654 2281 706 aeta-

212 745 241 788 ι
266 726 343 786 tis
374 733 747 805 conceperat.
827 788 832 792 ,

263 818 276 828 ·’
394 809 726 887 Praegnans
756 811 905 870 enim
932 810 1091 871 Livia
1123 829 1269 887 cum,
1296 829 1366 870 an
1400 828 1614 871 marem
1640 809 1857 872 editura
1890 821 2070 890 esset,
2105 813 2281 874 variis

268 901 531 974 captaret
561 893 876 972 ominibus,
915 913 1085 956 ovum
1119 894 1411 955 incubanti
1451 894 1705 972 gallinae
1748 895 2089 956 subductum
2129 915 2282 957 nunc

266 996 370 1039 sua
402 995 552 1038 nunc
581 978 964 1039 ministrarum
992 996 1159 1039 manu
1188 998 1299 1058 per
1329 981 1495 1039 vices
1526 998 1711 1059 usque
1741 980 1907 1056 fovit,
1940 979 2129 1059 quoad
2158 980 2281 1059 pul·

263 1060 356 1123 lus
394 1063 697 1140 insigniter
743 1065 1011 1124 cristatus
1049 1062 1327 1129 ‚exclusus
1365 1072 1474 1123 est.
1563 1063 1654 1123 Ac
1688 1064 1760 1124 de
1798 1065 2013 1125 infante
2044 1065 2279 1125 Scribo·

191 1162 244 1207 10
265 1148 394 1209 nius
445 1146 879 1207 mathematicus
930 1146 1234 1225 praeclara
1286 1147 1631 1227 spopondit,
1694 1150 1865 1209 etiam
1912 1158 2282 1225 regnaturum

214 1293 219 1296 ,
264 1230 629 1311 quandoque,
664 1230 769 1290 sed
797 1233 920 1292 sine
945 1233 1114 1309 regio
1150 1232 1398 1309 insigni,
1430 1234 1627 1310 ignota
1665 1234 1894 1293 scilicet
1927 1243 2060 1294 tunc
2092 1232 2278 1294 adhuc

265 1313 585 1377 Caesarum
631 1324 944 1394 potestate.
1032 1315 1110 1375 Et
1152 1317 1421 1392 ingresso
1470 1318 1707 1396 primam
1750 1318 2180 1395 expeditionem
2212 1336 2280 1378 ac

260 1418 374 1480 per
400 1397 797 1461 Macedoniam
825 1399 1071 1460 ducente
1106 1400 1424 1460 exercitum
1447 1402 1505 1459 in
1530 1403 1773 1478 Syriam,
1800 1402 2011 1463 accidit
2034 1411 2093 1461 ut
2125 1401 2276 1480 apud

260 1483 567 1563 Philippos
598 1493 861 1544 sacratae
889 1484 1025 1543 olim
1055 1484 1379 1544 victricium
1404 1484 1700 1562 legionum
1719 1504 1855 1545 arae
1887 1496 2097 1565 sponte
2127 1486 2279 1546 subi-

188 1581 242 1626 15
258 1569 338 1629 tis
371 1568 744 1629 conlucerent
778 1568 1038 1646 ignibus;
1087 1576 1146 1627 et
1176 1586 1340 1646 mox,
1393 1587 1518 1628 cum
1548 1568 1840 1644 Illyricum
1875 1580 2083 1648 petens
2115 1571 2274 1630 iuxta

259 1652 559 1714 Patavium
594 1652 810 1712 adisset
833 1652 1120 1728 Geryonis
1151 1652 1470 1729 oraculum,
1504 1662 1663 1712 sorte
1687 1662 1904 1725 tracta,
1940 1672 2051 1732 qua
2083 1672 2275 1713 mone-

260 1736 430 1798 batur
458 1745 519 1796 ut
551 1735 621 1796 de
654 1737 1170 1798 consultationibus
1206 1739 1262 1796 in
1292 1735 1490 1815 Aponi
1521 1737 1740 1797 fontem
1769 1737 1921 1797 talos
1954 1756 2166 1797 aureos
2197 1740 2275 1798 ia-

262 1830 452 1898 ceret,
492 1820 686 1881 evenit
725 1831 787 1882 ut
827 1840 1100 1881 summum
1137 1839 1435 1881 numerum
1468 1822 1602 1881 iacti
1644 1821 1716 1881 ab
1750 1838 1823 1880 eo
1864 1822 2273 1893 ostenderent;

259 1904 554 1986 hodieque
588 1904 692 1964 sub
722 1922 874 1985 aqua
902 1908 1162 1966 visuntur
1195 1904 1254 1965 hi
1289 1905 1407 1965 tali.
1499 1903 1652 1965 Ante
1684 1923 1904 1985 paucos
1936 1925 2077 1966 vero
2111 1925 2276 1986 quarn

188 2009 245 2050 20
264 1999 646 2050 revocaretur
678 1989 801 2050 dies
832 1990 1043 2071 aquila,
1093 2008 1395 2069 numquam
1425 1999 1594 2051 antea
1621 1989 1816 2050 Rhodi
1849 2000 2187 2070 conspecta,
2219 1994 2275 2051 in

263 2073 511 2135 culmine
544 2073 747 2134 domus
781 2077 904 2135 eius
935 2073 1181 2144 assedit;
1227 2082 1286 2133 et
1318 2074 1501 2154 pridie
1534 2093 1701 2154 quam
1730 2075 1803 2135 de
1836 2074 2022 2135 reditu
2055 2077 2275 2135 certior

258 2160 457 2236 fieret,
487 2162 830 2220 vestimenta
864 2160 1099 2219 mutanti
1131 2161 1323 2218 tunica
1355 2158 1563 2219 ardere
1592 2160 1717 2219 visa
1748 2168 1857 2218 est.
1906 2158 2271 2234 Thrasyllum

260 2259 492 2322 quoque
524 2243 1017 2320 mathematicum,
1047 2261 1218 2322 quem
1253 2252 1315 2303 ut
1347 2244 1667 2322 sapientiae
1697 2244 2101 2322 professorem
2135 2262 2271 2304 con-

256 2327 525 2388 tubernio
563 2327 932 2405 admoverat,
974 2337 1090 2387 tum
1117 2328 1363 2388 maxime
1396 2334 1675 2407 expertus
1705 2337 1829 2404 est,
1876 2328 2270 2406 affirmantem,

181 2428 408 2474 unave
451 2413 688 2491 provisa
728 2412 994 2490 gaudium
1038 2411 1261 2482 afferri3
1312 2430 1439 2470 cum
1481 2411 1710 2490 quidem
1744 2411 1937 2489 illum,
1983 2413 2177 2472 durius
2214 2421 2273 2472 et

259 2504 466 2558 contra
509 2496 806 2575 praedicta
850 2495 1187 2557 cadentibus
1229 2494 1438 2571 rebuS,
1488 2504 1547 2555 ut
1580 2495 1789 2556 falsum
1820 2505 1877 2556 et
1910 2506 2274 2557 secretorum

254 2588 480 2642 temere
513 2582 826 2657 conscium,
859 2598 932 2641 eo
964 2582 1095 2659 ipso
1124 2588 1437 2658 momento,
1471 2577 1602 2638 dum
1632 2581 1915 2658 spatiatur
1936 2599 2064 2658 una,
2096 2599 2264 2659 prae-

258 2663 503 2743 cipitare
533 2666 591 2723 in
620 2681 779 2724 mare
808 2663 1173 2724 destinasset.

376 2748 617 2808 Romam
645 2767 948 2826 reversus,
987 2747 1238 2808 deducto
1268 2748 1327 2807 in
1364 2746 1554 2808 forum
1584 2747 1703 2809 filio
1738 2746 1964 2824 Druso,
2011 2746 2200 2804 statim
2230 2764 2262 2805 e
2289 2761 2354 2814 15

182 2840 237 2883 ³⁰
265 2829 489 2893 Carinis
534 2851 606 2892 ac
633 2833 985 2911 Pompeiana
1030 2832 1200 2892 domo
1230 2831 1523 2912 Esquilias
1557 2833 1613 2891 in
1650 2832 1852 2892 hortos
1881 2830 2266 2893 Maecenatia-
2434 2831 2438 2835 ’

255 2934 368 2978 nos
412 2919 839 2996 transmigravit
878 2926 1174 2997 totumque
1218 2934 1285 2975 se
1330 2915 1401 2975 ad
1444 2919 1697 2996 quietem
1726 2916 1996 2994 contulit,
2044 2916 2268 2994 privata

254 3000 433 3062 modo
466 3001 664 3062 officia
696 3001 903 3061 obiens
936 3020 1006 3061 ac
1032 3001 1397 3080 publicorum
1426 3018 1721 3061 munerum
1753 3019 1986 3080 expers.

385 3083 527 3147 Gaio
572 3096 632 3146 et
670 3085 850 3146 Lucio
897 3087 1047 3146 intra
1085 3086 1389 3144 triennium
1444 3084 1765 3163 defunctiS,
1827 3085 2136 3164 adoptatur
2192 3083 2263 3145 ab

255 3168 526 3247 Augusto
574 3169 739 3230 simul
778 3189 907 3231 cum
934 3170 1115 3230 fratre
1145 3186 1346 3228 eorum
1376 3168 1451 3230 M.
1485 3168 1787 3249 Agrippa,
1835 3179 2073 3230 coactus
2106 3171 2265 3249 prius

180 3254 387 3333 ³⁵ipse
419 3252 817 3315 Germanicum
857 3256 1052 3315 fratris
1091 3253 1179 3314 sui
1222 3252 1399 3313 fllium
1442 3253 1740 3332 adoptare.
1805 3253 1933 3315 Nec
1965 3257 2267 3334 quicquam

255 3346 468 3419 postea
511 3356 620 3417 pro
673 3348 839 3418 patre
894 3338 1137 3399 familias
1181 3338 1305 3414 egit
1343 3346 1436 3397 aut
1476 3340 1600 3415 iuS,
1638 3337 1794 3417 quod
1834 3341 2136 3413 amiserat,
2192 3355 2268 3394 ex

255 3421 372 3484 ulla
408 3433 576 3502 parte
607 3425 856 3485 retinuit.
917 3423 1062 3484 Nam
1092 3440 1283 3502 neque
1316 3422 1550 3482 donavit
1582 3440 1773 3502 neque
1800 3423 2152 3493 manumisit,
2188 3436 2262 3475 ne

256 3505 640 3569 hereditatem
684 3508 914 3589 quidem
956 3517 1050 3568 aut
1093 3506 1289 3584 legata
1333 3507 1603 3586 percepit
1641 3505 1759 3568 ulla
1797 3502 1973 3567 aliter
2004 3519 2175 3581 quam
2204 3509 2266 3557 ut
