<?xml version="1.0" encoding="UTF-8"?>
<!DOCTYPE html PUBLIC "-//W3C//DTD XHTML 1.0 Transitional//EN"
    "http://www.w3.org/TR/xhtml1/DTD/xhtml1-transitional.dtd">
<html xmlns="http://www.w3.org/1999/xhtml" xml:lang="en" lang="en">
 <head>
  <title>
</title>
<meta http-equiv="Content-Type" content="text/html;charset=utf-8" />
  <meta name='ocr-system' content='tesseract 3.04.00' />
  <meta name='ocr-capabilities' content='ocr_page ocr_carea ocr_par ocr_line ocrx_word'/>
</head>
<body>
  <div class='ocr_page' id='page_1' title='image "./csuetonitranqui06rothgoog_0423.png"; bbox 0 0 2553 3960; ppageno 0'>
   <div class='ocr_carea' id='block_1_1' title="bbox 570 237 2260 312">
    <p class='ocr_par' dir='ltr' id='par_1_1' title="bbox 570 237 2260 312">
     <span class='ocr_line' id='line_1_1' title="bbox 570 237 2260 312; baseline 0.001 -14"><span class='ocrx_word' id='word_1_1' title='bbox 570 250 1119 301; x_wconf 67' lang='lat' dir='ltr'><strong>annnmromm</strong></span> <span class='ocrx_word' id='word_1_2' title='bbox 1161 252 1521 301; x_wconf 74' lang='lat' dir='ltr'><strong>mmmmm</strong></span> <span class='ocrx_word' id='word_1_3' title='bbox 1561 250 1959 312; x_wconf 68' lang='lat' dir='ltr'><strong>nnmoman.</strong></span> <span class='ocrx_word' id='word_1_4' title='bbox 2146 237 2260 300; x_wconf 80' lang='lat'><strong>3¹1</strong></span> 
     </span>
    </p>
   </div>
   <div class='ocr_carea' id='block_1_2' title="bbox 179 404 2276 2408">
    <p class='ocr_par' dir='ltr' id='par_1_2' title="bbox 268 404 2270 551">
     <span class='ocr_line' id='line_1_2' title="bbox 268 404 2270 487; baseline -0.001 -19"><span class='ocrx_word' id='word_1_5' title='bbox 268 408 429 487; x_wconf 89' lang='lat' dir='ltr'><strong>cipit.</strong></span> <span class='ocrx_word' id='word_1_6' title='bbox 484 406 706 466; x_wconf 80' lang='lat' dir='ltr'><strong>Dicitur</strong></span> <span class='ocrx_word' id='word_1_7' title='bbox 733 415 923 466; x_wconf 87' lang='lat' dir='ltr'><strong>autem</strong></span> <span class='ocrx_word' id='word_1_8' title='bbox 953 404 1251 484; x_wconf 86' lang='lat' dir='ltr'><strong>pulvinus,</strong></span> <span class='ocrx_word' id='word_1_9' title='bbox 1285 405 1506 465; x_wconf 88' lang='lat' dir='ltr'><strong>dicatur</strong></span> <span class='ocrx_word' id='word_1_10' title='bbox 1534 423 1785 470; x_wconf 86' lang='lat' dir='ltr'><strong>necesse</strong></span> <span class='ocrx_word' id='word_1_11' title='bbox 1821 415 1910 466; x_wconf 89' lang='lat' dir='ltr'><strong>est</strong></span> <span class='ocrx_word' id='word_1_12' title='bbox 1940 405 2270 485; x_wconf 78' lang='lat' dir='ltr'><strong>cervicalis,</strong></span> 
     </span>
     <span class='ocr_line' id='line_1_3' title="bbox 268 489 1082 551; baseline -0.007 1"><span class='ocrx_word' id='word_1_13' title='bbox 268 500 329 551; x_wconf 91' lang='lat' dir='ltr'><strong>ut</strong></span> <span class='ocrx_word' id='word_1_14' title='bbox 360 489 705 551; x_wconf 87' lang='lat' dir='ltr'><strong>cubicularis</strong></span> <span class='ocrx_word' id='word_1_15' title='bbox 735 489 1082 550; x_wconf 88' lang='lat' dir='ltr'><strong>tricliniaris.</strong></span> 
     </span>
    </p>

    <p class='ocr_par' dir='ltr' id='par_1_3' title="bbox 271 570 2269 737">
     <span class='ocr_line' id='line_1_4' title="bbox 395 570 2268 653; baseline -0.001 -19"><span class='ocrx_word' id='word_1_16' title='bbox 395 570 722 651; x_wconf 68' lang='lat' dir='ltr'>Pugillares</span> <span class='ocrx_word' id='word_1_17' title='bbox 758 591 828 633; x_wconf 89' lang='lat' dir='ltr'><strong>an</strong></span> <span class='ocrx_word' id='word_1_18' title='bbox 858 571 1191 653; x_wconf 77' lang='lat' dir='ltr'>pugillaria]</span> <span class='ocrx_word' id='word_1_19' title='bbox 1222 570 1353 631; x_wconf 87' lang='lat' dir='ltr'><strong>Nec</strong></span> <span class='ocrx_word' id='word_1_20' title='bbox 1386 573 1695 651; x_wconf 78' lang='lat' dir='ltr'><strong>pugillaria</strong></span> <span class='ocrx_word' id='word_1_21' title='bbox 1737 591 1851 633; x_wconf 90' lang='lat' dir='ltr'><strong>nec</strong></span> <span class='ocrx_word' id='word_1_22' title='bbox 1883 572 2134 653; x_wconf 87' lang='lat' dir='ltr'><strong>pugillar</strong></span> <span class='ocrx_word' id='word_1_23' title='bbox 2157 573 2268 633; x_wconf 95' lang='lat' dir='ltr'><strong>dici</strong></span> 
     </span>
     <span class='ocr_line' id='line_1_5' title="bbox 271 656 2269 737; baseline -0.001 -20"><span class='ocrx_word' id='word_1_24' title='bbox 271 658 528 737; x_wconf 85' lang='lat' dir='ltr'><strong>potest*</strong></span> <span class='ocrx_word' id='word_1_25' title='bbox 560 657 757 733; x_wconf 87' lang='lat' dir='ltr'><strong>aliter,</strong></span> <span class='ocrx_word' id='word_1_26' title='bbox 799 660 930 735; x_wconf 88' lang='lat' dir='ltr'><strong>quia</strong></span> <span class='ocrx_word' id='word_1_27' title='bbox 980 658 1275 734; x_wconf 90' lang='lat' dir='ltr'><strong>proprium</strong></span> <span class='ocrx_word' id='word_1_28' title='bbox 1325 673 1534 718; x_wconf 86' lang='lat' dir='ltr'><strong>nomen</strong></span> <span class='ocrx_word' id='word_1_29' title='bbox 1578 667 1666 717; x_wconf 87' lang='lat' dir='ltr'><strong>est</strong></span> <span class='ocrx_word' id='word_1_30' title='bbox 1697 657 1862 717; x_wconf 88' lang='lat' dir='ltr'><strong>huius</strong></span> <span class='ocrx_word' id='word_1_31' title='bbox 1892 659 1977 716; x_wconf 87' lang='lat' dir='ltr'><strong>rei</strong></span> <span class='ocrx_word' id='word_1_32' title='bbox 2015 656 2269 734; x_wconf 90' lang='lat' dir='ltr'><strong>codices,</strong></span> 
     </span>
    </p>

    <p class='ocr_par' dir='ltr' id='par_1_4' title="bbox 226 739 2272 1070">
     <span class='ocr_line' id='line_1_6' title="bbox 226 739 2269 821; baseline -0.001 -19"><span class='ocrx_word' id='word_1_33' title='bbox 226 741 404 803; x_wconf 77' lang='lat' dir='ltr'><strong>sinde</strong></span> <span class='ocrx_word' id='word_1_34' title='bbox 449 758 557 820; x_wconf 88' lang='lat' dir='ltr'><strong>per</strong></span> <span class='ocrx_word' id='word_1_35' title='bbox 602 740 1027 800; x_wconf 85' lang='lat' dir='ltr'><strong>diminutionem</strong></span> <span class='ocrx_word' id='word_1_36' title='bbox 1069 739 1359 817; x_wconf 80' lang='lat' dir='ltr'><strong>codicilli,</strong></span> <span class='ocrx_word' id='word_1_37' title='bbox 1400 750 1461 800; x_wconf 88' lang='lat' dir='ltr'><strong>nt</strong></span> <span class='ocrx_word' id='word_1_38' title='bbox 1506 749 1643 821; x_wconf 91' lang='lat' dir='ltr'><strong>puta</strong></span> <span class='ocrx_word' id='word_1_39' title='bbox 1690 739 1943 801; x_wconf 80' lang='lat' dir='ltr'><strong>codicilli</strong></span> <span class='ocrx_word' id='word_1_40' title='bbox 1987 740 2269 819; x_wconf 79' lang='lat' dir='ltr'><strong>triplices.</strong></span> 
     </span>
     <span class='ocr_line' id='line_1_7' title="bbox 273 821 2270 904; baseline 0.001 -21"><span class='ocrx_word' id='word_1_41' title='bbox 273 825 386 903; x_wconf 91' lang='lat' dir='ltr'><strong>[sic</strong></span> <span class='ocrx_word' id='word_1_42' title='bbox 431 824 693 885; x_wconf 90' lang='lat' dir='ltr'><strong>dicuntur</strong></span> <span class='ocrx_word' id='word_1_43' title='bbox 740 822 1023 902; x_wconf 88' lang='lat' dir='ltr'><strong>codicilli,</strong></span> <span class='ocrx_word' id='word_1_44' title='bbox 1068 821 1125 881; x_wconf 91' lang='lat' dir='ltr'><strong>id</strong></span> <span class='ocrx_word' id='word_1_45' title='bbox 1174 831 1264 882; x_wconf 89' lang='lat' dir='ltr'><strong>est</strong></span> <span class='ocrx_word' id='word_1_46' title='bbox 1300 824 1432 902; x_wconf 88' lang='lat' dir='ltr'><strong>quia</strong></span> <span class='ocrx_word' id='word_1_47' title='bbox 1461 833 1573 884; x_wconf 87' lang='lat' dir='ltr'><strong>tam</strong></span> <span class='ocrx_word' id='word_1_48' title='bbox 1606 826 1769 904; x_wconf 87' lang='lat' dir='ltr'><strong>parvi</strong></span> <span class='ocrx_word' id='word_1_49' title='bbox 1803 832 1931 883; x_wconf 89' lang='lat' dir='ltr'><strong>sunt</strong></span> <span class='ocrx_word' id='word_1_50' title='bbox 1958 832 2018 883; x_wconf 92' lang='lat' dir='ltr'><strong>ut</strong></span> <span class='ocrx_word' id='word_1_51' title='bbox 2047 824 2270 902; x_wconf 81' lang='lat' dir='ltr'><strong>pugillo</strong></span> 
     </span>
     <span class='ocr_line' id='line_1_8' title="bbox 270 905 2272 988; baseline -0 -21"><span class='ocrx_word' id='word_1_52' title='bbox 270 910 456 967; x_wconf 87' lang='lat' dir='ltr'><strong>teneri</strong></span> <span class='ocrx_word' id='word_1_53' title='bbox 488 907 732 986; x_wconf 83' lang='lat' dir='ltr'><strong>possint.</strong></span> <span class='ocrx_word' id='word_1_54' title='bbox 800 906 1008 967; x_wconf 88' lang='lat' dir='ltr'><strong>Cicero</strong></span> <span class='ocrx_word' id='word_1_55' title='bbox 1043 923 1278 985; x_wconf 90' lang='lat' dir='ltr'><strong>quoque</strong></span> <span class='ocrx_word' id='word_1_56' title='bbox 1320 905 1558 968; x_wconf 83' lang='lat' dir='ltr'><strong>libellos</strong></span> <span class='ocrx_word' id='word_1_57' title='bbox 1597 925 1744 987; x_wconf 89' lang='lat' dir='ltr'><strong>qnos</strong></span> <span class='ocrx_word' id='word_1_58' title='bbox 1773 907 1972 988; x_wconf 90' lang='lat' dir='ltr'><strong>plures</strong></span> <span class='ocrx_word' id='word_1_59' title='bbox 2012 909 2069 967; x_wconf 91' lang='lat' dir='ltr'><strong>in</strong></span> <span class='ocrx_word' id='word_1_60' title='bbox 2106 925 2272 968; x_wconf 90' lang='lat' dir='ltr'><strong>manu</strong></span> 
     </span>
     <span class='ocr_line' id='line_1_9' title="bbox 272 989 1193 1070; baseline -0.002 -20"><span class='ocrx_word' id='word_1_61' title='bbox 272 990 523 1051; x_wconf 87' lang='lat' dir='ltr'><strong>habebat</strong></span> <span class='ocrx_word' id='word_1_62' title='bbox 552 989 803 1051; x_wconf 86' lang='lat' dir='ltr'><strong>vocabat</strong></span> <span class='ocrx_word' id='word_1_63' title='bbox 828 990 1193 1070; x_wconf 88' lang='lat' dir='ltr'><strong>pugillares.]</strong></span> 
     </span>
    </p>

    <p class='ocr_par' dir='ltr' id='par_1_5' title="bbox 201 1073 2272 1238">
     <span class='ocr_line' id='line_1_10' title="bbox 393 1073 2272 1152; baseline -0.001 -18"><span class='ocrx_word' id='word_1_64' title='bbox 393 1074 548 1135; x_wconf 88' lang='lat' dir='ltr'><strong>Inter</strong></span> <span class='ocrx_word' id='word_1_65' title='bbox 572 1075 749 1135; x_wconf 88' lang='lat' dir='ltr'><strong>decus</strong></span> <span class='ocrx_word' id='word_1_66' title='bbox 773 1085 830 1135; x_wconf 90' lang='lat' dir='ltr'><strong>et</strong></span> <span class='ocrx_word' id='word_1_67' title='bbox 853 1073 1055 1152; x_wconf 87' lang='lat' dir='ltr'><strong>decor]</strong></span> <span class='ocrx_word' id='word_1_68' title='bbox 1082 1074 1261 1133; x_wconf 89' lang='lat' dir='ltr'><strong>decus</strong></span> <span class='ocrx_word' id='word_1_69' title='bbox 1286 1083 1376 1134; x_wconf 85' lang='lat' dir='ltr'><strong>est</strong></span> <span class='ocrx_word' id='word_1_70' title='bbox 1397 1074 1608 1151; x_wconf 88' lang='lat' dir='ltr'><strong>gloria,</strong></span> <span class='ocrx_word' id='word_1_71' title='bbox 1623 1073 1803 1135; x_wconf 87' lang='lat' dir='ltr'><strong>decor</strong></span> <span class='ocrx_word' id='word_1_72' title='bbox 1816 1074 2019 1135; x_wconf 83' lang='lat' dir='ltr'><strong>forma.</strong></span> <span class='ocrx_word' id='word_1_73' title='bbox 2048 1075 2272 1136; x_wconf 87' lang='lat' dir='ltr'><strong>Utrum·</strong></span> 
     </span>
     <span class='ocr_line' id='line_1_11' title="bbox 201 1156 2272 1238; baseline 0 -20"><span class='ocrx_word' id='word_1_74' title='bbox 201 1170 256 1213; x_wconf 71' lang='grc' dir='ltr'><strong>ιο</strong></span> <span class='ocrx_word' id='word_1_75' title='bbox 274 1175 389 1236; x_wconf 85' lang='lat' dir='ltr'><strong>qne</strong></span> <span class='ocrx_word' id='word_1_76' title='bbox 429 1159 687 1236; x_wconf 85' lang='lat' dir='ltr'><strong>genitivo</strong></span> <span class='ocrx_word' id='word_1_77' title='bbox 737 1175 874 1218; x_wconf 87' lang='lat' dir='ltr'><strong>casu</strong></span> <span class='ocrx_word' id='word_1_78' title='bbox 920 1156 1296 1235; x_wconf 85' lang='lat' dir='ltr'><strong>discernitur,</strong></span> <span class='ocrx_word' id='word_1_79' title='bbox 1337 1175 1466 1217; x_wconf 88' lang='lat' dir='ltr'><strong>nam</strong></span> <span class='ocrx_word' id='word_1_80' title='bbox 1509 1157 1663 1238; x_wconf 92' lang='lat' dir='ltr'><strong>quod</strong></span> <span class='ocrx_word' id='word_1_81' title='bbox 1705 1160 1927 1219; x_wconf 86' lang='lat' dir='ltr'><strong>virtutis</strong></span> <span class='ocrx_word' id='word_1_82' title='bbox 1956 1159 2135 1219; x_wconf 91' lang='lat' dir='ltr'><strong>decus</strong></span> <span class='ocrx_word' id='word_1_83' title='bbox 2166 1168 2272 1237; x_wconf 87' lang='lat' dir='ltr'><strong>est,</strong></span> 
     </span>
    </p>

    <p class='ocr_par' dir='ltr' id='par_1_6' title="bbox 275 1241 2271 1386">
     <span class='ocr_line' id='line_1_12' title="bbox 275 1241 2271 1323; baseline 0.001 -22"><span class='ocrx_word' id='word_1_84' title='bbox 275 1244 617 1322; x_wconf 90' lang='lat' dir='ltr'><strong>corripimus</strong></span> <span class='ocrx_word' id='word_1_85' title='bbox 648 1260 682 1303; x_wconf 98' lang='lat' dir='ltr'><strong>o</strong></span> <span class='ocrx_word' id='word_1_86' title='bbox 714 1250 771 1301; x_wconf 86' lang='lat' dir='ltr'><strong>et</strong></span> <span class='ocrx_word' id='word_1_87' title='bbox 801 1241 1040 1302; x_wconf 87' lang='lat' dir='ltr'><strong>dicimus</strong></span> <span class='ocrx_word' id='word_1_88' title='bbox 1067 1241 1248 1302; x_wconf 89' lang='lat' dir='ltr'><strong>decus</strong></span> <span class='ocrx_word' id='word_1_89' title='bbox 1280 1241 1536 1319; x_wconf 72' lang='lat' dir='ltr'><strong>decoris,</strong></span> <span class='ocrx_word' id='word_1_90' title='bbox 1587 1242 1739 1320; x_wconf 88' lang='lat' dir='ltr'><strong>quod</strong></span> <span class='ocrx_word' id='word_1_91' title='bbox 1781 1242 2023 1321; x_wconf 83' lang='lat' dir='ltr'><strong>formae,</strong></span> <span class='ocrx_word' id='word_1_92' title='bbox 2060 1242 2271 1323; x_wconf 91' lang='lat' dir='ltr'><strong>produ-</strong></span> 
     </span>
     <span class='ocr_line' id='line_1_13' title="bbox 277 1325 1296 1386; baseline -0.003 -1"><span class='ocrx_word' id='word_1_93' title='bbox 277 1328 453 1385; x_wconf 88' lang='lat' dir='ltr'><strong>cimus</strong></span> <span class='ocrx_word' id='word_1_94' title='bbox 485 1336 541 1386; x_wconf 90' lang='lat' dir='ltr'><strong>et</strong></span> <span class='ocrx_word' id='word_1_95' title='bbox 572 1325 809 1385; x_wconf 87' lang='lat' dir='ltr'><strong>dicimus</strong></span> <span class='ocrx_word' id='word_1_96' title='bbox 833 1325 1014 1385; x_wconf 86' lang='lat' dir='ltr'><strong>decor</strong></span> <span class='ocrx_word' id='word_1_97' title='bbox 1043 1326 1296 1386; x_wconf 74' lang='lat' dir='ltr'><strong>decoris.</strong></span> 
     </span>
    </p>

    <p class='ocr_par' dir='ltr' id='par_1_7' title="bbox 276 1408 2271 1573">
     <span class='ocr_line' id='line_1_14' title="bbox 399 1408 2270 1488; baseline 0.001 -20"><span class='ocrx_word' id='word_1_98' title='bbox 399 1410 554 1468; x_wconf 84' lang='lat' dir='ltr'><strong>Inter</strong></span> <span class='ocrx_word' id='word_1_99' title='bbox 590 1408 724 1467; x_wconf 91' lang='lat' dir='ltr'><strong>mihi</strong></span> <span class='ocrx_word' id='word_1_100' title='bbox 769 1417 826 1468; x_wconf 88' lang='lat' dir='ltr'><strong>et</strong></span> <span class='ocrx_word' id='word_1_101' title='bbox 868 1409 979 1487; x_wconf 90' lang='lat' dir='ltr'><strong>mi]</strong></span> <span class='ocrx_word' id='word_1_102' title='bbox 1032 1418 1336 1487; x_wconf 86' lang='lat' dir='ltr'><strong>utrumque</strong></span> <span class='ocrx_word' id='word_1_103' title='bbox 1379 1424 1699 1487; x_wconf 87' lang='lat' dir='ltr'><strong>pronomen</strong></span> <span class='ocrx_word' id='word_1_104' title='bbox 1733 1418 1850 1488; x_wconf 82' lang='lat' dir='ltr'><strong>cst,</strong></span> <span class='ocrx_word' id='word_1_105' title='bbox 1894 1410 1998 1471; x_wconf 86' lang='lat' dir='ltr'><strong>sed</strong></span> <span class='ocrx_word' id='word_1_106' title='bbox 2030 1409 2270 1472; x_wconf 86' lang='lat' dir='ltr'><strong>alterum</strong></span> 
     </span>
     <span class='ocr_line' id='line_1_15' title="bbox 276 1491 2271 1573; baseline 0.001 -21"><span class='ocrx_word' id='word_1_107' title='bbox 276 1492 597 1552; x_wconf 85' lang='lat' dir='ltr'><strong>invocantis</strong></span> <span class='ocrx_word' id='word_1_108' title='bbox 639 1491 880 1551; x_wconf 89' lang='lat' dir='ltr'><strong>alterum</strong></span> <span class='ocrx_word' id='word_1_109' title='bbox 923 1494 1248 1571; x_wconf 87' lang='lat' dir='ltr'><strong>poscentis;</strong></span> <span class='ocrx_word' id='word_1_110' title='bbox 1283 1491 1522 1550; x_wconf 89' lang='lat' dir='ltr'><strong>dicimus</strong></span> <span class='ocrx_word' id='word_1_111' title='bbox 1549 1494 1697 1551; x_wconf 91' lang='lat' dir='ltr'><strong>enim</strong></span> <span class='ocrx_word' id='word_1_112' title='bbox 1731 1510 1766 1553; x_wconf 92' lang='lat' dir='ltr'><strong>o</strong></span> <span class='ocrx_word' id='word_1_113' title='bbox 1800 1495 1873 1553; x_wconf 92' lang='lat' dir='ltr'><strong>mi</strong></span> <span class='ocrx_word' id='word_1_114' title='bbox 1910 1502 2107 1573; x_wconf 88' lang='lat' dir='ltr'><strong>pater,</strong></span> <span class='ocrx_word' id='word_1_115' title='bbox 2145 1512 2271 1554; x_wconf 90' lang='lat' dir='ltr'><strong>cum</strong></span> 
     </span>
    </p>

    <p class='ocr_par' dir='ltr' id='par_1_8' title="bbox 209 1573 1823 1653">
     <span class='ocr_line' id='line_1_16' title="bbox 209 1573 1823 1653; baseline -0.001 -17"><span class='ocrx_word' id='word_1_116' title='bbox 209 1594 259 1636; x_wconf 66' lang='grc' dir='ltr'><strong>ιε</strong></span> <span class='ocrx_word' id='word_1_117' title='bbox 278 1578 649 1651; x_wconf 81' lang='lat' dir='ltr'><strong>invocamus,</strong></span> <span class='ocrx_word' id='word_1_118' title='bbox 696 1583 754 1634; x_wconf 87' lang='lat' dir='ltr'><strong>et</strong></span> <span class='ocrx_word' id='word_1_119' title='bbox 788 1573 1028 1635; x_wconf 90' lang='lat' dir='ltr'><strong>dicimus</strong></span> <span class='ocrx_word' id='word_1_120' title='bbox 1061 1573 1130 1633; x_wconf 91' lang='lat' dir='ltr'><strong>da</strong></span> <span class='ocrx_word' id='word_1_121' title='bbox 1159 1574 1324 1652; x_wconf 92' lang='lat' dir='ltr'><strong>mihi,</strong></span> <span class='ocrx_word' id='word_1_122' title='bbox 1357 1591 1484 1634; x_wconf 88' lang='lat' dir='ltr'><strong>cnm</strong></span> <span class='ocrx_word' id='word_1_123' title='bbox 1511 1575 1823 1653; x_wconf 88' lang='lat' dir='ltr'><strong>poscimus.</strong></span> 
     </span>
    </p>

    <p class='ocr_par' dir='ltr' id='par_1_9' title="bbox 277 1658 2273 1904">
     <span class='ocr_line' id='line_1_17' title="bbox 400 1658 2269 1742; baseline 0.001 -23"><span class='ocrx_word' id='word_1_124' title='bbox 400 1659 558 1742; x_wconf 82' lang='lat' dir='ltr'><strong>Inter</strong></span> <span class='ocrx_word' id='word_1_125' title='bbox 598 1658 694 1718; x_wconf 90' lang='lat' dir='ltr'><strong>hic</strong></span> <span class='ocrx_word' id='word_1_126' title='bbox 729 1661 894 1737; x_wconf 89' lang='lat' dir='ltr'><strong>panis</strong></span> <span class='ocrx_word' id='word_1_127' title='bbox 937 1667 993 1718; x_wconf 87' lang='lat' dir='ltr'><strong>et</strong></span> <span class='ocrx_word' id='word_1_128' title='bbox 1020 1658 1137 1718; x_wconf 90' lang='lat' dir='ltr'><strong>hoc</strong></span> <span class='ocrx_word' id='word_1_129' title='bbox 1170 1659 1346 1737; x_wconf 86' lang='lat' dir='ltr'><strong>pane]</strong></span> <span class='ocrx_word' id='word_1_130' title='bbox 1386 1658 1481 1717; x_wconf 90' lang='lat' dir='ltr'><strong>hic</strong></span> <span class='ocrx_word' id='word_1_131' title='bbox 1520 1660 1713 1736; x_wconf 89' lang='lat' dir='ltr'><strong>panis,</strong></span> <span class='ocrx_word' id='word_1_132' title='bbox 1756 1661 1852 1739; x_wconf 90' lang='lat' dir='ltr'><strong>qui</strong></span> <span class='ocrx_word' id='word_1_133' title='bbox 1884 1661 2112 1738; x_wconf 86' lang='lat' dir='ltr'><strong>integer</strong></span> <span class='ocrx_word' id='word_1_134' title='bbox 2150 1670 2269 1721; x_wconf 87' lang='lat' dir='ltr'><strong>est:</strong></span> 
     </span>
     <span class='ocr_line' id='line_1_18' title="bbox 277 1741 2273 1825; baseline 0 -22"><span class='ocrx_word' id='word_1_135' title='bbox 277 1743 392 1803; x_wconf 88' lang='lat' dir='ltr'><strong>hoc</strong></span> <span class='ocrx_word' id='word_1_136' title='bbox 432 1760 603 1821; x_wconf 88' lang='lat' dir='ltr'><strong>pane,</strong></span> <span class='ocrx_word' id='word_1_137' title='bbox 648 1760 775 1801; x_wconf 79' lang='lat' dir='ltr'><strong>cum</strong></span> <span class='ocrx_word' id='word_1_138' title='bbox 804 1741 1024 1802; x_wconf 85' lang='lat' dir='ltr'><strong>fractus</strong></span> <span class='ocrx_word' id='word_1_139' title='bbox 1058 1750 1178 1819; x_wconf 84' lang='lat' dir='ltr'><strong>est,</strong></span> <span class='ocrx_word' id='word_1_140' title='bbox 1209 1742 1485 1818; x_wconf 76' lang='lat' dir='ltr'><strong>dicimuS,</strong></span> <span class='ocrx_word' id='word_1_141' title='bbox 1518 1760 1591 1801; x_wconf 84' lang='lat' dir='ltr'><strong>ex</strong></span> <span class='ocrx_word' id='word_1_142' title='bbox 1621 1761 1732 1802; x_wconf 93' lang='lat' dir='ltr'><strong>uno</strong></span> <span class='ocrx_word' id='word_1_143' title='bbox 1765 1761 1914 1823; x_wconf 88' lang='lat' dir='ltr'><strong>pane</strong></span> <span class='ocrx_word' id='word_1_144' title='bbox 1948 1761 2071 1804; x_wconf 92' lang='lat' dir='ltr'><strong>cum</strong></span> <span class='ocrx_word' id='word_1_145' title='bbox 2108 1744 2273 1825; x_wconf 89' lang='lat' dir='ltr'><strong>plura</strong></span> 
     </span>
     <span class='ocr_line' id='line_1_19' title="bbox 277 1824 1628 1904; baseline -0.003 -17"><span class='ocrx_word' id='word_1_146' title='bbox 277 1827 460 1887; x_wconf 82' lang='lat' dir='ltr'><strong>frusta</strong></span> <span class='ocrx_word' id='word_1_147' title='bbox 490 1827 645 1886; x_wconf 83' lang='lat' dir='ltr'><strong>facta</strong></span> <span class='ocrx_word' id='word_1_148' title='bbox 670 1834 802 1887; x_wconf 87' lang='lat' dir='ltr'><strong>sunt</strong></span> <span class='ocrx_word' id='word_1_149' title='bbox 834 1869 849 1884; x_wconf 90' lang='lat'><strong>.</strong></span> <span class='ocrx_word' id='word_1_150' title='bbox 879 1825 936 1885; x_wconf 88' lang='lat' dir='ltr'><strong>hi</strong></span> <span class='ocrx_word' id='word_1_151' title='bbox 968 1843 1147 1904; x_wconf 86' lang='lat' dir='ltr'><strong>panes</strong></span> <span class='ocrx_word' id='word_1_152' title='bbox 1177 1824 1284 1885; x_wconf 88' lang='lat' dir='ltr'><strong>sed</strong></span> <span class='ocrx_word' id='word_1_153' title='bbox 1313 1825 1429 1884; x_wconf 91' lang='lat' dir='ltr'><strong>hoc</strong></span> <span class='ocrx_word' id='word_1_154' title='bbox 1458 1841 1628 1904; x_wconf 87' lang='lat' dir='ltr'><strong>pane.</strong></span> 
     </span>
    </p>

    <p class='ocr_par' dir='ltr' id='par_1_10' title="bbox 179 1907 2276 2408">
     <span class='ocr_line' id='line_1_20' title="bbox 402 1907 2276 1991; baseline 0 -20"><span class='ocrx_word' id='word_1_155' title='bbox 402 1910 652 1971; x_wconf 87' lang='lat' dir='ltr'><strong>Plurium</strong></span> <span class='ocrx_word' id='word_1_156' title='bbox 675 1927 747 1969; x_wconf 93' lang='lat' dir='ltr'><strong>an</strong></span> <span class='ocrx_word' id='word_1_157' title='bbox 770 1909 1018 1989; x_wconf 83' lang='lat' dir='ltr'><strong>plurum]</strong></span> <span class='ocrx_word' id='word_1_158' title='bbox 1049 1907 1225 1969; x_wconf 87' lang='lat' dir='ltr'><strong>Aiunt</strong></span> <span class='ocrx_word' id='word_1_159' title='bbox 1248 1907 1473 1988; x_wconf 89' lang='lat' dir='ltr'><strong>quidam</strong></span> <span class='ocrx_word' id='word_1_160' title='bbox 1498 1908 1719 1989; x_wconf 91' lang='lat' dir='ltr'><strong>plurum</strong></span> <span class='ocrx_word' id='word_1_161' title='bbox 1745 1910 1962 1971; x_wconf 89' lang='lat' dir='ltr'><strong>debere</strong></span> <span class='ocrx_word' id='word_1_162' title='bbox 1988 1910 2119 1990; x_wconf 90' lang='lat' dir='ltr'><strong>dici,</strong></span> <span class='ocrx_word' id='word_1_163' title='bbox 2145 1911 2276 1991; x_wconf 80' lang='lat' dir='ltr'><strong>quia</strong></span> 
     </span>
     <span class='ocr_line' id='line_1_21' title="bbox 208 1992 2273 2076; baseline 0.002 -24"><span class='ocrx_word' id='word_1_164' title='bbox 208 2010 261 2052; x_wconf 65' lang='grc' dir='ltr'><strong>πο</strong></span> <span class='ocrx_word' id='word_1_165' title='bbox 283 2011 400 2054; x_wconf 86' lang='lat' dir='ltr'><strong>non</strong></span> <span class='ocrx_word' id='word_1_166' title='bbox 430 1994 671 2055; x_wconf 84' lang='lat' dir='ltr'><strong>dicimus</strong></span> <span class='ocrx_word' id='word_1_167' title='bbox 696 1994 1016 2054; x_wconf 89' lang='lat' dir='ltr'><strong>meliorium</strong></span> <span class='ocrx_word' id='word_1_168' title='bbox 1050 2010 1163 2054; x_wconf 86' lang='lat' dir='ltr'><strong>nec</strong></span> <span class='ocrx_word' id='word_1_169' title='bbox 1198 1992 1571 2070; x_wconf 90' lang='lat' dir='ltr'><strong>doctiorium‚</strong></span> <span class='ocrx_word' id='word_1_170' title='bbox 1613 1996 1688 2054; x_wconf 91' lang='lat' dir='ltr'><strong>ita</strong></span> <span class='ocrx_word' id='word_1_171' title='bbox 1731 2012 1842 2056; x_wconf 84' lang='lat' dir='ltr'><strong>nec</strong></span> <span class='ocrx_word' id='word_1_172' title='bbox 1891 1995 2135 2076; x_wconf 88' lang='lat' dir='ltr'><strong>plurium</strong></span> <span class='ocrx_word' id='word_1_173' title='bbox 2178 1997 2273 2056; x_wconf 89' lang='lat' dir='ltr'><strong>de·</strong></span> 
     </span>
     <span class='ocr_line' id='line_1_22' title="bbox 179 2077 2275 2157; baseline 0 -17"><span class='ocrx_word' id='word_1_174' title='bbox 179 2122 192 2131; x_wconf 76' lang='lat'><strong>,</strong></span> <span class='ocrx_word' id='word_1_175' title='bbox 280 2080 423 2140; x_wconf 85' lang='lat' dir='ltr'><strong>bere</strong></span> <span class='ocrx_word' id='word_1_176' title='bbox 456 2078 589 2139; x_wconf 90' lang='lat' dir='ltr'><strong>dici.</strong></span> <span class='ocrx_word' id='word_1_177' title='bbox 647 2078 765 2138; x_wconf 90' lang='lat' dir='ltr'><strong>Sed</strong></span> <span class='ocrx_word' id='word_1_178' title='bbox 806 2077 903 2138; x_wconf 88' lang='lat' dir='ltr'><strong>alii</strong></span> <span class='ocrx_word' id='word_1_179' title='bbox 949 2079 1138 2153; x_wconf 90' lang='lat' dir='ltr'><strong>aiunt,</strong></span> <span class='ocrx_word' id='word_1_180' title='bbox 1188 2094 1581 2156; x_wconf 86' lang='lat' dir='ltr'><strong>quaecumque</strong></span> <span class='ocrx_word' id='word_1_181' title='bbox 1612 2077 1820 2157; x_wconf 81' lang='lat' dir='ltr'><strong>plurali</strong></span> <span class='ocrx_word' id='word_1_182' title='bbox 1853 2081 2188 2140; x_wconf 78' lang='lat' dir='ltr'><strong>accusativo</strong></span> <span class='ocrx_word' id='word_1_183' title='bbox 2218 2080 2275 2140; x_wconf 88' lang='lat' dir='ltr'><strong>in</strong></span> 
     </span>
     <span class='ocr_line' id='line_1_23' title="bbox 279 2160 2273 2241; baseline 0.001 -20"><span class='ocrx_word' id='word_1_184' title='bbox 279 2163 297 2221; x_wconf 91' lang='lat' dir='ltr'><strong>i</strong></span> <span class='ocrx_word' id='word_1_185' title='bbox 331 2171 388 2221; x_wconf 83' lang='lat' dir='ltr'><strong>et</strong></span> <span class='ocrx_word' id='word_1_186' title='bbox 442 2181 470 2222; x_wconf 92' lang='lat' dir='ltr'><strong>s</strong></span> <span class='ocrx_word' id='word_1_187' title='bbox 499 2164 735 2223; x_wconf 86' lang='lat' dir='ltr'><strong>veniunt</strong></span> <span class='ocrx_word' id='word_1_188' title='bbox 776 2170 834 2221; x_wconf 87' lang='lat' dir='ltr'><strong>et</strong></span> <span class='ocrx_word' id='word_1_189' title='bbox 862 2162 880 2221; x_wconf 88' lang='lat' dir='ltr'><strong>i</strong></span> <span class='ocrx_word' id='word_1_190' title='bbox 910 2160 1268 2240; x_wconf 88' lang='lat' dir='ltr'><strong>producunt,</strong></span> <span class='ocrx_word' id='word_1_191' title='bbox 1319 2162 1576 2237; x_wconf 85' lang='lat' dir='ltr'><strong>genitivo</strong></span> <span class='ocrx_word' id='word_1_192' title='bbox 1610 2179 1717 2240; x_wconf 87' lang='lat' dir='ltr'><strong>per</strong></span> <span class='ocrx_word' id='word_1_193' title='bbox 1748 2163 1859 2223; x_wconf 90' lang='lat' dir='ltr'><strong>ium</strong></span> <span class='ocrx_word' id='word_1_194' title='bbox 1892 2163 2109 2224; x_wconf 75' lang='lat' dir='ltr'><strong>debere</strong></span> <span class='ocrx_word' id='word_1_195' title='bbox 2140 2163 2273 2241; x_wconf 90' lang='lat' dir='ltr'><strong>dici,</strong></span> 
     </span>
     <span class='ocr_line' id='line_1_24' title="bbox 279 2244 2270 2325; baseline 0.001 -19"><span class='ocrx_word' id='word_1_196' title='bbox 279 2254 559 2325; x_wconf 84' lang='lat' dir='ltr'><strong>tamquam</strong></span> <span class='ocrx_word' id='word_1_197' title='bbox 601 2247 812 2306; x_wconf 89' lang='lat' dir='ltr'><strong>montis</strong></span> <span class='ocrx_word' id='word_1_198' title='bbox 850 2247 987 2305; x_wconf 85' lang='lat' dir='ltr'><strong>tium</strong></span> <span class='ocrx_word' id='word_1_199' title='bbox 1027 2244 1205 2305; x_wconf 85' lang='lat' dir='ltr'><strong>fontis</strong></span> <span class='ocrx_word' id='word_1_200' title='bbox 1236 2245 1407 2321; x_wconf 89' lang='lat' dir='ltr'><strong>tium,</strong></span> <span class='ocrx_word' id='word_1_201' title='bbox 1452 2262 1566 2305; x_wconf 89' lang='lat' dir='ltr'><strong>non</strong></span> <span class='ocrx_word' id='word_1_202' title='bbox 1596 2255 1846 2307; x_wconf 84' lang='lat' dir='ltr'><strong>montum</strong></span> <span class='ocrx_word' id='word_1_203' title='bbox 1882 2265 1993 2308; x_wconf 89' lang='lat' dir='ltr'><strong>nec</strong></span> <span class='ocrx_word' id='word_1_204' title='bbox 2020 2248 2270 2316; x_wconf 69' lang='lat' dir='ltr'><strong>fontunn</strong></span> 
     </span>
     <span class='ocr_line' id='line_1_25' title="bbox 280 2329 1363 2408; baseline -0.004 -19"><span class='ocrx_word' id='word_1_205' title='bbox 280 2330 358 2389; x_wconf 89' lang='lat' dir='ltr'><strong>ita</strong></span> <span class='ocrx_word' id='word_1_206' title='bbox 389 2330 634 2408; x_wconf 88' lang='lat' dir='ltr'><strong>plurium</strong></span> <span class='ocrx_word' id='word_1_207' title='bbox 664 2330 903 2389; x_wconf 87' lang='lat' dir='ltr'><strong>dicimus</strong></span> <span class='ocrx_word' id='word_1_208' title='bbox 925 2374 942 2405; x_wconf 91' lang='lat'><strong>,</strong></span> <span class='ocrx_word' id='word_1_209' title='bbox 973 2345 1088 2388; x_wconf 93' lang='lat' dir='ltr'><strong>non</strong></span> <span class='ocrx_word' id='word_1_210' title='bbox 1120 2329 1363 2408; x_wconf 89' lang='lat' dir='ltr'><strong>plurum.</strong></span> 
     </span>
    </p>
   </div>
   <div class='ocr_carea' id='block_1_3' title="bbox 210 2424 2273 2570">
    <p class='ocr_par' dir='ltr' id='par_1_11' title="bbox 210 2424 2273 2570">
     <span class='ocr_line' id='line_1_26' title="bbox 210 2424 2273 2569; baseline 0.001 -84"><span class='ocrx_word' id='word_1_211' title='bbox 210 2427 264 2468; x_wconf 79' lang='lat'><strong>²⁵</strong></span> <span class='ocrx_word' id='word_1_212' title='bbox 316 2509 371 2569; x_wconf 37' lang='lat' dir='ltr'><strong>‚b</strong></span> <span class='ocrx_word' id='word_1_213' title='bbox 406 2426 666 2505; x_wconf 87' lang='lat' dir='ltr'><strong>Uterque</strong></span> <span class='ocrx_word' id='word_1_214' title='bbox 698 2444 768 2487; x_wconf 93' lang='lat' dir='ltr'><strong>an</strong></span> <span class='ocrx_word' id='word_1_215' title='bbox 797 2426 1059 2504; x_wconf 88' lang='lat' dir='ltr'><strong>utrique]</strong></span> <span class='ocrx_word' id='word_1_216' title='bbox 1095 2436 1339 2504; x_wconf 88' lang='lat' dir='ltr'><strong>uterque</strong></span> <span class='ocrx_word' id='word_1_217' title='bbox 1370 2444 1445 2485; x_wconf 88' lang='lat' dir='ltr'><strong>ex</strong></span> <span class='ocrx_word' id='word_1_218' title='bbox 1480 2424 1737 2505; x_wconf 88' lang='lat' dir='ltr'><strong>duobus,</strong></span> <span class='ocrx_word' id='word_1_219' title='bbox 1781 2428 2008 2507; x_wconf 91' lang='lat' dir='ltr'><strong>utrique</strong></span> <span class='ocrx_word' id='word_1_220' title='bbox 2046 2447 2121 2488; x_wconf 84' lang='lat' dir='ltr'><strong>ex</strong></span> <span class='ocrx_word' id='word_1_221' title='bbox 2153 2428 2273 2508; x_wconf 91' lang='lat' dir='ltr'><strong>plu-</strong></span> 
     </span>
     <span class='ocr_line' id='line_1_27' title="bbox 282 2529 462 2570; baseline -0.011 0"><span class='ocrx_word' id='word_1_222' title='bbox 282 2530 330 2570; x_wconf 76' lang='lat' dir='ltr'><strong>ri</strong></span> <span class='ocrx_word' id='word_1_223' title='bbox 378 2529 462 2570; x_wconf 90' lang='lat' dir='ltr'><strong>us.</strong></span> 
     </span>
    </p>
   </div>
   <div class='ocr_carea' id='block_1_4' title="bbox 284 2606 2279 2770">
    <p class='ocr_par' dir='ltr' id='par_1_12' title="bbox 284 2606 2279 2770">
     <span class='ocr_line' id='line_1_28' title="bbox 405 2606 2279 2688; baseline 0.002 -21"><span class='ocrx_word' id='word_1_224' title='bbox 405 2606 816 2667; x_wconf 88' lang='lat' dir='ltr'><strong>Huiuscemodi</strong></span> <span class='ocrx_word' id='word_1_225' title='bbox 850 2624 919 2667; x_wconf 87' lang='lat' dir='ltr'><strong>an</strong></span> <span class='ocrx_word' id='word_1_226' title='bbox 951 2606 1329 2684; x_wconf 89' lang='lat' dir='ltr'><strong>eiuscemodi]</strong></span> <span class='ocrx_word' id='word_1_227' title='bbox 1361 2606 1715 2668; x_wconf 87' lang='lat' dir='ltr'><strong>eiuscemodi</strong></span> <span class='ocrx_word' id='word_1_228' title='bbox 1751 2607 2053 2668; x_wconf 89' lang='lat' dir='ltr'><strong>barbarum</strong></span> <span class='ocrx_word' id='word_1_229' title='bbox 2086 2618 2192 2688; x_wconf 84' lang='lat' dir='ltr'><strong>est,</strong></span> <span class='ocrx_word' id='word_1_230' title='bbox 2221 2617 2279 2670; x_wconf 84' lang='lat' dir='ltr'><strong>et</strong></span> 
     </span>
     <span class='ocr_line' id='line_1_29' title="bbox 284 2689 1374 2770; baseline -0.005 -17"><span class='ocrx_word' id='word_1_231' title='bbox 284 2699 555 2770; x_wconf 86' lang='lat' dir='ltr'><strong>superest</strong></span> <span class='ocrx_word' id='word_1_232' title='bbox 585 2698 645 2752; x_wconf 84' lang='lat' dir='ltr'><strong>ut</strong></span> <span class='ocrx_word' id='word_1_233' title='bbox 671 2689 1067 2750; x_wconf 88' lang='lat' dir='ltr'><strong>huiuscemodi</strong></span> <span class='ocrx_word' id='word_1_234' title='bbox 1097 2689 1374 2750; x_wconf 90' lang='lat' dir='ltr'><strong>dicamus.</strong></span> 
     </span>
    </p>
   </div>
   <div class='ocr_carea' id='block_1_5' title="bbox 209 2774 2278 2949">
    <p class='ocr_par' dir='ltr' id='par_1_13' title="bbox 209 2774 2278 2949">
     <span class='ocr_line' id='line_1_30' title="bbox 411 2774 2278 2868; baseline 0.002 -23"><span class='ocrx_word' id='word_1_235' title='bbox 411 2784 569 2846; x_wconf 91' lang='lat' dir='ltr'><strong>Inter</strong></span> <span class='ocrx_word' id='word_1_236' title='bbox 598 2786 886 2847; x_wconf 87' lang='lat' dir='ltr'><strong>librarium</strong></span> <span class='ocrx_word' id='word_1_237' title='bbox 920 2795 977 2846; x_wconf 91' lang='lat' dir='ltr'><strong>et</strong></span> <span class='ocrx_word' id='word_1_238' title='bbox 1014 2787 1385 2865; x_wconf 89' lang='lat' dir='ltr'><strong>manuarium]</strong></span> <span class='ocrx_word' id='word_1_239' title='bbox 1429 2786 1721 2848; x_wconf 87' lang='lat' dir='ltr'><strong>librarium</strong></span> <span class='ocrx_word' id='word_1_240' title='bbox 1766 2798 1856 2848; x_wconf 87' lang='lat' dir='ltr'><strong>est</strong></span> <span class='ocrx_word' id='word_1_241' title='bbox 1887 2789 2042 2868; x_wconf 93' lang='lat' dir='ltr'><strong>quod</strong></span> <span class='ocrx_word' id='word_1_242' title='bbox 2072 2774 2278 2849; x_wconf 84' lang='lat' dir='ltr'><strong>librum</strong></span> 
     </span>
     <span class='ocr_line' id='line_1_31' title="bbox 209 2870 2193 2949; baseline 0.002 -20"><span class='ocrx_word' id='word_1_243' title='bbox 209 2887 263 2929; x_wconf 80' lang='lat' dir='ltr'><strong>so</strong></span> <span class='ocrx_word' id='word_1_244' title='bbox 283 2870 557 2949; x_wconf 88' lang='lat' dir='ltr'><strong>sustinet,</strong></span> <span class='ocrx_word' id='word_1_245' title='bbox 586 2873 932 2931; x_wconf 87' lang='lat' dir='ltr'><strong>manuarium</strong></span> <span class='ocrx_word' id='word_1_246' title='bbox 963 2879 1051 2931; x_wconf 91' lang='lat' dir='ltr'><strong>est</strong></span> <span class='ocrx_word' id='word_1_247' title='bbox 1080 2870 1233 2949; x_wconf 90' lang='lat' dir='ltr'><strong>quod</strong></span> <span class='ocrx_word' id='word_1_248' title='bbox 1268 2888 1435 2930; x_wconf 89' lang='lat' dir='ltr'><strong>manu</strong></span> <span class='ocrx_word' id='word_1_249' title='bbox 1463 2871 1713 2948; x_wconf 77' lang='lat' dir='ltr'><strong>tangitur</strong></span> <span class='ocrx_word' id='word_1_250' title='bbox 1742 2881 1836 2933; x_wconf 89' lang='lat' dir='ltr'><strong>aut</strong></span> <span class='ocrx_word' id='word_1_251' title='bbox 1865 2874 2193 2933; x_wconf 89' lang='lat' dir='ltr'><strong>sustinetur.</strong></span> 
     </span>
    </p>
   </div>
   <div class='ocr_carea' id='block_1_6' title="bbox 281 2966 2279 3131">
    <p class='ocr_par' dir='ltr' id='par_1_14' title="bbox 281 2966 2279 3131">
     <span class='ocr_line' id='line_1_32' title="bbox 408 2966 2279 3050; baseline 0.002 -23"><span class='ocrx_word' id='word_1_252' title='bbox 408 2966 567 3028; x_wconf 92' lang='lat' dir='ltr'><strong>Inter</strong></span> <span class='ocrx_word' id='word_1_253' title='bbox 598 2985 872 3044; x_wconf 89' lang='lat' dir='ltr'><strong>promere</strong></span> <span class='ocrx_word' id='word_1_254' title='bbox 904 2976 961 3027; x_wconf 87' lang='lat' dir='ltr'><strong>et</strong></span> <span class='ocrx_word' id='word_1_255' title='bbox 991 2968 1285 3047; x_wconf 84' lang='lat' dir='ltr'><strong>proferre]</strong></span> <span class='ocrx_word' id='word_1_256' title='bbox 1318 2970 1630 3048; x_wconf 87' lang='lat' dir='ltr'><strong>promimus</strong></span> <span class='ocrx_word' id='word_1_257' title='bbox 1676 2988 1744 3030; x_wconf 79' lang='lat' dir='ltr'><strong>ea</strong></span> <span class='ocrx_word' id='word_1_258' title='bbox 1776 2987 1923 3049; x_wconf 88' lang='lat' dir='ltr'><strong>quae</strong></span> <span class='ocrx_word' id='word_1_259' title='bbox 1969 2973 2023 3031; x_wconf 91' lang='lat' dir='ltr'><strong>in</strong></span> <span class='ocrx_word' id='word_1_260' title='bbox 2054 2980 2279 3050; x_wconf 87' lang='lat' dir='ltr'><strong>promtu</strong></span> 
     </span>
     <span class='ocr_line' id='line_1_33' title="bbox 281 3051 1870 3131; baseline 0.001 -20"><span class='ocrx_word' id='word_1_261' title='bbox 281 3051 825 3131; x_wconf 26' lang='lat' dir='ltr'><strong>sunt,.proferimus</strong></span> <span class='ocrx_word' id='word_1_262' title='bbox 847 3051 1180 3129; x_wconf 87' lang='lat' dir='ltr'><strong>recondita,</strong></span> <span class='ocrx_word' id='word_1_263' title='bbox 1211 3053 1375 3131; x_wconf 87' lang='lat' dir='ltr'><strong>quasi</strong></span> <span class='ocrx_word' id='word_1_264' title='bbox 1406 3069 1583 3131; x_wconf 92' lang='lat' dir='ltr'><strong>porro</strong></span> <span class='ocrx_word' id='word_1_265' title='bbox 1614 3052 1870 3114; x_wconf 83' lang='lat' dir='ltr'><strong>ferimus.</strong></span> 
     </span>
    </p>
   </div>
   <div class='ocr_carea' id='block_1_7' title="bbox 206 3147 2279 3459">
    <p class='ocr_par' dir='ltr' id='par_1_15' title="bbox 407 3147 2275 3227">
     <span class='ocr_line' id='line_1_34' title="bbox 407 3147 2275 3227; baseline -0.001 -18"><span class='ocrx_word' id='word_1_266' title='bbox 407 3149 518 3210; x_wconf 86' lang='lat' dir='ltr'><strong>Hic</strong></span> <span class='ocrx_word' id='word_1_267' title='bbox 568 3149 735 3210; x_wconf 85' lang='lat' dir='ltr'><strong>alvus</strong></span> <span class='ocrx_word' id='word_1_268' title='bbox 765 3168 837 3210; x_wconf 79' lang='lat' dir='ltr'><strong>an</strong></span> <span class='ocrx_word' id='word_1_269' title='bbox 871 3149 1020 3210; x_wconf 90' lang='lat' dir='ltr'><strong>haec</strong></span> <span class='ocrx_word' id='word_1_270' title='bbox 1057 3149 1246 3227; x_wconf 75' lang='lat' dir='ltr'><strong>alvus]</strong></span> <span class='ocrx_word' id='word_1_271' title='bbox 1307 3147 1520 3209; x_wconf 85' lang='lat' dir='ltr'><strong>Omnes</strong></span> <span class='ocrx_word' id='word_1_272' title='bbox 1564 3149 1715 3210; x_wconf 88' lang='lat' dir='ltr'><strong>hanc</strong></span> <span class='ocrx_word' id='word_1_273' title='bbox 1759 3151 1948 3210; x_wconf 84' lang='lat' dir='ltr'><strong>alvum</strong></span> <span class='ocrx_word' id='word_1_274' title='bbox 1975 3151 2275 3213; x_wconf 86' lang='lat' dir='ltr'><strong>dixerunt:</strong></span> 
     </span>
    </p>

    <p class='ocr_par' dir='ltr' id='par_1_16' title="bbox 281 3232 2279 3313">
     <span class='ocr_line' id='line_1_35' title="bbox 281 3232 2279 3313; baseline 0.001 -21"><span class='ocrx_word' id='word_1_275' title='bbox 281 3250 428 3310; x_wconf 87' lang='lat' dir='ltr'><strong>aqua</strong></span> <span class='ocrx_word' id='word_1_276' title='bbox 462 3233 649 3294; x_wconf 87' lang='lat' dir='ltr'><strong>alvum</strong></span> <span class='ocrx_word' id='word_1_277' title='bbox 687 3236 852 3295; x_wconf 86' lang='lat' dir='ltr'><strong>citam</strong></span> <span class='ocrx_word' id='word_1_278' title='bbox 883 3233 1056 3310; x_wconf 83' lang='lat' dir='ltr'><strong>facit,</strong></span> <span class='ocrx_word' id='word_1_279' title='bbox 1088 3249 1201 3292; x_wconf 89' lang='lat' dir='ltr'><strong>non</strong></span> <span class='ocrx_word' id='word_1_280' title='bbox 1233 3235 1423 3293; x_wconf 87' lang='lat' dir='ltr'><strong>citum.</strong></span> <span class='ocrx_word' id='word_1_281' title='bbox 1484 3232 1600 3293; x_wconf 88' lang='lat' dir='ltr'><strong>Sed</strong></span> <span class='ocrx_word' id='word_1_282' title='bbox 1624 3235 1983 3313; x_wconf 88' lang='lat' dir='ltr'><strong>temporibus</strong></span> <span class='ocrx_word' id='word_1_283' title='bbox 2014 3234 2279 3296; x_wconf 84' lang='lat' dir='ltr'><strong>emenda·</strong></span> 
     </span>
    </p>

    <p class='ocr_par' dir='ltr' id='par_1_17' title="bbox 206 3315 2279 3459">
     <span class='ocr_line' id='line_1_36' title="bbox 206 3315 2279 3403; baseline 0 -29"><span class='ocrx_word' id='word_1_284' title='bbox 206 3323 374 3375; x_wconf 64' lang='lat' dir='ltr'><strong>“tur</strong></span> <span class='ocrx_word' id='word_1_285' title='bbox 415 3315 708 3396; x_wconf 83' lang='lat' dir='ltr'><strong>facundia,</strong></span> <span class='ocrx_word' id='word_1_286' title='bbox 757 3318 832 3379; x_wconf 89' lang='lat' dir='ltr'><strong>ita</strong></span> <span class='ocrx_word' id='word_1_287' title='bbox 867 3316 1108 3403; x_wconf 83' lang='lat' dir='ltr'><strong>dicimus</strong></span> <span class='ocrx_word' id='word_1_288' title='bbox 1151 3316 1248 3376; x_wconf 90' lang='lat' dir='ltr'><strong>hic</strong></span> <span class='ocrx_word' id='word_1_289' title='bbox 1296 3316 1459 3377; x_wconf 80' lang='lat' dir='ltr'><strong>alvus</strong></span> <span class='ocrx_word' id='word_1_290' title='bbox 1490 3316 1606 3376; x_wconf 90' lang='lat' dir='ltr'><strong>hoc</strong></span> <span class='ocrx_word' id='word_1_291' title='bbox 1645 3326 1940 3398; x_wconf 87' lang='lat' dir='ltr'><strong>tempore,</strong></span> <span class='ocrx_word' id='word_1_292' title='bbox 1996 3319 2157 3396; x_wconf 87' lang='lat' dir='ltr'><strong>qnasi</strong></span> <span class='ocrx_word' id='word_1_293' title='bbox 2186 3316 2279 3376; x_wconf 90' lang='lat' dir='ltr'><strong>hic</strong></span> 
     </span>
     <span class='ocr_line' id='line_1_37' title="bbox 277 3407 492 3459; baseline 0.005 -2"><span class='ocrx_word' id='word_1_294' title='bbox 277 3407 492 3459; x_wconf 82' lang='lat' dir='ltr'><strong>uterus.</strong></span> 
     </span>
    </p>
   </div>
   <div class='ocr_carea' id='block_1_8' title="bbox 408 3480 2279 3562">
    <p class='ocr_par' dir='ltr' id='par_1_18' title="bbox 408 3480 2279 3562">
     <span class='ocr_line' id='line_1_38' title="bbox 408 3480 2279 3562; baseline -0.001 -20"><span class='ocrx_word' id='word_1_295' title='bbox 408 3480 711 3544; x_wconf 83' lang='lat' dir='ltr'><strong>Caerulum</strong></span> <span class='ocrx_word' id='word_1_296' title='bbox 753 3502 822 3545; x_wconf 87' lang='lat' dir='ltr'><strong>an</strong></span> <span class='ocrx_word' id='word_1_297' title='bbox 874 3484 1226 3562; x_wconf 89' lang='lat' dir='ltr'><strong>caeruleum]</strong></span> <span class='ocrx_word' id='word_1_298' title='bbox 1272 3483 1563 3543; x_wconf 84' lang='lat' dir='ltr'><strong>caerulum</strong></span> <span class='ocrx_word' id='word_1_299' title='bbox 1609 3493 1698 3544; x_wconf 85' lang='lat' dir='ltr'><strong>est</strong></span> <span class='ocrx_word' id='word_1_300' title='bbox 1744 3492 2023 3562; x_wconf 87' lang='lat' dir='ltr'><strong>tamquam</strong></span> <span class='ocrx_word' id='word_1_301' title='bbox 2061 3499 2279 3558; x_wconf 83' lang='lat' dir='ltr'><strong>aurum,</strong></span> 
     </span>
    </p>
   </div>
  </div>
 </body>
</html>
