<?xml version="1.0" encoding="UTF-8"?>
<!DOCTYPE html PUBLIC "-//W3C//DTD XHTML 1.0 Transitional//EN"
    "http://www.w3.org/TR/xhtml1/DTD/xhtml1-transitional.dtd">
<html xmlns="http://www.w3.org/1999/xhtml" xml:lang="en" lang="en">
 <head>
  <title>
</title>
<meta http-equiv="Content-Type" content="text/html;charset=utf-8" />
  <meta name='ocr-system' content='tesseract 3.04.00' />
  <meta name='ocr-capabilities' content='ocr_page ocr_carea ocr_par ocr_line ocrx_word'/>
</head>
<body>
  <div class='ocr_page' id='page_1' title='image "./csuetonitranqui06rothgoog_0095.png"; bbox 0 0 2553 3960; ppageno 0'>
   <div class='ocr_carea' id='block_1_1' title="bbox 932 228 2024 277">
    <p class='ocr_par' dir='ltr' id='par_1_1' title="bbox 932 228 2024 277">
     <span class='ocr_line' id='line_1_1' title="bbox 932 228 2024 277; baseline 0.001 -2"><span class='ocrx_word' id='word_1_1' title='bbox 932 228 1347 277; x_wconf 82' lang='lat' dir='ltr'><strong>PRAEFATIO.</strong></span> <span class='ocrx_word' id='word_1_2' title='bbox 1750 229 2024 277; x_wconf 81' lang='lat' dir='ltr'>LXXXIX</span> 
     </span>
    </p>
   </div>
   <div class='ocr_carea' id='block_1_2' title="bbox 199 387 2038 2884">
    <p class='ocr_par' dir='ltr' id='par_1_2' title="bbox 199 387 2038 2050">
     <span class='ocr_line' id='line_1_2' title="bbox 199 387 2037 461; baseline 0.004 -19"><span class='ocrx_word' id='word_1_3' title='bbox 199 393 563 459; x_wconf 81' lang='lat' dir='ltr'><strong>opportunus</strong></span> <span class='ocrx_word' id='word_1_4' title='bbox 598 388 797 445; x_wconf 85' lang='lat' dir='ltr'><strong>evenit</strong></span> <span class='ocrx_word' id='word_1_5' title='bbox 828 388 1147 460; x_wconf 76' lang='lat' dir='ltr'><strong>Tranquillo</strong></span> <span class='ocrx_word' id='word_1_6' title='bbox 1179 388 1271 445; x_wconf 84' lang='lat' dir='ltr'><strong>vel</strong></span> <span class='ocrx_word' id='word_1_7' title='bbox 1312 387 1474 445; x_wconf 92' lang='lat' dir='ltr'><strong>nobis</strong></span> <span class='ocrx_word' id='word_1_8' title='bbox 1512 388 1681 445; x_wconf 86' lang='lat' dir='ltr'><strong>vitam</strong></span> <span class='ocrx_word' id='word_1_9' title='bbox 1709 407 1765 461; x_wconf 89' lang='lat' dir='ltr'><strong>p.</strong></span> <span class='ocrx_word' id='word_1_10' title='bbox 1797 397 1933 460; x_wconf 79' lang='lat'><strong>300,</strong></span> <span class='ocrx_word' id='word_1_11' title='bbox 1966 395 2037 450; x_wconf 83' lang='lat'><strong>29</strong></span> 
     </span>
     <span class='ocr_line' id='line_1_3' title="bbox 203 470 2035 542; baseline 0.002 -16"><span class='ocrx_word' id='word_1_12' title='bbox 203 472 447 528; x_wconf 77' lang='lat' dir='ltr'><strong>relatam</strong></span> <span class='ocrx_word' id='word_1_13' title='bbox 478 470 544 526; x_wconf 38' lang='lat' dir='ltr'><strong>‘ei</strong></span> <span class='ocrx_word' id='word_1_14' title='bbox 589 471 811 528; x_wconf 86' lang='lat' dir='ltr'><strong>auctori</strong></span> <span class='ocrx_word' id='word_1_15' title='bbox 843 472 1252 528; x_wconf 78' lang='lat' dir='ltr'><strong>adserentibus,</strong></span> <span class='ocrx_word' id='word_1_16' title='bbox 1342 472 1729 542; x_wconf 76' lang='lat' dir='ltr'><strong>Hieronymus</strong></span> <span class='ocrx_word' id='word_1_17' title='bbox 1755 473 1899 529; x_wconf 87' lang='lat' dir='ltr'><strong>enim</strong></span> <span class='ocrx_word' id='word_1_18' title='bbox 1936 474 2035 529; x_wconf 88' lang='lat' dir='ltr'><strong>ad-</strong></span> 
     </span>
     <span class='ocr_line' id='line_1_4' title="bbox 205 554 2034 628; baseline 0.002 -20"><span class='ocrx_word' id='word_1_19' title='bbox 205 571 414 611; x_wconf 82' lang='lat' dir='ltr'><strong>versus</strong></span> <span class='ocrx_word' id='word_1_20' title='bbox 452 555 811 627; x_wconf 74' lang='lat' dir='ltr'><strong>Scaliger-um</strong></span> <span class='ocrx_word' id='word_1_21' title='bbox 844 554 1226 612; x_wconf 86' lang='lat' dir='ltr'><strong>Casaubonum</strong></span> <span class='ocrx_word' id='word_1_22' title='bbox 1258 556 1587 613; x_wconf 85' lang='lat' dir='ltr'><strong>Salmasium</strong></span> <span class='ocrx_word' id='word_1_23' title='bbox 1610 556 1904 626; x_wconf 76' lang='lat' dir='ltr'>vossium,</span> <span class='ocrx_word' id='word_1_24' title='bbox 1941 556 2034 628; x_wconf 92' lang='lat' dir='ltr'><strong>qui</strong></span> 
     </span>
     <span class='ocr_line' id='line_1_5' title="bbox 206 638 2034 712; baseline 0.001 -19"><span class='ocrx_word' id='word_1_25' title='bbox 206 640 279 694; x_wconf 88' lang='lat' dir='ltr'><strong>ab</strong></span> <span class='ocrx_word' id='word_1_26' title='bbox 311 638 582 711; x_wconf 84' lang='lat' dir='ltr'><strong>imperito</strong></span> <span class='ocrx_word' id='word_1_27' title='bbox 611 639 838 695; x_wconf 86' lang='lat' dir='ltr'><strong>bomine</strong></span> <span class='ocrx_word' id='word_1_28' title='bbox 869 639 1098 697; x_wconf 85' lang='lat' dir='ltr'><strong>saeculo</strong></span> <span class='ocrx_word' id='word_1_29' title='bbox 1129 639 1203 694; x_wconf 90' lang='lat' dir='ltr'><strong>VI</strong></span> <span class='ocrx_word' id='word_1_30' title='bbox 1233 640 1384 696; x_wconf 88' lang='lat' dir='ltr'><strong>illam</strong></span> <span class='ocrx_word' id='word_1_31' title='bbox 1421 640 1588 697; x_wconf 85' lang='lat' dir='ltr'><strong>vitam</strong></span> <span class='ocrx_word' id='word_1_32' title='bbox 1616 639 1878 711; x_wconf 87' lang='lat' dir='ltr'><strong>scriptam</strong></span> <span class='ocrx_word' id='word_1_33' title='bbox 1909 641 2034 712; x_wconf 88' lang='lat' dir='ltr'><strong>opi-</strong></span> 
     </span>
     <span class='ocr_line' id='line_1_6' title="bbox 204 721 2032 796; baseline 0.001 -19"><span class='ocrx_word' id='word_1_34' title='bbox 204 722 324 778; x_wconf 90' lang='lat' dir='ltr'><strong>nati</strong></span> <span class='ocrx_word' id='word_1_35' title='bbox 358 728 513 794; x_wconf 90' lang='lat' dir='ltr'><strong>sunt,</strong></span> <span class='ocrx_word' id='word_1_36' title='bbox 552 739 658 795; x_wconf 84' lang='lat' dir='ltr'><strong>pro</strong></span> <span class='ocrx_word' id='word_1_37' title='bbox 685 721 1009 794; x_wconf 81' lang='lat' dir='ltr'><strong>Tranquillo</strong></span> <span class='ocrx_word' id='word_1_38' title='bbox 1043 738 1287 795; x_wconf 89' lang='lat' dir='ltr'><strong>sponsor</strong></span> <span class='ocrx_word' id='word_1_39' title='bbox 1315 725 1708 796; x_wconf 85' lang='lat' dir='ltr'><strong>producendus</strong></span> <span class='ocrx_word' id='word_1_40' title='bbox 1736 730 1836 779; x_wconf 81' lang='lat' dir='ltr'><strong>est.</strong></span> <span class='ocrx_word' id='word_1_41' title='bbox 1927 722 2032 790; x_wconf 83' lang='lat' dir='ltr'><strong>Qui</strong></span> 
     </span>
     <span class='ocr_line' id='line_1_7' title="bbox 206 805 2032 879; baseline 0.001 -18"><span class='ocrx_word' id='word_1_42' title='bbox 206 806 319 861; x_wconf 88' lang='lat' dir='ltr'><strong>nisi</strong></span> <span class='ocrx_word' id='word_1_43' title='bbox 364 807 517 879; x_wconf 85' lang='lat' dir='ltr'><strong>apud</strong></span> <span class='ocrx_word' id='word_1_44' title='bbox 550 807 755 862; x_wconf 87' lang='lat' dir='ltr'><strong>bonum</strong></span> <span class='ocrx_word' id='word_1_45' title='bbox 796 807 1038 878; x_wconf 80' lang='lat' dir='ltr'><strong>aliquem</strong></span> <span class='ocrx_word' id='word_1_46' title='bbox 1069 813 1351 862; x_wconf 87' lang='lat' dir='ltr'><strong>auctorem</strong></span> <span class='ocrx_word' id='word_1_47' title='bbox 1392 805 1705 863; x_wconf 90' lang='lat' dir='ltr'><strong>invenisset</strong></span> <span class='ocrx_word' id='word_1_48' title='bbox 1745 807 2032 879; x_wconf 87' lang='lat' dir='ltr'><strong>scriptum,</strong></span> 
     </span>
     <span class='ocr_line' id='line_1_8' title="bbox 202 889 2038 962; baseline 0.002 -19"><span class='ocrx_word' id='word_1_49' title='bbox 202 889 447 946; x_wconf 76' lang='lat' dir='ltr'><strong>Plinium</strong></span> <span class='ocrx_word' id='word_1_50' title='bbox 514 889 827 946; x_wconf 91' lang='lat' dir='ltr'><strong>Secundum</strong></span> <span class='ocrx_word' id='word_1_51' title='bbox 876 889 1352 947; x_wconf 86' lang='lat' dir='ltr'><strong>Novocomensem</strong></span> <span class='ocrx_word' id='word_1_52' title='bbox 1411 891 1736 947; x_wconf 85' lang='lat' dir='ltr'><strong>historicum</strong></span> <span class='ocrx_word' id='word_1_53' title='bbox 1794 890 2038 962; x_wconf 85' lang='lat' dir='ltr'><strong>perisse,</strong></span> 
     </span>
     <span class='ocr_line' id='line_1_9' title="bbox 206 974 2033 1031; baseline 0 -3"><span class='ocrx_word' id='word_1_54' title='bbox 206 974 338 1028; x_wconf 89' lang='lat' dir='ltr'><strong>dnm</strong></span> <span class='ocrx_word' id='word_1_55' title='bbox 360 974 581 1029; x_wconf 85' lang='lat' dir='ltr'><strong>viseret</strong></span> <span class='ocrx_word' id='word_1_56' title='bbox 614 975 943 1030; x_wconf 82' lang='lat' dir='ltr'><strong>Vesuvium:</strong></span> <span class='ocrx_word' id='word_1_57' title='bbox 989 979 1142 1029; x_wconf 86' lang='lat' dir='ltr'><strong>certe</strong></span> <span class='ocrx_word' id='word_1_58' title='bbox 1183 974 1240 1029; x_wconf 91' lang='lat' dir='ltr'><strong>in</strong></span> <span class='ocrx_word' id='word_1_59' title='bbox 1272 975 1395 1030; x_wconf 91' lang='lat' dir='ltr'><strong>eius</strong></span> <span class='ocrx_word' id='word_1_60' title='bbox 1430 974 1575 1031; x_wconf 93' lang='lat' dir='ltr'><strong>modi</strong></span> <span class='ocrx_word' id='word_1_61' title='bbox 1606 974 1945 1031; x_wconf 88' lang='lat' dir='ltr'><strong>oblivionem</strong></span> <span class='ocrx_word' id='word_1_62' title='bbox 1976 980 2033 1029; x_wconf 86' lang='lat' dir='ltr'><strong>et</strong></span> 
     </span>
     <span class='ocr_line' id='line_1_10' title="bbox 205 1056 2026 1127; baseline 0.001 -16"><span class='ocrx_word' id='word_1_63' title='bbox 205 1056 750 1113; x_wconf 72' lang='lat' dir='ltr'><strong>inconsiderantiam</strong></span> <span class='ocrx_word' id='word_1_64' title='bbox 778 1074 888 1114; x_wconf 92' lang='lat' dir='ltr'><strong>non</strong></span> <span class='ocrx_word' id='word_1_65' title='bbox 915 1057 1267 1127; x_wconf 85' lang='lat' dir='ltr'><strong>incurrisset,</strong></span> <span class='ocrx_word' id='word_1_66' title='bbox 1297 1065 1357 1113; x_wconf 87' lang='lat' dir='ltr'><strong>ut</strong></span> <span class='ocrx_word' id='word_1_67' title='bbox 1387 1059 1456 1115; x_wconf 96' lang='lat' dir='ltr'><strong>ad</strong></span> <span class='ocrx_word' id='word_1_68' title='bbox 1484 1075 1533 1113; x_wconf 89' lang='lat' dir='ltr'><strong>a.</strong></span> <span class='ocrx_word' id='word_1_69' title='bbox 1552 1063 1620 1118; x_wconf 85' lang='lat'><strong>79</strong></span> <span class='ocrx_word' id='word_1_70' title='bbox 1648 1066 1884 1115; x_wconf 87' lang='lat' dir='ltr'><strong>montem</strong></span> <span class='ocrx_word' id='word_1_71' title='bbox 1914 1058 2026 1114; x_wconf 88' lang='lat' dir='ltr'><strong>Ve-</strong></span> 
     </span>
     <span class='ocr_line' id='line_1_11' title="bbox 206 1140 2026 1212; baseline 0.001 -17"><span class='ocrx_word' id='word_1_72' title='bbox 206 1140 435 1196; x_wconf 83' lang='lat' dir='ltr'><strong>suvium</strong></span> <span class='ocrx_word' id='word_1_73' title='bbox 477 1141 755 1196; x_wconf 82' lang='lat' dir='ltr'><strong>scriberet</strong></span> <span class='ocrx_word' id='word_1_74' title='bbox 785 1141 1053 1212; x_wconf 79' lang='lat' dir='ltr'><strong>regiones</strong></span> <span class='ocrx_word' id='word_1_75' title='bbox 1087 1141 1301 1197; x_wconf 87' lang='lat' dir='ltr'><strong>vicinas</strong></span> <span class='ocrx_word' id='word_1_76' title='bbox 1341 1148 1397 1198; x_wconf 90' lang='lat' dir='ltr'><strong>et</strong></span> <span class='ocrx_word' id='word_1_77' title='bbox 1423 1143 1594 1198; x_wconf 90' lang='lat' dir='ltr'><strong>urbes</strong></span> <span class='ocrx_word' id='word_1_78' title='bbox 1635 1159 1755 1199; x_wconf 89' lang='lat' dir='ltr'><strong>cum</strong></span> <span class='ocrx_word' id='word_1_79' title='bbox 1788 1142 2026 1199; x_wconf 87' lang='lat' dir='ltr'><strong>homini-</strong></span> 
     </span>
     <span class='ocr_line' id='line_1_12' title="bbox 204 1223 2028 1297; baseline 0.002 -18"><span class='ocrx_word' id='word_1_80' title='bbox 204 1224 312 1279; x_wconf 90' lang='lat' dir='ltr'><strong>bus</strong></span> <span class='ocrx_word' id='word_1_81' title='bbox 348 1223 665 1293; x_wconf 85' lang='lat' dir='ltr'><strong>exussisse,</strong></span> <span class='ocrx_word' id='word_1_82' title='bbox 701 1232 756 1280; x_wconf 85' lang='lat' dir='ltr'><strong>et</strong></span> <span class='ocrx_word' id='word_1_83' title='bbox 784 1224 936 1281; x_wconf 88' lang='lat' dir='ltr'><strong>XXX</strong></span> <span class='ocrx_word' id='word_1_84' title='bbox 969 1224 1129 1280; x_wconf 89' lang='lat' dir='ltr'><strong>annis</strong></span> <span class='ocrx_word' id='word_1_85' title='bbox 1166 1233 1296 1297; x_wconf 88' lang='lat' dir='ltr'><strong>post</strong></span> <span class='ocrx_word' id='word_1_86' title='bbox 1330 1243 1488 1281; x_wconf 91' lang='lat' dir='ltr'><strong>unum</strong></span> <span class='ocrx_word' id='word_1_87' title='bbox 1513 1227 1581 1282; x_wconf 93' lang='lat' dir='ltr'><strong>de</strong></span> <span class='ocrx_word' id='word_1_88' title='bbox 1614 1226 1685 1282; x_wconf 88' lang='lat' dir='ltr'><strong>iis</strong></span> <span class='ocrx_word' id='word_1_89' title='bbox 1713 1225 2028 1282; x_wconf 89' lang='lat' dir='ltr'><strong>bominibus</strong></span> 
     </span>
     <span class='ocr_line' id='line_1_13' title="bbox 209 1307 2027 1379; baseline 0.002 -17"><span class='ocrx_word' id='word_1_90' title='bbox 209 1308 473 1363; x_wconf 83' lang='lat' dir='ltr'><strong>traderet</strong></span> <span class='ocrx_word' id='word_1_91' title='bbox 503 1307 780 1379; x_wconf 80' lang='lat' dir='ltr'><strong>insignem</strong></span> <span class='ocrx_word' id='word_1_92' title='bbox 820 1307 1067 1364; x_wconf 85' lang='lat' dir='ltr'><strong>habitum</strong></span> <span class='ocrx_word' id='word_1_93' title='bbox 1105 1324 1233 1364; x_wconf 92' lang='lat' dir='ltr'><strong>esse</strong></span> <span class='ocrx_word' id='word_1_94' title='bbox 1262 1309 1607 1367; x_wconf 84' lang='lat' dir='ltr'><strong>historicum.</strong></span> <span class='ocrx_word' id='word_1_95' title='bbox 1698 1308 1889 1364; x_wconf 89' lang='lat' dir='ltr'><strong>Deleri</strong></span> <span class='ocrx_word' id='word_1_96' title='bbox 1923 1325 2027 1365; x_wconf 86' lang='lat' dir='ltr'><strong>vo-</strong></span> 
     </span>
     <span class='ocr_line' id='line_1_14' title="bbox 208 1390 2026 1463; baseline 0.001 -18"><span class='ocrx_word' id='word_1_97' title='bbox 208 1392 332 1445; x_wconf 87' lang='lat' dir='ltr'><strong>lunt</strong></span> <span class='ocrx_word' id='word_1_98' title='bbox 362 1393 541 1448; x_wconf 83' lang='lat' dir='ltr'><strong>verba</strong></span> <span class='ocrx_word' id='word_1_99' title='bbox 571 1390 774 1463; x_wconf 74' lang='lat' dir='ltr'><strong>‘periit</strong></span> <span class='ocrx_word' id='word_1_100' title='bbox 803 1391 929 1447; x_wconf 89' lang='lat' dir='ltr'><strong>dum</strong></span> <span class='ocrx_word' id='word_1_101' title='bbox 955 1392 1090 1448; x_wconf 84' lang='lat' dir='ltr'><strong>visit</strong></span> <span class='ocrx_word' id='word_1_102' title='bbox 1115 1392 1448 1449; x_wconf 85' lang='lat' dir='ltr'><strong>Vesuvium’</strong></span> <span class='ocrx_word' id='word_1_103' title='bbox 1481 1395 1550 1449; x_wconf 88' lang='lat' dir='ltr'><strong>ab</strong></span> <span class='ocrx_word' id='word_1_104' title='bbox 1581 1392 1836 1449; x_wconf 90' lang='lat' dir='ltr'><strong>omnibus</strong></span> <span class='ocrx_word' id='word_1_105' title='bbox 1865 1392 2026 1447; x_wconf 87' lang='lat' dir='ltr'><strong>libris</strong></span> 
     </span>
     <span class='ocr_line' id='line_1_15' title="bbox 209 1474 2026 1548; baseline 0 -19"><span class='ocrx_word' id='word_1_106' title='bbox 209 1474 780 1546; x_wconf 82' lang='lat' dir='ltr'><strong>chronographisque</strong></span> <span class='ocrx_word' id='word_1_107' title='bbox 808 1481 1048 1543; x_wconf 84' lang='lat' dir='ltr'><strong>servata,</strong></span> <span class='ocrx_word' id='word_1_108' title='bbox 1084 1476 1185 1530; x_wconf 88' lang='lat' dir='ltr'><strong>sed</strong></span> <span class='ocrx_word' id='word_1_109' title='bbox 1216 1492 1286 1531; x_wconf 92' lang='lat' dir='ltr'><strong>ne</strong></span> <span class='ocrx_word' id='word_1_110' title='bbox 1317 1476 1694 1532; x_wconf 73' lang='lat' dir='ltr'><strong>‘historicus&#39;</strong></span> <span class='ocrx_word' id='word_1_111' title='bbox 1722 1476 1939 1548; x_wconf 90' lang='lat' dir='ltr'><strong>quidem</strong></span> <span class='ocrx_word' id='word_1_112' title='bbox 1969 1475 2026 1530; x_wconf 92' lang='lat' dir='ltr'><strong>in</strong></span> 
     </span>
     <span class='ocr_line' id='line_1_16' title="bbox 208 1553 2029 1631; baseline 0.001 -19"><span class='ocrx_word' id='word_1_113' title='bbox 208 1557 487 1613; x_wconf 87' lang='lat' dir='ltr'><strong>minorem</strong></span> <span class='ocrx_word' id='word_1_114' title='bbox 532 1557 761 1613; x_wconf 90' lang='lat' dir='ltr'><strong>Plinium</strong></span> <span class='ocrx_word' id='word_1_115' title='bbox 808 1553 1173 1631; x_wconf 58' lang='lat' dir='ltr'><strong>convenitae).</strong></span> <span class='ocrx_word' id='word_1_116' title='bbox 1259 1560 1407 1616; x_wconf 87' lang='lat' dir='ltr'><strong>Falsi</strong></span> <span class='ocrx_word' id='word_1_117' title='bbox 1447 1564 1684 1630; x_wconf 81' lang='lat' dir='ltr'><strong>arguunt</strong></span> <span class='ocrx_word' id='word_1_118' title='bbox 1728 1560 1785 1614; x_wconf 90' lang='lat' dir='ltr'><strong>in</strong></span> <span class='ocrx_word' id='word_1_119' title='bbox 1815 1557 2029 1613; x_wconf 87' lang='lat' dir='ltr'><strong>maiore</strong></span> 
     </span>
     <span class='ocr_line' id='line_1_17' title="bbox 212 1638 2027 1715; baseline 0 -20"><span class='ocrx_word' id='word_1_120' title='bbox 212 1638 764 1698; x_wconf 76' lang='lat' dir='ltr'><strong>&#39;Novocomensem’</strong></span> <span class='ocrx_word' id='word_1_121' title='bbox 809 1642 1075 1715; x_wconf 86' lang='lat' dir='ltr'><strong>patriam,</strong></span> <span class='ocrx_word' id='word_1_122' title='bbox 1128 1643 1229 1698; x_wconf 89' lang='lat' dir='ltr'><strong>sed</strong></span> <span class='ocrx_word' id='word_1_123' title='bbox 1257 1642 1515 1699; x_wconf 82' lang='lat' dir='ltr'><strong>Veronae</strong></span> <span class='ocrx_word' id='word_1_124' title='bbox 1565 1658 1701 1698; x_wconf 88' lang='lat' dir='ltr'><strong>snae</strong></span> <span class='ocrx_word' id='word_1_125' title='bbox 1744 1647 2027 1697; x_wconf 84' lang='lat' dir='ltr'><strong>auctorem</strong></span> 
     </span>
     <span class='ocr_line' id='line_1_18' title="bbox 213 1724 2029 1782; baseline 0 -3"><span class='ocrx_word' id='word_1_126' title='bbox 213 1741 324 1780; x_wconf 89' lang='lat' dir='ltr'><strong>non</strong></span> <span class='ocrx_word' id='word_1_127' title='bbox 375 1726 587 1781; x_wconf 86' lang='lat' dir='ltr'><strong>habent</strong></span> <span class='ocrx_word' id='word_1_128' title='bbox 631 1732 724 1780; x_wconf 87' lang='lat' dir='ltr'><strong>aut</strong></span> <span class='ocrx_word' id='word_1_129' title='bbox 765 1726 1128 1782; x_wconf 82' lang='lat' dir='ltr'><strong>vetustiorem</strong></span> <span class='ocrx_word' id='word_1_130' title='bbox 1175 1732 1268 1781; x_wconf 88' lang='lat' dir='ltr'><strong>aut</strong></span> <span class='ocrx_word' id='word_1_131' title='bbox 1311 1726 1609 1781; x_wconf 81' lang='lat' dir='ltr'><strong>certiorem</strong></span> <span class='ocrx_word' id='word_1_132' title='bbox 1649 1724 2029 1781; x_wconf 81' lang='lat' dir='ltr'><strong>Mansionario</strong></span> 
     </span>
     <span class='ocr_line' id='line_1_19' title="bbox 214 1808 2028 1879; baseline -0.001 -15"><span class='ocrx_word' id='word_1_133' title='bbox 214 1808 554 1864; x_wconf 85' lang='lat' dir='ltr'><strong>Veronensi.</strong></span> <span class='ocrx_word' id='word_1_134' title='bbox 642 1809 863 1864; x_wconf 81' lang='lat' dir='ltr'><strong>Maneat</strong></span> <span class='ocrx_word' id='word_1_135' title='bbox 915 1808 1087 1879; x_wconf 79' lang='lat' dir='ltr'><strong>igitur</strong></span> <span class='ocrx_word' id='word_1_136' title='bbox 1128 1809 1322 1865; x_wconf 84' lang='lat' dir='ltr'><strong>verbis</strong></span> <span class='ocrx_word' id='word_1_137' title='bbox 1369 1811 1438 1865; x_wconf 93' lang='lat' dir='ltr'><strong>ab</strong></span> <span class='ocrx_word' id='word_1_138' title='bbox 1488 1809 1827 1879; x_wconf 77' lang='lat' dir='ltr'><strong>Hieronymo</strong></span> <span class='ocrx_word' id='word_1_139' title='bbox 1889 1815 2028 1863; x_wconf 87' lang='lat' dir='ltr'><strong>tam-</strong></span> 
     </span>
     <span class='ocr_line' id='line_1_20' title="bbox 212 1890 2026 1964; baseline 0.001 -19"><span class='ocrx_word' id='word_1_140' title='bbox 212 1908 376 1963; x_wconf 90' lang='lat' dir='ltr'><strong>quam</strong></span> <span class='ocrx_word' id='word_1_141' title='bbox 426 1890 604 1947; x_wconf 86' lang='lat' dir='ltr'><strong>invito</strong></span> <span class='ocrx_word' id='word_1_142' title='bbox 639 1891 841 1964; x_wconf 86' lang='lat' dir='ltr'><strong>positis</strong></span> <span class='ocrx_word' id='word_1_143' title='bbox 883 1909 982 1948; x_wconf 87' lang='lat' dir='ltr'><strong>sua</strong></span> <span class='ocrx_word' id='word_1_144' title='bbox 1033 1893 1358 1948; x_wconf 83' lang='lat' dir='ltr'><strong>auctoritas.</strong></span> <span class='ocrx_word' id='word_1_145' title='bbox 1446 1892 1521 1948; x_wconf 83' lang='lat' dir='ltr'><strong>At</strong></span> <span class='ocrx_word' id='word_1_146' title='bbox 1551 1910 1710 1964; x_wconf 91' lang='lat' dir='ltr'><strong>quem</strong></span> <span class='ocrx_word' id='word_1_147' title='bbox 1743 1898 2026 1949; x_wconf 84' lang='lat' dir='ltr'><strong>auctorem</strong></span> 
     </span>
     <span class='ocr_line' id='line_1_21' title="bbox 211 1968 2028 2050; baseline -0.001 -18"><span class='ocrx_word' id='word_1_148' title='bbox 211 1976 281 2032; x_wconf 91' lang='lat' dir='ltr'><strong>de</strong></span> <span class='ocrx_word' id='word_1_149' title='bbox 326 1975 466 2032; x_wconf 86' lang='lat' dir='ltr'><strong>vitis</strong></span> <span class='ocrx_word' id='word_1_150' title='bbox 511 1972 810 2032; x_wconf 84' lang='lat' dir='ltr'><strong>Illustrium</strong></span> <span class='ocrx_word' id='word_1_151' title='bbox 840 1976 1089 2033; x_wconf 86' lang='lat' dir='ltr'><strong>virorum</strong></span> <span class='ocrx_word' id='word_1_152' title='bbox 1126 1976 1320 2033; x_wconf 86' lang='lat' dir='ltr'><strong>babuit</strong></span> <span class='ocrx_word' id='word_1_153' title='bbox 1354 1985 1584 2050; x_wconf 88' lang='lat' dir='ltr'><strong>praeter</strong></span> <span class='ocrx_word' id='word_1_154' title='bbox 1614 1968 2028 2049; x_wconf 73' lang='lat' dir='ltr'><strong>Tranquillum?</strong></span> 
     </span>
    </p>

    <p class='ocr_par' dir='ltr' id='par_1_3' title="bbox 210 2059 2025 2884">
     <span class='ocr_line' id='line_1_22' title="bbox 339 2059 2025 2134; baseline -0.001 -20"><span class='ocrx_word' id='word_1_155' title='bbox 339 2060 459 2114; x_wconf 85' lang='lat' dir='ltr'><strong>Sed</strong></span> <span class='ocrx_word' id='word_1_156' title='bbox 492 2065 552 2113; x_wconf 88' lang='lat' dir='ltr'><strong>ut</strong></span> <span class='ocrx_word' id='word_1_157' title='bbox 585 2060 857 2116; x_wconf 85' lang='lat' dir='ltr'><strong>mittamus</strong></span> <span class='ocrx_word' id='word_1_158' title='bbox 887 2061 1312 2131; x_wconf 76' lang='lat' dir='ltr'><strong>Hieronymum,</strong></span> <span class='ocrx_word' id='word_1_159' title='bbox 1360 2060 1484 2134; x_wconf 85' lang='lat' dir='ltr'><strong>ipsa</strong></span> <span class='ocrx_word' id='word_1_160' title='bbox 1518 2060 1680 2117; x_wconf 75' lang='lat' dir='ltr'><strong>Plinii</strong></span> <span class='ocrx_word' id='word_1_161' title='bbox 1728 2060 1842 2118; x_wconf 85' lang='lat' dir='ltr'><strong>vita</strong></span> <span class='ocrx_word' id='word_1_162' title='bbox 1887 2059 2025 2116; x_wconf 89' lang='lat' dir='ltr'><strong>nihil</strong></span> 
     </span>
     <span class='ocr_line' id='line_1_23' title="bbox 212 2143 2018 2218; baseline -0.002 -18"><span class='ocrx_word' id='word_1_163' title='bbox 212 2161 350 2200; x_wconf 90' lang='lat' dir='ltr'><strong>sane</strong></span> <span class='ocrx_word' id='word_1_164' title='bbox 396 2143 570 2198; x_wconf 87' lang='lat' dir='ltr'><strong>habet</strong></span> <span class='ocrx_word' id='word_1_165' title='bbox 601 2159 709 2214; x_wconf 92' lang='lat' dir='ltr'><strong>quo</strong></span> <span class='ocrx_word' id='word_1_166' title='bbox 744 2143 1070 2200; x_wconf 84' lang='lat' dir='ltr'><strong>Suetonium</strong></span> <span class='ocrx_word' id='word_1_167' title='bbox 1113 2151 1397 2201; x_wconf 87' lang='lat' dir='ltr'><strong>auctorem</strong></span> <span class='ocrx_word' id='word_1_168' title='bbox 1442 2153 1759 2218; x_wconf 86' lang='lat' dir='ltr'><strong>suspectum</strong></span> <span class='ocrx_word' id='word_1_169' title='bbox 1802 2145 2018 2200; x_wconf 85' lang='lat' dir='ltr'><strong>reddat.</strong></span> 
     </span>
     <span class='ocr_line' id='line_1_24' title="bbox 210 2225 2025 2300; baseline 0.001 -19"><span class='ocrx_word' id='word_1_170' title='bbox 210 2225 526 2298; x_wconf 88' lang='lat' dir='ltr'><strong>Inscriptns</strong></span> <span class='ocrx_word' id='word_1_171' title='bbox 585 2233 670 2282; x_wconf 90' lang='lat' dir='ltr'><strong>est</strong></span> <span class='ocrx_word' id='word_1_172' title='bbox 719 2227 911 2282; x_wconf 89' lang='lat' dir='ltr'><strong>titulus</strong></span> <span class='ocrx_word' id='word_1_173' title='bbox 962 2228 1083 2283; x_wconf 77' lang='lat' dir='ltr'><strong>‘Ex</strong></span> <span class='ocrx_word' id='word_1_174' title='bbox 1131 2230 1392 2300; x_wconf 80' lang='lat' dir='ltr'><strong>catalogo</strong></span> <span class='ocrx_word' id='word_1_175' title='bbox 1433 2229 1677 2286; x_wconf 89' lang='lat' dir='ltr'><strong>virorum</strong></span> <span class='ocrx_word' id='word_1_176' title='bbox 1726 2228 2025 2283; x_wconf 87' lang='lat' dir='ltr'><strong>illustrium</strong></span> 
     </span>
     <span class='ocr_line' id='line_1_25' title="bbox 212 2309 2021 2383; baseline 0 -18"><span class='ocrx_word' id='word_1_177' title='bbox 212 2309 563 2381; x_wconf 85' lang='lat' dir='ltr'><strong>Tranquilli’</strong></span> <span class='ocrx_word' id='word_1_178' title='bbox 606 2315 701 2365; x_wconf 87' lang='lat' dir='ltr'><strong>aut</strong></span> <span class='ocrx_word' id='word_1_179' title='bbox 736 2310 1090 2367; x_wconf 77' lang='lat' dir='ltr'><strong>‘Suetonius&#39;</strong></span> <span class='ocrx_word' id='word_1_180' title='bbox 1108 2312 1461 2383; x_wconf 87' lang='lat' dir='ltr'><strong>Tranquillus</strong></span> <span class='ocrx_word' id='word_1_181' title='bbox 1496 2312 1552 2368; x_wconf 91' lang='lat' dir='ltr'><strong>in</strong></span> <span class='ocrx_word' id='word_1_182' title='bbox 1587 2312 1737 2369; x_wconf 90' lang='lat' dir='ltr'><strong>libro</strong></span> <span class='ocrx_word' id='word_1_183' title='bbox 1772 2312 1842 2367; x_wconf 90' lang='lat' dir='ltr'><strong>de</strong></span> <span class='ocrx_word' id='word_1_184' title='bbox 1878 2310 2021 2366; x_wconf 85' lang='lat' dir='ltr'><strong>viris</strong></span> 
     </span>
     <span class='ocr_line' id='line_1_26' title="bbox 211 2393 2019 2466; baseline 0 -18"><span class='ocrx_word' id='word_1_185' title='bbox 211 2394 532 2449; x_wconf 85' lang='lat' dir='ltr'><strong>illustribus</strong></span> <span class='ocrx_word' id='word_1_186' title='bbox 547 2394 593 2463; x_wconf 91' lang='lat'><strong>&#39;,</strong></span> <span class='ocrx_word' id='word_1_187' title='bbox 624 2393 992 2466; x_wconf 83' lang='lat' dir='ltr'><strong>reperitur-in</strong></span> <span class='ocrx_word' id='word_1_188' title='bbox 1023 2395 1207 2450; x_wconf 90' lang='lat' dir='ltr'><strong>multis</strong></span> <span class='ocrx_word' id='word_1_189' title='bbox 1240 2396 1529 2452; x_wconf 88' lang='lat' dir='ltr'><strong>codicibus</strong></span> <span class='ocrx_word' id='word_1_190' title='bbox 1566 2402 1623 2452; x_wconf 90' lang='lat' dir='ltr'><strong>et</strong></span> <span class='ocrx_word' id='word_1_191' title='bbox 1652 2397 1741 2453; x_wconf 86' lang='lat' dir='ltr'><strong>vel</strong></span> <span class='ocrx_word' id='word_1_192' title='bbox 1773 2411 1925 2451; x_wconf 87' lang='lat' dir='ltr'><strong>saec.</strong></span> <span class='ocrx_word' id='word_1_193' title='bbox 1943 2394 2019 2449; x_wconf 88' lang='lat' dir='ltr'><strong>XI</strong></span> 
     </span>
     <span class='ocr_line' id='line_1_27' title="bbox 212 2476 2020 2551; baseline 0 -18"><span class='ocrx_word' id='word_1_194' title='bbox 212 2477 480 2549; x_wconf 86' lang='lat' dir='ltr'><strong>seriptis,</strong></span> <span class='ocrx_word' id='word_1_195' title='bbox 521 2476 660 2532; x_wconf 90' lang='lat' dir='ltr'><strong>nibil</strong></span> <span class='ocrx_word' id='word_1_196' title='bbox 692 2477 842 2533; x_wconf 90' lang='lat' dir='ltr'><strong>inest</strong></span> <span class='ocrx_word' id='word_1_197' title='bbox 869 2485 1062 2550; x_wconf 85' lang='lat' dir='ltr'><strong>aperte</strong></span> <span class='ocrx_word' id='word_1_198' title='bbox 1095 2479 1292 2535; x_wconf 79' lang='lat' dir='ltr'><strong>falsum</strong></span> <span class='ocrx_word' id='word_1_199' title='bbox 1324 2486 1418 2535; x_wconf 88' lang='lat' dir='ltr'><strong>aut</strong></span> <span class='ocrx_word' id='word_1_200' title='bbox 1447 2481 1722 2551; x_wconf 85' lang='lat' dir='ltr'><strong>ineptum,</strong></span> <span class='ocrx_word' id='word_1_201' title='bbox 1755 2477 2020 2535; x_wconf 88' lang='lat' dir='ltr'><strong>nonnulla</strong></span> 
     </span>
     <span class='ocr_line' id='line_1_28' title="bbox 212 2559 2020 2635; baseline -0.001 -19"><span class='ocrx_word' id='word_1_202' title='bbox 212 2568 320 2616; x_wconf 89' lang='lat' dir='ltr'><strong>tam</strong></span> <span class='ocrx_word' id='word_1_203' title='bbox 353 2560 413 2615; x_wconf 89' lang='lat' dir='ltr'><strong>in</strong></span> <span class='ocrx_word' id='word_1_204' title='bbox 455 2559 737 2633; x_wconf 87' lang='lat' dir='ltr'><strong>principio</strong></span> <span class='ocrx_word' id='word_1_205' title='bbox 771 2577 929 2632; x_wconf 88' lang='lat' dir='ltr'><strong>qnam</strong></span> <span class='ocrx_word' id='word_1_206' title='bbox 973 2561 1028 2616; x_wconf 90' lang='lat' dir='ltr'><strong>in</strong></span> <span class='ocrx_word' id='word_1_207' title='bbox 1070 2563 1175 2619; x_wconf 85' lang='lat' dir='ltr'><strong>line</strong></span> <span class='ocrx_word' id='word_1_208' title='bbox 1208 2563 1438 2635; x_wconf 86' lang='lat' dir='ltr'><strong>propria</strong></span> <span class='ocrx_word' id='word_1_209' title='bbox 1481 2569 1608 2619; x_wconf 88' lang='lat' dir='ltr'><strong>sunt</strong></span> <span class='ocrx_word' id='word_1_210' title='bbox 1646 2579 1712 2618; x_wconf 92' lang='lat' dir='ltr'><strong>ac</strong></span> <span class='ocrx_word' id='word_1_211' title='bbox 1756 2577 2020 2632; x_wconf 88' lang='lat' dir='ltr'><strong>nusquam</strong></span> 
     </span>
     <span class='ocr_line' id='line_1_29' title="bbox 212 2644 2019 2716; baseline -0.002 -16"><span class='ocrx_word' id='word_1_212' title='bbox 212 2644 349 2701; x_wconf 90' lang='lat' dir='ltr'><strong>alibi</strong></span> <span class='ocrx_word' id='word_1_213' title='bbox 386 2644 630 2716; x_wconf 86' lang='lat' dir='ltr'><strong>scripta,</strong></span> <span class='ocrx_word' id='word_1_214' title='bbox 660 2644 900 2716; x_wconf 90' lang='lat' dir='ltr'><strong>denique</strong></span> <span class='ocrx_word' id='word_1_215' title='bbox 930 2662 1113 2701; x_wconf 89' lang='lat' dir='ltr'><strong>sermo</strong></span> <span class='ocrx_word' id='word_1_216' title='bbox 1145 2662 1253 2702; x_wconf 90' lang='lat' dir='ltr'><strong>non</strong></span> <span class='ocrx_word' id='word_1_217' title='bbox 1288 2647 1571 2702; x_wconf 87' lang='lat' dir='ltr'><strong>abhorret.</strong></span> <span class='ocrx_word' id='word_1_218' title='bbox 1659 2645 1729 2700; x_wconf 91' lang='lat' dir='ltr'><strong>Et</strong></span> <span class='ocrx_word' id='word_1_219' title='bbox 1756 2644 2019 2700; x_wconf 90' lang='lat' dir='ltr'><strong>debuisse</strong></span> 
     </span>
     <span class='ocr_line' id='line_1_30' title="bbox 213 2724 2022 2800; baseline -0.002 -17"><span class='ocrx_word' id='word_1_220' title='bbox 213 2728 407 2799; x_wconf 87' lang='lat' dir='ltr'><strong>utique</strong></span> <span class='ocrx_word' id='word_1_221' title='bbox 441 2727 507 2783; x_wconf 91' lang='lat' dir='ltr'><strong>in·</strong></span> <span class='ocrx_word' id='word_1_222' title='bbox 534 2727 853 2784; x_wconf 88' lang='lat' dir='ltr'><strong>Illustribus</strong></span> <span class='ocrx_word' id='word_1_223' title='bbox 886 2728 1026 2785; x_wconf 87' lang='lat' dir='ltr'><strong>viris</strong></span> <span class='ocrx_word' id='word_1_224' title='bbox 1070 2730 1253 2784; x_wconf 90' lang='lat' dir='ltr'><strong>locum</strong></span> <span class='ocrx_word' id='word_1_225' title='bbox 1284 2728 1462 2786; x_wconf 90' lang='lat' dir='ltr'><strong>Plinio</strong></span> <span class='ocrx_word' id='word_1_226' title='bbox 1495 2727 1808 2800; x_wconf 82' lang='lat' dir='ltr'><strong>assignari,</strong></span> <span class='ocrx_word' id='word_1_227' title='bbox 1847 2724 2022 2782; x_wconf 89' lang='lat' dir='ltr'><strong>nemi-</strong></span> 
     </span>
     <span class='ocr_line' id='line_1_31' title="bbox 215 2805 610 2884; baseline -0.003 -18"><span class='ocrx_word' id='word_1_228' title='bbox 215 2828 334 2866; x_wconf 89' lang='lat' dir='ltr'><strong>nem</strong></span> <span class='ocrx_word' id='word_1_229' title='bbox 366 2805 610 2884; x_wconf 57' lang='lat' dir='ltr'><strong>latetffi).</strong></span> 
     </span>
    </p>
   </div>
   <div class='ocr_carea' id='block_1_3' title="bbox 215 2940 376 2951">
    <p class='ocr_par' dir='ltr' id='par_1_4' title="bbox 215 2940 376 2951">
     <span class='ocr_line' id='line_1_32' title="bbox 215 2940 376 2951; baseline 0 0"><span class='ocrx_word' id='word_1_230' title='bbox 215 2940 376 2951; x_wconf 95' lang='lat' dir='ltr'><strong> </strong></span> 
     </span>
    </p>
   </div>
   <div class='ocr_carea' id='block_1_4' title="bbox 382 2941 616 2949">
    <p class='ocr_par' dir='ltr' id='par_1_5' title="bbox 382 2941 616 2949">
     <span class='ocr_line' id='line_1_33' title="bbox 382 2941 616 2949; baseline 0 0"><span class='ocrx_word' id='word_1_231' title='bbox 382 2941 616 2949; x_wconf 95' lang='lat' dir='ltr'><strong> </strong></span> 
     </span>
    </p>
   </div>
   <div class='ocr_carea' id='block_1_5' title="bbox 212 3003 2025 3551">
    <p class='ocr_par' dir='ltr' id='par_1_6' title="bbox 213 3003 2025 3265">
     <span class='ocr_line' id='line_1_34' title="bbox 346 3003 2022 3072; baseline 0.002 -17"><span class='ocrx_word' id='word_1_232' title='bbox 346 3003 444 3066; x_wconf 77' lang='lat'><strong>85)</strong></span> <span class='ocrx_word' id='word_1_233' title='bbox 462 3005 593 3055; x_wconf 84' lang='lat' dir='ltr'><strong>Eum</strong></span> <span class='ocrx_word' id='word_1_234' title='bbox 615 3021 816 3072; x_wconf 90' lang='lat' dir='ltr'><strong>quoque</strong></span> <span class='ocrx_word' id='word_1_235' title='bbox 835 3007 1127 3058; x_wconf 85' lang='lat' dir='ltr'><strong>historicum</strong></span> <span class='ocrx_word' id='word_1_236' title='bbox 1151 3008 1314 3059; x_wconf 79' lang='lat' dir='ltr'><strong>fuisse</strong></span> <span class='ocrx_word' id='word_1_237' title='bbox 1337 3011 1681 3059; x_wconf 82' lang='lat' dir='ltr'><strong>demonstrare</strong></span> <span class='ocrx_word' id='word_1_238' title='bbox 1700 3010 1808 3059; x_wconf 85' lang='lat' dir='ltr'><strong>vult</strong></span> <span class='ocrx_word' id='word_1_239' title='bbox 1824 3008 2022 3059; x_wconf 81' lang='lat' dir='ltr'><strong>vallar-</strong></span> 
     </span>
     <span class='ocr_line' id='line_1_35' title="bbox 215 3074 2025 3142; baseline 0.001 -17"><span class='ocrx_word' id='word_1_240' title='bbox 215 3075 319 3125; x_wconf 83' lang='lat' dir='ltr'><strong>sius</strong></span> <span class='ocrx_word' id='word_1_241' title='bbox 345 3074 413 3124; x_wconf 82' lang='lat' dir='ltr'><strong>ad</strong></span> <span class='ocrx_word' id='word_1_242' title='bbox 437 3089 553 3124; x_wconf 90' lang='lat' dir='ltr'><strong>eum</strong></span> <span class='ocrx_word' id='word_1_243' title='bbox 581 3076 747 3126; x_wconf 84' lang='lat' dir='ltr'><strong>locum</strong></span> <span class='ocrx_word' id='word_1_244' title='bbox 784 3075 1021 3125; x_wconf 88' lang='lat' dir='ltr'><strong>chronici.</strong></span> <span class='ocrx_word' id='word_1_245' title='bbox 1096 3077 1331 3127; x_wconf 83' lang='lat' dir='ltr'><strong>Ceterum</strong></span> <span class='ocrx_word' id='word_1_246' title='bbox 1360 3090 1488 3142; x_wconf 90' lang='lat' dir='ltr'><strong>quos</strong></span> <span class='ocrx_word' id='word_1_247' title='bbox 1513 3077 1715 3126; x_wconf 90' lang='lat' dir='ltr'><strong>codices</strong></span> <span class='ocrx_word' id='word_1_248' title='bbox 1744 3077 1878 3126; x_wconf 89' lang='lat' dir='ltr'><strong>idem</strong></span> <span class='ocrx_word' id='word_1_249' title='bbox 1900 3077 2025 3127; x_wconf 86' lang='lat' dir='ltr'><strong>Val-</strong></span> 
     </span>
     <span class='ocr_line' id='line_1_36' title="bbox 213 3142 2025 3209; baseline 0.002 -17"><span class='ocrx_word' id='word_1_250' title='bbox 213 3142 395 3193; x_wconf 84' lang='lat' dir='ltr'><strong>larsius</strong></span> <span class='ocrx_word' id='word_1_251' title='bbox 419 3143 608 3194; x_wconf 87' lang='lat' dir='ltr'><strong>liberos</strong></span> <span class='ocrx_word' id='word_1_252' title='bbox 623 3159 738 3195; x_wconf 91' lang='lat' dir='ltr'><strong>esse</strong></span> <span class='ocrx_word' id='word_1_253' title='bbox 757 3146 826 3195; x_wconf 83' lang='lat' dir='ltr'><strong>ait</strong></span> <span class='ocrx_word' id='word_1_254' title='bbox 849 3144 1190 3195; x_wconf 84' lang='lat' dir='ltr'><strong>additamento</strong></span> <span class='ocrx_word' id='word_1_255' title='bbox 1228 3146 1330 3206; x_wconf 91' lang='lat' dir='ltr'><strong>illo,</strong></span> <span class='ocrx_word' id='word_1_256' title='bbox 1359 3145 1493 3209; x_wconf 88' lang='lat' dir='ltr'><strong>quod</strong></span> <span class='ocrx_word' id='word_1_257' title='bbox 1516 3151 1591 3194; x_wconf 84' lang='lat' dir='ltr'><strong>est</strong></span> <span class='ocrx_word' id='word_1_258' title='bbox 1609 3144 1674 3194; x_wconf 92' lang='lat' dir='ltr'><strong>de</strong></span> <span class='ocrx_word' id='word_1_259' title='bbox 1683 3144 1923 3206; x_wconf 84' lang='lat' dir='ltr'><strong>Vesuvio,</strong></span> <span class='ocrx_word' id='word_1_260' title='bbox 1958 3145 2025 3195; x_wconf 85' lang='lat' dir='ltr'><strong>ti·-</strong></span> 
     </span>
     <span class='ocr_line' id='line_1_37' title="bbox 215 3211 1409 3265; baseline 0.002 -3"><span class='ocrx_word' id='word_1_261' title='bbox 215 3225 321 3262; x_wconf 88' lang='lat' dir='ltr'><strong>meo</strong></span> <span class='ocrx_word' id='word_1_262' title='bbox 358 3225 423 3261; x_wconf 90' lang='lat' dir='ltr'><strong>ne</strong></span> <span class='ocrx_word' id='word_1_263' title='bbox 450 3213 653 3264; x_wconf 87' lang='lat' dir='ltr'><strong>saeculo</strong></span> <span class='ocrx_word' id='word_1_264' title='bbox 676 3211 792 3264; x_wconf 88' lang='lat' dir='ltr'><strong>XV.</strong></span> <span class='ocrx_word' id='word_1_265' title='bbox 818 3228 920 3263; x_wconf 88' lang='lat' dir='ltr'><strong>non</strong></span> <span class='ocrx_word' id='word_1_266' title='bbox 958 3215 1262 3265; x_wconf 83' lang='lat' dir='ltr'><strong>vetustiores</strong></span> <span class='ocrx_word' id='word_1_267' title='bbox 1291 3215 1409 3264; x_wconf 87' lang='lat' dir='ltr'><strong>sint.</strong></span> 
     </span>
    </p>

    <p class='ocr_par' dir='ltr' id='par_1_7' title="bbox 212 3278 2020 3551">
     <span class='ocr_line' id='line_1_38' title="bbox 347 3278 2020 3347; baseline 0.003 -18"><span class='ocrx_word' id='word_1_268' title='bbox 347 3278 444 3343; x_wconf 85' lang='lat'><strong>86)</strong></span> <span class='ocrx_word' id='word_1_269' title='bbox 490 3281 744 3331; x_wconf 80' lang='lat' dir='ltr'><strong>Intellexit</strong></span> <span class='ocrx_word' id='word_1_270' title='bbox 785 3281 882 3332; x_wconf 91' lang='lat' dir='ltr'><strong>hoc</strong></span> <span class='ocrx_word' id='word_1_271' title='bbox 927 3282 1257 3332; x_wconf 86' lang='lat' dir='ltr'><strong>Casaubonus</strong></span> <span class='ocrx_word' id='word_1_272' title='bbox 1303 3297 1531 3347; x_wconf 86' lang='lat' dir='ltr'><strong>quoque,</strong></span> <span class='ocrx_word' id='word_1_273' title='bbox 1578 3283 1669 3334; x_wconf 89' lang='lat' dir='ltr'><strong>sed</strong></span> <span class='ocrx_word' id='word_1_274' title='bbox 1716 3282 1845 3333; x_wconf 84' lang='lat' dir='ltr'><strong>mira</strong></span> <span class='ocrx_word' id='word_1_275' title='bbox 1886 3281 2020 3334; x_wconf 73' lang='lat' dir='ltr'><strong>indi·</strong></span> 
     </span>
     <span class='ocr_line' id='line_1_39' title="bbox 212 3348 2020 3417; baseline 0.001 -19"><span class='ocrx_word' id='word_1_276' title='bbox 212 3348 362 3399; x_wconf 81' lang='lat' dir='ltr'><strong>candi</strong></span> <span class='ocrx_word' id='word_1_277' title='bbox 396 3350 737 3413; x_wconf 79' lang='lat' dir='ltr'><strong>perversitate</strong></span> <span class='ocrx_word' id='word_1_278' title='bbox 770 3350 923 3400; x_wconf 81' lang='lat' dir='ltr'><strong>vitam</strong></span> <span class='ocrx_word' id='word_1_279' title='bbox 959 3367 1011 3416; x_wconf 87' lang='lat' dir='ltr'><strong>p.</strong></span> <span class='ocrx_word' id='word_1_280' title='bbox 1043 3350 1163 3408; x_wconf 90' lang='lat'>301,</span> <span class='ocrx_word' id='word_1_281' title='bbox 1199 3351 1231 3400; x_wconf 88' lang='grc'><strong>5</strong></span> <span class='ocrx_word' id='word_1_282' title='bbox 1266 3352 1503 3417; x_wconf 84' lang='lat' dir='ltr'><strong>positam,</strong></span> <span class='ocrx_word' id='word_1_283' title='bbox 1543 3366 1694 3415; x_wconf 87' lang='lat' dir='ltr'><strong>quam</strong></span> <span class='ocrx_word' id='word_1_284' title='bbox 1729 3350 2020 3400; x_wconf 80' lang='lat' dir='ltr'><strong>Mansiona-</strong></span> 
     </span>
     <span class='ocr_line' id='line_1_40' title="bbox 214 3415 2020 3484; baseline -0.001 -18"><span class='ocrx_word' id='word_1_285' title='bbox 214 3419 317 3467; x_wconf 86' lang='lat' dir='ltr'><strong>rins</strong></span> <span class='ocrx_word' id='word_1_286' title='bbox 354 3417 439 3466; x_wconf 91' lang='lat' dir='ltr'><strong>ille</strong></span> <span class='ocrx_word' id='word_1_287' title='bbox 482 3433 512 3467; x_wconf 92' lang='lat' dir='ltr'><strong>e</strong></span> <span class='ocrx_word' id='word_1_288' title='bbox 538 3415 850 3468; x_wconf 83' lang='lat' dir='ltr'><strong>Suetoniana</strong></span> <span class='ocrx_word' id='word_1_289' title='bbox 878 3428 927 3470; x_wconf 82' lang='lat' dir='ltr'><strong>et</strong></span> <span class='ocrx_word' id='word_1_290' title='bbox 948 3419 1098 3469; x_wconf 90' lang='lat' dir='ltr'><strong>Plinii</strong></span> <span class='ocrx_word' id='word_1_291' title='bbox 1128 3420 1355 3484; x_wconf 83' lang='lat' dir='ltr'><strong>epistolis</strong></span> <span class='ocrx_word' id='word_1_292' title='bbox 1391 3418 1441 3480; x_wconf 83' lang='lat'><strong>3,</strong></span> <span class='ocrx_word' id='word_1_293' title='bbox 1463 3421 1513 3470; x_wconf 87' lang='grc'><strong>5.</strong></span> <span class='ocrx_word' id='word_1_294' title='bbox 1551 3420 1601 3482; x_wconf 86' lang='grc'><strong>6,</strong></span> <span class='ocrx_word' id='word_1_295' title='bbox 1628 3419 1689 3470; x_wconf 87' lang='grc'><strong>16</strong></span> <span class='ocrx_word' id='word_1_296' title='bbox 1726 3427 1775 3469; x_wconf 86' lang='lat' dir='ltr'><strong>et</strong></span> <span class='ocrx_word' id='word_1_297' title='bbox 1801 3420 1909 3469; x_wconf 88' lang='lat' dir='ltr'><strong>suis</strong></span> <span class='ocrx_word' id='word_1_298' title='bbox 1941 3419 2020 3466; x_wconf 88' lang='lat' dir='ltr'><strong>in-</strong></span> 
     </span>
     <span class='ocr_line' id='line_1_41' title="bbox 215 3486 1476 3551; baseline 0.005 -18"><span class='ocrx_word' id='word_1_299' title='bbox 215 3486 360 3551; x_wconf 82' lang='lat' dir='ltr'><strong>eptiis</strong></span> <span class='ocrx_word' id='word_1_300' title='bbox 396 3488 724 3537; x_wconf 67' lang='lat' dir='ltr'><strong>concinnant</strong></span> <span class='ocrx_word' id='word_1_301' title='bbox 739 3523 752 3545; x_wconf 89' lang='lat'><strong>,</strong></span> <span class='ocrx_word' id='word_1_302' title='bbox 790 3489 1110 3538; x_wconf 78' lang='lat' dir='ltr'><strong>vetustIorem</strong></span> <span class='ocrx_word' id='word_1_303' title='bbox 1153 3488 1476 3539; x_wconf 83' lang='lat' dir='ltr'><strong>existimavit.</strong></span> 
     </span>
    </p>
   </div>
  </div>
 </body>
</html>
