<?xml version="1.0" encoding="UTF-8"?>
<!DOCTYPE html PUBLIC "-//W3C//DTD XHTML 1.0 Transitional//EN"
    "http://www.w3.org/TR/xhtml1/DTD/xhtml1-transitional.dtd">
<html xmlns="http://www.w3.org/1999/xhtml" xml:lang="en" lang="en">
 <head>
  <title>
</title>
<meta http-equiv="Content-Type" content="text/html;charset=utf-8" />
  <meta name='ocr-system' content='tesseract 3.04.00' />
  <meta name='ocr-capabilities' content='ocr_page ocr_carea ocr_par ocr_line ocrx_word'/>
</head>
<body>
  <div class='ocr_page' id='page_1' title='image "./csuetonitranqui06rothgoog_0426.png"; bbox 0 0 2553 3960; ppageno 0'>
   <div class='ocr_carea' id='block_1_1' title="bbox 390 224 1833 291">
    <p class='ocr_par' dir='ltr' id='par_1_1' title="bbox 390 224 1833 291">
     <span class='ocr_line' id='line_1_1' title="bbox 390 224 1833 291; baseline -0.007 -4"><span class='ocrx_word' id='word_1_1' title='bbox 390 224 507 287; x_wconf 78' lang='lat'><strong>314</strong></span> <span class='ocrx_word' id='word_1_2' title='bbox 935 235 996 285; x_wconf 90' lang='lat' dir='ltr'><strong>c.</strong></span> <span class='ocrx_word' id='word_1_3' title='bbox 1041 232 1369 285; x_wconf 71' lang='lat' dir='ltr'><strong>summm</strong></span> <span class='ocrx_word' id='word_1_4' title='bbox 1405 231 1833 291; x_wconf 73' lang='lat' dir='ltr'>TRANQUILM</span> 
     </span>
    </p>
   </div>
   <div class='ocr_carea' id='block_1_2' title="bbox 387 384 2438 1056">
    <p class='ocr_par' dir='ltr' id='par_1_2' title="bbox 389 384 2405 538">
     <span class='ocr_line' id='line_1_2' title="bbox 512 384 2405 468; baseline -0.003 -15"><span class='ocrx_word' id='word_1_5' title='bbox 512 392 735 468; x_wconf 78' lang='lat' dir='ltr'><strong>Status,</strong></span> <span class='ocrx_word' id='word_1_6' title='bbox 783 388 1050 466; x_wconf 89' lang='lat' dir='ltr'><strong>statutus]</strong></span> <span class='ocrx_word' id='word_1_7' title='bbox 1097 395 1338 448; x_wconf 85' lang='lat' dir='ltr'><strong>statutus</strong></span> <span class='ocrx_word' id='word_1_8' title='bbox 1382 394 1473 446; x_wconf 90' lang='lat' dir='ltr'><strong>est</strong></span> <span class='ocrx_word' id='word_1_9' title='bbox 1515 384 1872 461; x_wconf 87' lang='lat' dir='ltr'><strong>collocatus,</strong></span> <span class='ocrx_word' id='word_1_10' title='bbox 1927 392 2110 445; x_wconf 87' lang='lat' dir='ltr'><strong>status</strong></span> <span class='ocrx_word' id='word_1_11' title='bbox 2155 384 2405 447; x_wconf 78' lang='lat' dir='ltr'><strong>habitus</strong></span> 
     </span>
     <span class='ocr_line' id='line_1_3' title="bbox 389 475 1540 538; baseline -0.005 -2"><span class='ocrx_word' id='word_1_12' title='bbox 389 475 613 537; x_wconf 87' lang='lat' dir='ltr'><strong>stantis.</strong></span> <span class='ocrx_word' id='word_1_13' title='bbox 1532 531 1540 538; x_wconf 75' lang='grc'><strong>,</strong></span> 
     </span>
    </p>

    <p class='ocr_par' dir='ltr' id='par_1_3' title="bbox 387 551 2438 955">
     <span class='ocr_line' id='line_1_4' title="bbox 512 551 2398 636; baseline -0.004 -17"><span class='ocrx_word' id='word_1_14' title='bbox 512 557 771 636; x_wconf 78' lang='lat' dir='ltr'><strong>Accidit,</strong></span> <span class='ocrx_word' id='word_1_15' title='bbox 814 556 1090 634; x_wconf 81' lang='lat' dir='ltr'><strong>contigit,</strong></span> <span class='ocrx_word' id='word_1_16' title='bbox 1121 555 1348 632; x_wconf 80' lang='lat' dir='ltr'><strong>evenit,</strong></span> <span class='ocrx_word' id='word_1_17' title='bbox 1394 552 1614 633; x_wconf 79' lang='lat' dir='ltr'><strong>incidit]</strong></span> <span class='ocrx_word' id='word_1_18' title='bbox 1645 551 1854 612; x_wconf 87' lang='lat' dir='ltr'><strong>accidit</strong></span> <span class='ocrx_word' id='word_1_19' title='bbox 1883 568 2066 629; x_wconf 78' lang='lat' dir='ltr'><strong>grave</strong></span> <span class='ocrx_word' id='word_1_20' title='bbox 2100 559 2163 610; x_wconf 90' lang='lat' dir='ltr'><strong>et</strong></span> <span class='ocrx_word' id='word_1_21' title='bbox 2187 555 2398 618; x_wconf 79' lang='lat' dir='ltr'><strong>triste;</strong></span> 
     </span>
     <span class='ocr_line' id='line_1_5' title="bbox 393 634 2397 720; baseline -0.004 -17"><span class='ocrx_word' id='word_1_22' title='bbox 393 643 633 720; x_wconf 80' lang='lat' dir='ltr'><strong>contigit</strong></span> <span class='ocrx_word' id='word_1_23' title='bbox 662 640 816 720; x_wconf 91' lang='lat' dir='ltr'><strong>quod</strong></span> <span class='ocrx_word' id='word_1_24' title='bbox 849 642 1086 720; x_wconf 87' lang='lat' dir='ltr'><strong>petitum</strong></span> <span class='ocrx_word' id='word_1_25' title='bbox 1116 646 1175 699; x_wconf 90' lang='lat' dir='ltr'><strong>et</strong></span> <span class='ocrx_word' id='word_1_26' title='bbox 1203 636 1415 697; x_wconf 88' lang='lat' dir='ltr'><strong>bonum</strong></span> <span class='ocrx_word' id='word_1_27' title='bbox 1447 645 1566 713; x_wconf 90' lang='lat' dir='ltr'><strong>est,</strong></span> <span class='ocrx_word' id='word_1_28' title='bbox 1608 636 1769 715; x_wconf 89' lang='lat' dir='ltr'><strong>quasi</strong></span> <span class='ocrx_word' id='word_1_29' title='bbox 1801 635 2134 712; x_wconf 83' lang='lat' dir='ltr'><strong>contiguum</strong></span> <span class='ocrx_word' id='word_1_30' title='bbox 2179 634 2397 696; x_wconf 88' lang='lat' dir='ltr'><strong>labore</strong></span> 
     </span>
     <span class='ocr_line' id='line_1_6' title="bbox 389 717 2438 803; baseline -0.004 -18"><span class='ocrx_word' id='word_1_31' title='bbox 389 735 551 796; x_wconf 87' lang='lat' dir='ltr'><strong>acto;</strong></span> <span class='ocrx_word' id='word_1_32' title='bbox 597 725 791 785; x_wconf 90' lang='lat' dir='ltr'><strong>evenit</strong></span> <span class='ocrx_word' id='word_1_33' title='bbox 822 722 977 803; x_wconf 91' lang='lat' dir='ltr'><strong>quod</strong></span> <span class='ocrx_word' id='word_1_34' title='bbox 1007 723 1170 802; x_wconf 82' lang='lat' dir='ltr'><strong>quasi</strong></span> <span class='ocrx_word' id='word_1_35' title='bbox 1201 729 1368 781; x_wconf 81' lang='lat' dir='ltr'><strong>extra</strong></span> <span class='ocrx_word' id='word_1_36' title='bbox 1395 720 1584 797; x_wconf 81' lang='lat' dir='ltr'><strong>venit,</strong></span> <span class='ocrx_word' id='word_1_37' title='bbox 1629 719 1687 779; x_wconf 90' lang='lat' dir='ltr'><strong>id</strong></span> <span class='ocrx_word' id='word_1_38' title='bbox 1715 728 1805 779; x_wconf 89' lang='lat' dir='ltr'><strong>est</strong></span> <span class='ocrx_word' id='word_1_39' title='bbox 1833 717 1985 799; x_wconf 89' lang='lat' dir='ltr'><strong>quod</strong></span> <span class='ocrx_word' id='word_1_40' title='bbox 2013 736 2130 778; x_wconf 88' lang='lat' dir='ltr'><strong>nec</strong></span> <span class='ocrx_word' id='word_1_41' title='bbox 2165 721 2396 796; x_wconf 77' lang='lat' dir='ltr'><strong>cogita·</strong></span> <span class='ocrx_word' id='word_1_42' title='bbox 2414 739 2438 778; x_wconf 73' lang='grc' dir='ltr'>ε</span> 
     </span>
     <span class='ocr_line' id='line_1_7' title="bbox 388 803 2393 888; baseline -0.004 -18"><span class='ocrx_word' id='word_1_43' title='bbox 388 811 571 869; x_wconf 90' lang='lat' dir='ltr'><strong>vimus</strong></span> <span class='ocrx_word' id='word_1_44' title='bbox 602 826 714 869; x_wconf 90' lang='lat' dir='ltr'><strong>nec</strong></span> <span class='ocrx_word' id='word_1_45' title='bbox 744 806 1049 888; x_wconf 88' lang='lat' dir='ltr'><strong>petivimus</strong></span> <span class='ocrx_word' id='word_1_46' title='bbox 1090 822 1202 865; x_wconf 88' lang='lat' dir='ltr'><strong>nec</strong></span> <span class='ocrx_word' id='word_1_47' title='bbox 1231 805 1546 874; x_wconf 66' lang='lat' dir='ltr'><strong>timuimusg</strong></span> <span class='ocrx_word' id='word_1_48' title='bbox 1587 803 1785 865; x_wconf 85' lang='lat' dir='ltr'><strong>incidit</strong></span> <span class='ocrx_word' id='word_1_49' title='bbox 1813 804 1908 882; x_wconf 88' lang='lat' dir='ltr'><strong>qui</strong></span> <span class='ocrx_word' id='word_1_50' title='bbox 1940 803 1998 861; x_wconf 91' lang='lat' dir='ltr'><strong>in</strong></span> <span class='ocrx_word' id='word_1_51' title='bbox 2029 820 2153 862; x_wconf 91' lang='lat' dir='ltr'><strong>rem</strong></span> <span class='ocrx_word' id='word_1_52' title='bbox 2189 804 2393 882; x_wconf 87' lang='lat' dir='ltr'><strong>inspe-</strong></span> 
     </span>
     <span class='ocr_line' id='line_1_8' title="bbox 387 891 829 955; baseline -0.007 -2"><span class='ocrx_word' id='word_1_53' title='bbox 387 902 566 955; x_wconf 81' lang='lat' dir='ltr'><strong>ratam</strong></span> <span class='ocrx_word' id='word_1_54' title='bbox 600 891 829 954; x_wconf 90' lang='lat' dir='ltr'><strong>cecidit.</strong></span> 
     </span>
    </p>

    <p class='ocr_par' dir='ltr' id='par_1_4' title="bbox 504 971 2350 1056">
     <span class='ocr_line' id='line_1_9' title="bbox 504 971 2350 1056; baseline -0.004 -19"><span class='ocrx_word' id='word_1_55' title='bbox 504 976 623 1056; x_wconf 82' lang='lat' dir='ltr'><strong>Ad]</strong></span> <span class='ocrx_word' id='word_1_56' title='bbox 648 989 1066 1053; x_wconf 78' lang='lat' dir='ltr'><strong>nonnumquam</strong></span> <span class='ocrx_word' id='word_1_57' title='bbox 1085 971 1221 1032; x_wconf 93' lang='lat' dir='ltr'><strong>loco</strong></span> <span class='ocrx_word' id='word_1_58' title='bbox 1257 971 1548 1045; x_wconf 90' lang='lat' dir='ltr'><strong>convenit,</strong></span> <span class='ocrx_word' id='word_1_59' title='bbox 1577 986 1994 1047; x_wconf 81' lang='lat' dir='ltr'><strong>nonnumquam</strong></span> <span class='ocrx_word' id='word_1_60' title='bbox 2026 986 2350 1048; x_wconf 80' lang='lat' dir='ltr'><strong>personae.</strong></span> 
     </span>
    </p>
   </div>
   <div class='ocr_carea' id='block_1_3' title="bbox 504 1052 2451 1206">
    <p class='ocr_par' dir='ltr' id='par_1_5' title="bbox 504 1052 2451 1206">
     <span class='ocr_line' id='line_1_10' title="bbox 504 1052 2150 1137; baseline -0.005 -17"><span class='ocrx_word' id='word_1_61' title='bbox 504 1060 663 1121; x_wconf 90' lang='lat' dir='ltr'><strong>Inter</strong></span> <span class='ocrx_word' id='word_1_62' title='bbox 692 1057 845 1137; x_wconf 90' lang='lat' dir='ltr'><strong>apud</strong></span> <span class='ocrx_word' id='word_1_63' title='bbox 878 1065 936 1117; x_wconf 91' lang='lat' dir='ltr'><strong>et</strong></span> <span class='ocrx_word' id='word_1_64' title='bbox 965 1055 1174 1136; x_wconf 90' lang='lat' dir='ltr'><strong>penes]</strong></span> <span class='ocrx_word' id='word_1_65' title='bbox 1214 1053 1367 1134; x_wconf 91' lang='lat' dir='ltr'><strong>apud</strong></span> <span class='ocrx_word' id='word_1_66' title='bbox 1397 1071 1706 1132; x_wconf 88' lang='lat' dir='ltr'><strong>personam</strong></span> <span class='ocrx_word' id='word_1_67' title='bbox 1734 1053 2023 1131; x_wconf 79' lang='lat' dir='ltr'><strong>significat</strong></span> <span class='ocrx_word' id='word_1_68' title='bbox 2050 1053 2083 1095; x_wconf 86' lang='grc'><em>*</em></span> <span class='ocrx_word' id='word_1_69' title='bbox 2115 1052 2150 1093; x_wconf 81' lang='grc'><em>*</em></span> 
     </span>
     <span class='ocr_line' id='line_1_11' title="bbox 1164 1152 2451 1206; baseline -0.004 -11"><span class='ocrx_word' id='word_1_70' title='bbox 1164 1153 1197 1195; x_wconf 79' lang='lat'>*</span> <span class='ocrx_word' id='word_1_71' title='bbox 1367 1152 1400 1194; x_wconf 67' lang='grc' dir='ltr'><strong>ια</strong></span> <span class='ocrx_word' id='word_1_72' title='bbox 1568 1152 1601 1194; x_wconf 79' lang='lat'>*</span> <span class='ocrx_word' id='word_1_73' title='bbox 2366 1169 2373 1174; x_wconf 89' lang='lat'><em>-</em></span> <span class='ocrx_word' id='word_1_74' title='bbox 2410 1166 2451 1206; x_wconf 63' lang='grc' dir='ltr'><strong>,ο</strong></span> 
     </span>
    </p>
   </div>
   <div class='ocr_carea' id='block_1_4' title="bbox 386 1230 2389 1398">
    <p class='ocr_par' dir='ltr' id='par_1_6' title="bbox 386 1230 2389 1398">
     <span class='ocr_line' id='line_1_12' title="bbox 512 1230 2389 1319; baseline -0.001 -22"><span class='ocrx_word' id='word_1_75' title='bbox 512 1235 901 1298; x_wconf 77' lang='lat' dir='ltr'><strong>Innocentem</strong></span> <span class='ocrx_word' id='word_1_76' title='bbox 940 1243 998 1297; x_wconf 87' lang='lat' dir='ltr'><strong>et</strong></span> <span class='ocrx_word' id='word_1_77' title='bbox 1044 1230 1395 1319; x_wconf 80' lang='lat' dir='ltr'><strong>innocuum]</strong></span> <span class='ocrx_word' id='word_1_78' title='bbox 1429 1235 1720 1297; x_wconf 75' lang='lat' dir='ltr'><strong>innocens</strong></span> <span class='ocrx_word' id='word_1_79' title='bbox 1765 1233 2096 1295; x_wconf 69' lang='lat' dir='ltr'><strong>sanctitate</strong></span> <span class='ocrx_word' id='word_1_80' title='bbox 2142 1251 2389 1296; x_wconf 67' lang='lat' dir='ltr'><strong>ntorum</strong></span> 
     </span>
     <span class='ocr_line' id='line_1_13' title="bbox 386 1318 2015 1398; baseline -0.002 -17"><span class='ocrx_word' id='word_1_81' title='bbox 386 1320 783 1398; x_wconf 81' lang='lat' dir='ltr'><strong>intellegitur,</strong></span> <span class='ocrx_word' id='word_1_82' title='bbox 820 1321 1103 1380; x_wconf 90' lang='lat' dir='ltr'><strong>innocuus</strong></span> <span class='ocrx_word' id='word_1_83' title='bbox 1133 1320 1373 1398; x_wconf 88' lang='lat' dir='ltr'><strong>quinon</strong></span> <span class='ocrx_word' id='word_1_84' title='bbox 1399 1318 1576 1379; x_wconf 86' lang='lat' dir='ltr'><strong>habet</strong></span> <span class='ocrx_word' id='word_1_85' title='bbox 1605 1320 1719 1379; x_wconf 92' lang='lat' dir='ltr'><strong>vim</strong></span> <span class='ocrx_word' id='word_1_86' title='bbox 1748 1318 2015 1378; x_wconf 90' lang='lat' dir='ltr'><strong>nocendi.</strong></span> 
     </span>
    </p>
   </div>
   <div class='ocr_carea' id='block_1_5' title="bbox 381 1416 2440 2085">
    <p class='ocr_par' dir='ltr' id='par_1_7' title="bbox 383 1416 2440 1748">
     <span class='ocr_line' id='line_1_14' title="bbox 507 1416 2387 1498; baseline 0 -20"><span class='ocrx_word' id='word_1_87' title='bbox 507 1419 540 1461; x_wconf 86' lang='grc'><em>*</em></span> <span class='ocrx_word' id='word_1_88' title='bbox 586 1416 833 1478; x_wconf 89' lang='lat' dir='ltr'><strong>nimbum</strong></span> <span class='ocrx_word' id='word_1_89' title='bbox 867 1427 924 1478; x_wconf 92' lang='lat' dir='ltr'><strong>et</strong></span> <span class='ocrx_word' id='word_1_90' title='bbox 968 1416 1242 1498; x_wconf 85' lang='lat' dir='ltr'><strong>pluviam]</strong></span> <span class='ocrx_word' id='word_1_91' title='bbox 1275 1417 1309 1459; x_wconf 86' lang='lat'>*</span> <span class='ocrx_word' id='word_1_92' title='bbox 1339 1417 1372 1459; x_wconf 86' lang='grc'><em>*</em></span> <span class='ocrx_word' id='word_1_93' title='bbox 1418 1416 1612 1497; x_wconf 89' lang='lat' dir='ltr'><strong>pluvia</strong></span> <span class='ocrx_word' id='word_1_94' title='bbox 1642 1425 1733 1477; x_wconf 91' lang='lat' dir='ltr'><strong>est</strong></span> <span class='ocrx_word' id='word_1_95' title='bbox 1771 1433 1939 1496; x_wconf 90' lang='lat' dir='ltr'><strong>quam</strong></span> <span class='ocrx_word' id='word_1_96' title='bbox 1971 1417 2028 1476; x_wconf 87' lang='lat' dir='ltr'><strong>vi</strong></span> <span class='ocrx_word' id='word_1_97' title='bbox 2074 1424 2387 1478; x_wconf 87' lang='lat' dir='ltr'><strong>ventorum</strong></span> 
     </span>
     <span class='ocr_line' id='line_1_15' title="bbox 384 1500 2385 1582; baseline -0 -19"><span class='ocrx_word' id='word_1_98' title='bbox 384 1501 569 1563; x_wconf 86' lang='lat' dir='ltr'><strong>nubes</strong></span> <span class='ocrx_word' id='word_1_99' title='bbox 612 1501 855 1582; x_wconf 81' lang='lat' dir='ltr'><strong>pluvere</strong></span> <span class='ocrx_word' id='word_1_100' title='bbox 901 1510 1211 1579; x_wconf 81' lang='lat' dir='ltr'><strong>coguntur,</strong></span> <span class='ocrx_word' id='word_1_101' title='bbox 1259 1500 1318 1560; x_wconf 93' lang='lat' dir='ltr'><strong>id</strong></span> <span class='ocrx_word' id='word_1_102' title='bbox 1346 1509 1436 1561; x_wconf 91' lang='lat' dir='ltr'><strong>est</strong></span> <span class='ocrx_word' id='word_1_103' title='bbox 1466 1500 1635 1580; x_wconf 92' lang='lat' dir='ltr'><strong>pulsu</strong></span> <span class='ocrx_word' id='word_1_104' title='bbox 1675 1500 1933 1561; x_wconf 87' lang='lat' dir='ltr'><strong>violento</strong></span> <span class='ocrx_word' id='word_1_105' title='bbox 1975 1501 2310 1579; x_wconf 84' lang='lat' dir='ltr'><strong>exprimunt</strong></span> <span class='ocrx_word' id='word_1_106' title='bbox 2352 1520 2385 1561; x_wconf 89' lang='lat' dir='ltr'><strong>e</strong></span> 
     </span>
     <span class='ocr_line' id='line_1_16' title="bbox 383 1584 2440 1665; baseline -0.002 -18"><span class='ocrx_word' id='word_1_107' title='bbox 383 1586 629 1647; x_wconf 90' lang='lat' dir='ltr'><strong>nubibus</strong></span> <span class='ocrx_word' id='word_1_108' title='bbox 659 1586 844 1656; x_wconf 81' lang='lat' dir='ltr'><strong>venti3</strong></span> <span class='ocrx_word' id='word_1_109' title='bbox 875 1586 1095 1645; x_wconf 90' lang='lat' dir='ltr'><strong>nimbus</strong></span> <span class='ocrx_word' id='word_1_110' title='bbox 1128 1584 1409 1644; x_wconf 89' lang='lat' dir='ltr'><strong>interdum</strong></span> <span class='ocrx_word' id='word_1_111' title='bbox 1442 1585 1685 1663; x_wconf 87' lang='lat' dir='ltr'><strong>erumpit</strong></span> <span class='ocrx_word' id='word_1_112' title='bbox 1712 1594 1773 1644; x_wconf 89' lang='lat' dir='ltr'><strong>ut</strong></span> <span class='ocrx_word' id='word_1_113' title='bbox 1803 1584 2049 1661; x_wconf 85' lang='lat' dir='ltr'><strong>aliquam</strong></span> <span class='ocrx_word' id='word_1_114' title='bbox 2077 1584 2230 1645; x_wconf 86' lang='lat' dir='ltr'><strong>caeli</strong></span> <span class='ocrx_word' id='word_1_115' title='bbox 2252 1602 2440 1665; x_wconf 75' lang='lat' dir='ltr'><strong>par-15</strong></span> 
     </span>
     <span class='ocr_line' id='line_1_17' title="bbox 383 1667 2069 1748; baseline -0.003 -17"><span class='ocrx_word' id='word_1_116' title='bbox 383 1679 497 1731; x_wconf 91' lang='lat' dir='ltr'><strong>tem</strong></span> <span class='ocrx_word' id='word_1_117' title='bbox 526 1671 803 1730; x_wconf 84' lang='lat' dir='ltr'><strong>minorem</strong></span> <span class='ocrx_word' id='word_1_118' title='bbox 834 1677 1118 1748; x_wconf 81' lang='lat' dir='ltr'><strong>occupet,</strong></span> <span class='ocrx_word' id='word_1_119' title='bbox 1161 1670 1437 1728; x_wconf 90' lang='lat' dir='ltr'><strong>maiorem</strong></span> <span class='ocrx_word' id='word_1_120' title='bbox 1469 1685 1732 1729; x_wconf 89' lang='lat' dir='ltr'><strong>serenam</strong></span> <span class='ocrx_word' id='word_1_121' title='bbox 1766 1667 2069 1747; x_wconf 88' lang='lat' dir='ltr'><strong>relinquat.</strong></span> 
     </span>
    </p>

    <p class='ocr_par' dir='ltr' id='par_1_8' title="bbox 384 1749 2379 1918">
     <span class='ocr_line' id='line_1_18' title="bbox 512 1749 2379 1833; baseline -0.001 -20"><span class='ocrx_word' id='word_1_122' title='bbox 512 1753 661 1814; x_wconf 88' lang='lat' dir='ltr'><strong>Iram</strong></span> <span class='ocrx_word' id='word_1_123' title='bbox 687 1761 744 1813; x_wconf 90' lang='lat' dir='ltr'><strong>et</strong></span> <span class='ocrx_word' id='word_1_124' title='bbox 773 1751 1147 1832; x_wconf 88' lang='lat' dir='ltr'><strong>iracundiam]</strong></span> <span class='ocrx_word' id='word_1_125' title='bbox 1188 1752 1272 1811; x_wconf 88' lang='lat' dir='ltr'><strong>ira</strong></span> <span class='ocrx_word' id='word_1_126' title='bbox 1305 1770 1381 1811; x_wconf 86' lang='lat' dir='ltr'><strong>ex</strong></span> <span class='ocrx_word' id='word_1_127' title='bbox 1406 1770 1578 1814; x_wconf 89' lang='lat' dir='ltr'><strong>causa</strong></span> <span class='ocrx_word' id='word_1_128' title='bbox 1606 1753 1880 1828; x_wconf 88' lang='lat' dir='ltr'><strong>nascitur,</strong></span> <span class='ocrx_word' id='word_1_129' title='bbox 1927 1749 2224 1812; x_wconf 86' lang='lat' dir='ltr'><strong>iracundia</strong></span> <span class='ocrx_word' id='word_1_130' title='bbox 2249 1770 2379 1833; x_wconf 88' lang='lat' dir='ltr'><strong>per-</strong></span> 
     </span>
     <span class='ocr_line' id='line_1_19' title="bbox 384 1837 1582 1918; baseline -0.003 -20"><span class='ocrx_word' id='word_1_131' title='bbox 384 1846 615 1918; x_wconf 88' lang='lat' dir='ltr'><strong>petuum</strong></span> <span class='ocrx_word' id='word_1_132' title='bbox 638 1837 832 1899; x_wconf 89' lang='lat' dir='ltr'><strong>vitium</strong></span> <span class='ocrx_word' id='word_1_133' title='bbox 860 1838 1063 1896; x_wconf 90' lang='lat' dir='ltr'><strong>mentis</strong></span> <span class='ocrx_word' id='word_1_134' title='bbox 1096 1844 1153 1896; x_wconf 91' lang='lat' dir='ltr'><strong>et</strong></span> <span class='ocrx_word' id='word_1_135' title='bbox 1184 1838 1443 1913; x_wconf 83' lang='lat' dir='ltr'><strong>pectoris</strong></span> <span class='ocrx_word' id='word_1_136' title='bbox 1473 1846 1582 1896; x_wconf 84' lang='lat' dir='ltr'><strong>est.</strong></span> 
     </span>
    </p>

    <p class='ocr_par' dir='ltr' id='par_1_9' title="bbox 381 1918 2435 2085">
     <span class='ocr_line' id='line_1_20' title="bbox 507 1918 2376 2001; baseline 0 -21"><span class='ocrx_word' id='word_1_137' title='bbox 507 1919 803 1982; x_wconf 84' lang='lat' dir='ltr'><strong>Iuventam</strong></span> <span class='ocrx_word' id='word_1_138' title='bbox 845 1920 1194 1982; x_wconf 91' lang='lat' dir='ltr'><strong>iuventutem</strong></span> <span class='ocrx_word' id='word_1_139' title='bbox 1242 1928 1301 1979; x_wconf 90' lang='lat' dir='ltr'><strong>et</strong></span> <span class='ocrx_word' id='word_1_140' title='bbox 1341 1920 1728 2001; x_wconf 89' lang='lat' dir='ltr'><strong>iuventatem]</strong></span> <span class='ocrx_word' id='word_1_141' title='bbox 1786 1921 2050 1980; x_wconf 88' lang='lat' dir='ltr'><strong>iuventus</strong></span> <span class='ocrx_word' id='word_1_142' title='bbox 2099 1927 2193 1979; x_wconf 89' lang='lat' dir='ltr'><strong>est</strong></span> <span class='ocrx_word' id='word_1_143' title='bbox 2237 1918 2376 1980; x_wconf 89' lang='lat' dir='ltr'><strong>mul·</strong></span> 
     </span>
     <span class='ocr_line' id='line_1_21' title="bbox 381 2003 2435 2085; baseline -0.001 -17"><span class='ocrx_word' id='word_1_144' title='bbox 381 2004 560 2068; x_wconf 88' lang='lat' dir='ltr'><strong>titudo</strong></span> <span class='ocrx_word' id='word_1_145' title='bbox 605 2006 903 2084; x_wconf 87' lang='lat' dir='ltr'><strong>iuvenum,</strong></span> <span class='ocrx_word' id='word_1_146' title='bbox 947 2003 1184 2064; x_wconf 89' lang='lat' dir='ltr'><strong>Iuventa</strong></span> <span class='ocrx_word' id='word_1_147' title='bbox 1217 2003 1325 2066; x_wconf 89' lang='lat' dir='ltr'><strong>dea</strong></span> <span class='ocrx_word' id='word_1_148' title='bbox 1364 2005 1666 2065; x_wconf 89' lang='lat' dir='ltr'><strong>iuvenibus</strong></span> <span class='ocrx_word' id='word_1_149' title='bbox 1696 2005 2066 2085; x_wconf 85' lang='lat' dir='ltr'><strong>praesidens,</strong></span> <span class='ocrx_word' id='word_1_150' title='bbox 2110 2005 2435 2065; x_wconf 69' lang='lat' dir='ltr'><strong>iuventam</strong></span> 
     </span>
    </p>
   </div>
   <div class='ocr_carea' id='block_1_6' title="bbox 381 2097 2377 2250">
    <p class='ocr_par' dir='ltr' id='par_1_10' title="bbox 381 2097 2377 2250">
     <span class='ocr_line' id='line_1_22' title="bbox 381 2097 2377 2250; baseline 0.001 -19"><span class='ocrx_word' id='word_1_151' title='bbox 381 2097 814 2232; x_wconf 38' lang='lat' dir='ltr'><strong>maalmam</strong></span> <span class='ocrx_word' id='word_1_152' title='bbox 851 2179 909 2230; x_wconf 90' lang='lat' dir='ltr'><strong>et</strong></span> <span class='ocrx_word' id='word_1_153' title='bbox 951 2172 1228 2250; x_wconf 88' lang='lat' dir='ltr'><strong>mactare]</strong></span> <span class='ocrx_word' id='word_1_154' title='bbox 1266 2172 1547 2233; x_wconf 89' lang='lat' dir='ltr'><strong>immolari</strong></span> <span class='ocrx_word' id='word_1_155' title='bbox 1577 2172 1784 2232; x_wconf 92' lang='lat' dir='ltr'><strong>dicitur</strong></span> <span class='ocrx_word' id='word_1_156' title='bbox 1813 2171 2033 2249; x_wconf 88' lang='lat' dir='ltr'><strong>hostia,</strong></span> <span class='ocrx_word' id='word_1_157' title='bbox 2067 2189 2194 2231; x_wconf 90' lang='lat' dir='ltr'><strong>cum</strong></span> <span class='ocrx_word' id='word_1_158' title='bbox 2222 2170 2377 2232; x_wconf 90' lang='lat' dir='ltr'><strong>mola</strong></span> 
     </span>
    </p>
   </div>
   <div class='ocr_carea' id='block_1_7' title="bbox 374 2246 2432 3522">
    <p class='ocr_par' dir='ltr' id='par_1_11' title="bbox 383 2246 2378 2418">
     <span class='ocr_line' id='line_1_23' title="bbox 383 2246 2378 2336; baseline 0 -20"><span class='ocrx_word' id='word_1_159' title='bbox 383 2256 536 2316; x_wconf 90' lang='lat' dir='ltr'><strong>salsa</strong></span> <span class='ocrx_word' id='word_1_160' title='bbox 567 2255 622 2314; x_wconf 91' lang='lat' dir='ltr'><strong>in</strong></span> <span class='ocrx_word' id='word_1_161' title='bbox 655 2263 829 2333; x_wconf 85' lang='lat' dir='ltr'><strong>caput</strong></span> <span class='ocrx_word' id='word_1_162' title='bbox 859 2246 1083 2315; x_wconf 84' lang='lat' dir='ltr'><strong>adiecta</strong></span> <span class='ocrx_word' id='word_1_163' title='bbox 1118 2263 1235 2324; x_wconf 88' lang='lat' dir='ltr'><strong>est;</strong></span> <span class='ocrx_word' id='word_1_164' title='bbox 1282 2264 1585 2317; x_wconf 89' lang='lat' dir='ltr'><strong>mactatum</strong></span> <span class='ocrx_word' id='word_1_165' title='bbox 1628 2264 1814 2317; x_wconf 90' lang='lat' dir='ltr'><strong>autem</strong></span> <span class='ocrx_word' id='word_1_166' title='bbox 1846 2257 2008 2336; x_wconf 90' lang='lat' dir='ltr'><strong>quasi</strong></span> <span class='ocrx_word' id='word_1_167' title='bbox 2053 2257 2243 2334; x_wconf 78' lang='lat' dir='ltr'><strong>magis</strong></span> <span class='ocrx_word' id='word_1_168' title='bbox 2284 2273 2378 2316; x_wconf 84' lang='lat' dir='ltr'><strong>an-</strong></span> 
     </span>
     <span class='ocr_line' id='line_1_24' title="bbox 385 2338 1169 2418; baseline -0.004 -19"><span class='ocrx_word' id='word_1_169' title='bbox 385 2346 563 2416; x_wconf 88' lang='lat' dir='ltr'><strong>ctum,</strong></span> <span class='ocrx_word' id='word_1_170' title='bbox 607 2338 665 2398; x_wconf 94' lang='lat' dir='ltr'><strong>id</strong></span> <span class='ocrx_word' id='word_1_171' title='bbox 694 2346 784 2398; x_wconf 88' lang='lat' dir='ltr'><strong>est</strong></span> <span class='ocrx_word' id='word_1_172' title='bbox 822 2338 1169 2418; x_wconf 89' lang='lat' dir='ltr'><strong>ampliatum.</strong></span> 
     </span>
    </p>

    <p class='ocr_par' dir='ltr' id='par_1_12' title="bbox 498 2436 2432 2517">
     <span class='ocr_line' id='line_1_25' title="bbox 498 2436 2432 2517; baseline 0.002 -20"><span class='ocrx_word' id='word_1_173' title='bbox 498 2437 617 2498; x_wconf 88' lang='lat' dir='ltr'><strong>Iter</strong></span> <span class='ocrx_word' id='word_1_174' title='bbox 649 2446 707 2498; x_wconf 90' lang='lat' dir='ltr'><strong>et</strong></span> <span class='ocrx_word' id='word_1_175' title='bbox 736 2436 929 2517; x_wconf 87' lang='lat' dir='ltr'><strong>itiner]</strong></span> <span class='ocrx_word' id='word_1_176' title='bbox 962 2439 1072 2497; x_wconf 89' lang='lat' dir='ltr'><strong>iter</strong></span> <span class='ocrx_word' id='word_1_177' title='bbox 1103 2453 1217 2517; x_wconf 89' lang='lat' dir='ltr'><strong>quo</strong></span> <span class='ocrx_word' id='word_1_178' title='bbox 1247 2438 1381 2516; x_wconf 90' lang='lat' dir='ltr'><strong>quid</strong></span> <span class='ocrx_word' id='word_1_179' title='bbox 1418 2439 1636 2516; x_wconf 79' lang='lat' dir='ltr'><strong>agitur,</strong></span> <span class='ocrx_word' id='word_1_180' title='bbox 1678 2439 1847 2499; x_wconf 87' lang='lat' dir='ltr'><strong>itiner</strong></span> <span class='ocrx_word' id='word_1_181' title='bbox 1873 2439 1968 2499; x_wconf 93' lang='lat' dir='ltr'><strong>via</strong></span> <span class='ocrx_word' id='word_1_182' title='bbox 1998 2438 2224 2499; x_wconf 90' lang='lat' dir='ltr'><strong>dicitur.</strong></span> <span class='ocrx_word' id='word_1_183' title='bbox 2391 2459 2432 2500; x_wconf 76' lang='lat'><strong>2⁵</strong></span> 
     </span>
    </p>

    <p class='ocr_par' dir='ltr' id='par_1_13' title="bbox 374 2533 2423 3282">
     <span class='ocr_line' id='line_1_26' title="bbox 502 2533 2377 2616; baseline 0 -21"><span class='ocrx_word' id='word_1_184' title='bbox 502 2533 726 2595; x_wconf 89' lang='lat' dir='ltr'><strong>Initium</strong></span> <span class='ocrx_word' id='word_1_185' title='bbox 758 2544 816 2595; x_wconf 91' lang='lat' dir='ltr'><strong>et</strong></span> <span class='ocrx_word' id='word_1_186' title='bbox 844 2535 1185 2615; x_wconf 91' lang='lat' dir='ltr'><strong>principium</strong></span> <span class='ocrx_word' id='word_1_187' title='bbox 1216 2534 1333 2595; x_wconf 90' lang='lat' dir='ltr'><strong>hoc</strong></span> <span class='ocrx_word' id='word_1_188' title='bbox 1355 2535 1570 2613; x_wconf 83' lang='lat' dir='ltr'><strong>differt]</strong></span> <span class='ocrx_word' id='word_1_189' title='bbox 1604 2537 1945 2616; x_wconf 88' lang='lat' dir='ltr'><strong>principium</strong></span> <span class='ocrx_word' id='word_1_190' title='bbox 1970 2535 2146 2596; x_wconf 89' lang='lat' dir='ltr'><strong>totius</strong></span> <span class='ocrx_word' id='word_1_191' title='bbox 2178 2537 2377 2615; x_wconf 86' lang='lat' dir='ltr'><strong>operis</strong></span> 
     </span>
     <span class='ocr_line' id='line_1_27' title="bbox 383 2613 2373 2700; baseline 0.001 -21"><span class='ocrx_word' id='word_1_192' title='bbox 383 2619 791 2698; x_wconf 88' lang='lat' dir='ltr'><strong>cuiuscumque</strong></span> <span class='ocrx_word' id='word_1_193' title='bbox 807 2613 861 2697; x_wconf 82' lang='lat'><strong>*‚</strong></span> <span class='ocrx_word' id='word_1_194' title='bbox 900 2618 1064 2697; x_wconf 89' lang='lat' dir='ltr'><strong>quasi</strong></span> <span class='ocrx_word' id='word_1_195' title='bbox 1111 2619 1350 2699; x_wconf 90' lang='lat' dir='ltr'><strong>primum</strong></span> <span class='ocrx_word' id='word_1_196' title='bbox 1381 2621 1582 2699; x_wconf 91' lang='lat' dir='ltr'><strong>operis</strong></span> <span class='ocrx_word' id='word_1_197' title='bbox 1628 2629 1827 2699; x_wconf 86' lang='lat' dir='ltr'><strong>caput;</strong></span> <span class='ocrx_word' id='word_1_198' title='bbox 1859 2621 2075 2680; x_wconf 91' lang='lat' dir='ltr'><strong>initium</strong></span> <span class='ocrx_word' id='word_1_199' title='bbox 2101 2619 2373 2700; x_wconf 83' lang='lat' dir='ltr'><strong>frequen·</strong></span> 
     </span>
     <span class='ocr_line' id='line_1_28' title="bbox 379 2701 2373 2783; baseline -0.001 -20"><span class='ocrx_word' id='word_1_200' title='bbox 379 2702 491 2763; x_wconf 89' lang='lat' dir='ltr'><strong>tius</strong></span> <span class='ocrx_word' id='word_1_201' title='bbox 518 2701 938 2780; x_wconf 78' lang='lat' dir='ltr'><strong>intellegimus,</strong></span> <span class='ocrx_word' id='word_1_202' title='bbox 969 2710 1029 2762; x_wconf 89' lang='lat' dir='ltr'><strong>et</strong></span> <span class='ocrx_word' id='word_1_203' title='bbox 1057 2703 1233 2763; x_wconf 88' lang='lat' dir='ltr'><strong>toties</strong></span> <span class='ocrx_word' id='word_1_204' title='bbox 1265 2704 1579 2782; x_wconf 88' lang='lat' dir='ltr'><strong>accipimus</strong></span> <span class='ocrx_word' id='word_1_205' title='bbox 1608 2704 1836 2782; x_wconf 89' lang='lat' dir='ltr'><strong>quoties</strong></span> <span class='ocrx_word' id='word_1_206' title='bbox 1866 2720 2116 2783; x_wconf 88' lang='lat' dir='ltr'><strong>persona</strong></span> <span class='ocrx_word' id='word_1_207' title='bbox 2149 2712 2248 2763; x_wconf 90' lang='lat' dir='ltr'><strong>aut</strong></span> <span class='ocrx_word' id='word_1_208' title='bbox 2282 2723 2373 2764; x_wconf 88' lang='lat' dir='ltr'><strong>res</strong></span> 
     </span>
     <span class='ocr_line' id='line_1_29' title="bbox 376 2786 2369 2867; baseline -0.001 -19"><span class='ocrx_word' id='word_1_209' title='bbox 376 2795 650 2864; x_wconf 84' lang='lat' dir='ltr'><strong>mutatur,</strong></span> <span class='ocrx_word' id='word_1_210' title='bbox 713 2786 875 2865; x_wconf 90' lang='lat' dir='ltr'><strong>quasi</strong></span> <span class='ocrx_word' id='word_1_211' title='bbox 911 2787 1081 2846; x_wconf 91' lang='lat' dir='ltr'><strong>initus</strong></span> <span class='ocrx_word' id='word_1_212' title='bbox 1120 2786 1180 2846; x_wconf 94' lang='lat' dir='ltr'><strong>in</strong></span> <span class='ocrx_word' id='word_1_213' title='bbox 1210 2786 1450 2848; x_wconf 89' lang='lat' dir='ltr'><strong>alteram</strong></span> <span class='ocrx_word' id='word_1_214' title='bbox 1492 2804 1649 2854; x_wconf 88' lang='lat' dir='ltr'><strong>rem;</strong></span> <span class='ocrx_word' id='word_1_215' title='bbox 1695 2796 1754 2848; x_wconf 92' lang='lat' dir='ltr'><strong>et</strong></span> <span class='ocrx_word' id='word_1_216' title='bbox 1786 2787 2125 2867; x_wconf 89' lang='lat' dir='ltr'><strong>principium</strong></span> <span class='ocrx_word' id='word_1_217' title='bbox 2171 2788 2369 2863; x_wconf 86' lang='lat' dir='ltr'><strong>semel,</strong></span> 
     </span>
     <span class='ocr_line' id='line_1_30' title="bbox 376 2868 2423 2951; baseline 0 -21"><span class='ocrx_word' id='word_1_218' title='bbox 376 2871 592 2932; x_wconf 88' lang='lat' dir='ltr'><strong>initium</strong></span> <span class='ocrx_word' id='word_1_219' title='bbox 623 2869 888 2949; x_wconf 88' lang='lat' dir='ltr'><strong>saepius;</strong></span> <span class='ocrx_word' id='word_1_220' title='bbox 923 2870 1265 2948; x_wconf 88' lang='lat' dir='ltr'><strong>principium</strong></span> <span class='ocrx_word' id='word_1_221' title='bbox 1301 2880 1360 2931; x_wconf 92' lang='lat' dir='ltr'><strong>ut</strong></span> <span class='ocrx_word' id='word_1_222' title='bbox 1382 2868 1581 2932; x_wconf 83' lang='lat' dir='ltr'><strong>Arma</strong></span> <span class='ocrx_word' id='word_1_223' title='bbox 1601 2871 1921 2951; x_wconf 76' lang='lat' dir='ltr'><strong>virumque</strong></span> <span class='ocrx_word' id='word_1_224' title='bbox 1947 2888 2130 2946; x_wconf 81' lang='lat' dir='ltr'><strong>cano,</strong></span> <span class='ocrx_word' id='word_1_225' title='bbox 2163 2871 2423 2932; x_wconf 71' lang='lat' dir='ltr'><strong>initiumw</strong></span> 
     </span>
     <span class='ocr_line' id='line_1_31' title="bbox 376 2952 2370 3035; baseline 0 -20"><span class='ocrx_word' id='word_1_226' title='bbox 376 2953 562 3016; x_wconf 78' lang='lat' dir='ltr'><strong>Musa</strong></span> <span class='ocrx_word' id='word_1_227' title='bbox 587 2952 738 3015; x_wconf 69' lang='lat' dir='ltr'><strong>mihi</strong></span> <span class='ocrx_word' id='word_1_228' title='bbox 772 2969 1007 3014; x_wconf 78' lang='lat' dir='ltr'><strong>causas</strong></span> <span class='ocrx_word' id='word_1_229' title='bbox 1038 2971 1329 3016; x_wconf 81' lang='lat' dir='ltr'><strong>memora.</strong></span> <span class='ocrx_word' id='word_1_230' title='bbox 1389 2954 1756 3016; x_wconf 91' lang='lat' dir='ltr'><strong>Inveniuntur</strong></span> <span class='ocrx_word' id='word_1_231' title='bbox 1784 2963 1982 3015; x_wconf 88' lang='lat' dir='ltr'><strong>tamen.</strong></span> <span class='ocrx_word' id='word_1_232' title='bbox 2003 2955 2197 3032; x_wconf 87' lang='lat' dir='ltr'><strong>initia,</strong></span> <span class='ocrx_word' id='word_1_233' title='bbox 2229 2973 2370 3035; x_wconf 86' lang='lat' dir='ltr'><strong>quae</strong></span> 
     </span>
     <span class='ocr_line' id='line_1_32' title="bbox 376 3035 2369 3119; baseline 0.001 -22"><span class='ocrx_word' id='word_1_234' title='bbox 376 3046 577 3099; x_wconf 90' lang='lat' dir='ltr'><strong>natura</strong></span> <span class='ocrx_word' id='word_1_235' title='bbox 609 3040 695 3098; x_wconf 92' lang='lat' dir='ltr'><strong>sui</strong></span> <span class='ocrx_word' id='word_1_236' title='bbox 731 3044 932 3097; x_wconf 89' lang='lat' dir='ltr'><strong>carent</strong></span> <span class='ocrx_word' id='word_1_237' title='bbox 965 3045 1023 3096; x_wconf 90' lang='lat' dir='ltr'><strong>et</strong></span> <span class='ocrx_word' id='word_1_238' title='bbox 1052 3039 1311 3115; x_wconf 89' lang='lat' dir='ltr'><strong>speciem</strong></span> <span class='ocrx_word' id='word_1_239' title='bbox 1346 3039 1615 3119; x_wconf 83' lang='lat' dir='ltr'><strong>principii</strong></span> <span class='ocrx_word' id='word_1_240' title='bbox 1658 3037 1905 3116; x_wconf 87' lang='lat' dir='ltr'><strong>habent,</strong></span> <span class='ocrx_word' id='word_1_241' title='bbox 1951 3048 2010 3099; x_wconf 90' lang='lat' dir='ltr'><strong>ut</strong></span> <span class='ocrx_word' id='word_1_242' title='bbox 2040 3035 2125 3099; x_wconf 88' lang='lat' dir='ltr'><strong>At</strong></span> <span class='ocrx_word' id='word_1_243' title='bbox 2156 3039 2369 3119; x_wconf 76' lang='lat' dir='ltr'><strong>reqina</strong></span> 
     </span>
     <span class='ocr_line' id='line_1_33' title="bbox 374 3119 2371 3201; baseline 0.002 -21"><span class='ocrx_word' id='word_1_244' title='bbox 374 3120 563 3201; x_wconf 73' lang='lat' dir='ltr'><strong>yram·</strong></span> <span class='ocrx_word' id='word_1_245' title='bbox 609 3120 737 3182; x_wconf 75' lang='lat' dir='ltr'><strong>iam</strong></span> <span class='ocrx_word' id='word_1_246' title='bbox 780 3119 1008 3182; x_wconf 84' lang='lat' dir='ltr'><strong>dudum</strong></span> <span class='ocrx_word' id='word_1_247' title='bbox 1057 3120 1284 3184; x_wconf 75' lang='lat' dir='ltr'><strong>saucia</strong></span> <span class='ocrx_word' id='word_1_248' title='bbox 1347 3141 1504 3184; x_wconf 81' lang='lat' dir='ltr'><strong>eura</strong></span> <span class='ocrx_word' id='word_1_249' title='bbox 1550 3131 1606 3182; x_wconf 88' lang='lat' dir='ltr'><strong>et</strong></span> <span class='ocrx_word' id='word_1_250' title='bbox 1661 3120 1770 3184; x_wconf 81' lang='lat' dir='ltr'><strong>Sic</strong></span> <span class='ocrx_word' id='word_1_251' title='bbox 1816 3120 1996 3201; x_wconf 78' lang='lat' dir='ltr'><strong>fatur</strong></span> <span class='ocrx_word' id='word_1_252' title='bbox 2034 3122 2371 3185; x_wconf 74' lang='lat' dir='ltr'><strong>lacrimans</strong></span> 
     </span>
     <span class='ocr_line' id='line_1_34' title="bbox 378 3202 1310 3282; baseline 0.002 -19"><span class='ocrx_word' id='word_1_253' title='bbox 378 3202 689 3282; x_wconf 73' lang='lat' dir='ltr'><strong>classique</strong></span> <span class='ocrx_word' id='word_1_254' title='bbox 716 3202 983 3271; x_wconf 74' lang='lat' dir='ltr'><strong>immittit</strong></span> <span class='ocrx_word' id='word_1_255' title='bbox 1009 3203 1310 3266; x_wconf 79' lang='lat' dir='ltr'><strong>habenas.</strong></span> 
     </span>
    </p>

    <p class='ocr_par' dir='ltr' id='par_1_14' title="bbox 377 3298 2420 3522">
     <span class='ocr_line' id='line_1_35' title="bbox 497 3298 2420 3385; baseline 0.003 -27"><span class='ocrx_word' id='word_1_256' title='bbox 497 3298 748 3380; x_wconf 78' lang='lat' dir='ltr'><strong>lovium,</strong></span> <span class='ocrx_word' id='word_1_257' title='bbox 782 3301 1041 3382; x_wconf 86' lang='lat' dir='ltr'><strong>devium,</strong></span> <span class='ocrx_word' id='word_1_258' title='bbox 1077 3304 1295 3382; x_wconf 85' lang='lat' dir='ltr'><strong>avium,</strong></span> <span class='ocrx_word' id='word_1_259' title='bbox 1326 3304 1613 3385; x_wconf 89' lang='lat' dir='ltr'><strong>pervium]</strong></span> <span class='ocrx_word' id='word_1_260' title='bbox 1644 3304 1857 3364; x_wconf 88' lang='lat' dir='ltr'><strong>invium</strong></span> <span class='ocrx_word' id='word_1_261' title='bbox 1880 3304 2003 3365; x_wconf 89' lang='lat' dir='ltr'><strong>sine</strong></span> <span class='ocrx_word' id='word_1_262' title='bbox 2034 3306 2161 3384; x_wconf 84' lang='lat' dir='ltr'><strong>via,</strong></span> <span class='ocrx_word' id='word_1_263' title='bbox 2192 3305 2420 3365; x_wconf 53' lang='lat' dir='ltr'><strong>avium&amp;</strong></span> 
     </span>
     <span class='ocr_line' id='line_1_36' title="bbox 377 3381 2362 3469; baseline 0.005 -30"><span class='ocrx_word' id='word_1_264' title='bbox 377 3381 730 3460; x_wconf 83' lang='lat' dir='ltr'><strong>flexuosum,</strong></span> <span class='ocrx_word' id='word_1_265' title='bbox 775 3383 1003 3445; x_wconf 91' lang='lat' dir='ltr'><strong>devium</strong></span> <span class='ocrx_word' id='word_1_266' title='bbox 1043 3386 1311 3449; x_wconf 91' lang='lat' dir='ltr'><strong>desertus</strong></span> <span class='ocrx_word' id='word_1_267' title='bbox 1350 3387 1552 3468; x_wconf 86' lang='lat' dir='ltr'><strong>locus,</strong></span> <span class='ocrx_word' id='word_1_268' title='bbox 1596 3387 1857 3467; x_wconf 88' lang='lat' dir='ltr'><strong>pervium</strong></span> <span class='ocrx_word' id='word_1_269' title='bbox 1887 3406 1995 3469; x_wconf 94' lang='lat' dir='ltr'><strong>per</strong></span> <span class='ocrx_word' id='word_1_270' title='bbox 2035 3386 2190 3469; x_wconf 90' lang='lat' dir='ltr'><strong>quod</strong></span> <span class='ocrx_word' id='word_1_271' title='bbox 2222 3405 2362 3449; x_wconf 90' lang='lat' dir='ltr'><strong>com·</strong></span> 
     </span>
     <span class='ocr_line' id='line_1_37' title="bbox 377 3472 619 3522; baseline 0.008 -2"><span class='ocrx_word' id='word_1_272' title='bbox 377 3472 619 3522; x_wconf 91' lang='lat' dir='ltr'><strong>meatur.</strong></span> 
     </span>
    </p>
   </div>
  </div>
 </body>
</html>
