2553 3960
519 266 1073 315 DEPERDITORUM
1115 264 1477 313 mmmmm
1519 264 1919 325 RELIQUIAE.
2094 249 2217 315 313

219 421 665 503 hypocorisma,
728 423 890 500 quasi
934 421 1280 489 sacrarium
1328 420 1519 481 fanum
1563 420 1762 480 Fauno
1815 422 1946 497 regi
2009 419 2221 482 dictum

217 506 314 566 vel
354 523 386 566 a
418 505 593 566 fando
613 550 630 582 ‚
675 514 735 565 ut
761 505 845 565 illi
875 507 969 584 qui
999 505 1185 566 futura
1215 503 1479 564 videntur
1514 522 1728 565 canere
1757 504 1992 565 fanatici
2021 505 2220 565 dicun-

216 599 335 660 tur;
369 589 599 666 adytum
629 590 1107 669 templi'interior
1140 589 1326 666 loeus,
1358 606 1472 667 quo
1502 588 1644 649 nulli
1673 588 1764 649 fas
1794 588 1900 649 fuit
1932 587 2221 651 accedere

192 675 323 734 ’nisi
356 674 666 735 sacerdoti.

162 777 189 817 5
338 757 562 819 Arbitri
607 776 678 819 an
718 757 960 837 arbitrii]
996 777 1122 819 cum
1165 759 1238 819 de
1284 757 1502 819 arbitro
1544 756 1859 837 loquimur,
1901 756 2099 818 arbitri
2140 757 2219 817 di·

218 844 396 904 cimus
428 860 564 920 gen.
600 859 772 921 casu,
809 860 934 903 cum
963 842 1036 904 de
1062 843 1303 903 arbitrio
1334 842 1572 903 arbitrii.

338 926 684 1006 Pomerium]
717 926 908 988 Locus
950 927 1100 1006 apud
1136 929 1402 1008 antiquos
1446 927 1659 986 circum
1689 943 1886 986 muros
1928 926 2218 1005 relinque-

215 1011 404 1089 batur,
438 1029 556 1072 non
584 1013 841 1088 interim,
871 1029 946 1070 ne
973 1013 1316 1089 iungeretur
1348 1009 1661 1090 aedificiis3
1697 1010 1802 1071 sed
1833 1019 1894 1070 ut
1925 1020 2083 1070 esset
2115 1011 2219 1071 ali·

214 1096 349 1175 quid
383 1097 550 1157 vacui
582 1095 654 1155 ad
682 1096 1048 1157 instruendas
1072 1098 1251 1174 acies,
1276 1104 1440 1156 extra
1464 1112 1661 1155 muros
1688 1094 1900 1174 aliquid
1929 1094 2219 1173 relinque-

73 1197 193 1239 κιο
210 1179 400 1241 batur.
459 1180 622 1240 Hunc
657 1180 847 1240 locum
880 1180 1251 1259 appellabant
1275 1179 1593 1259 pomerium
1613 1178 1794 1239 veluti
1821 1181 2217 1258 postmerium,

213 1281 285 1324 eo
318 1265 471 1344 quod
508 1273 666 1324 esset
697 1272 835 1343 post
859 1282 1097 1324 murum.

336 1360 525 1423 Gari-it
574 1362 830 1439 loquitur
883 1370 940 1422 et
984 1362 1147 1440 dicit]
1182 1363 1407 1439 garrire
1439 1360 1559 1421 vitii
1586 1368 1714 1437 est,
1752 1361 1915 1440 loqui
1955 1368 2217 1439 naturae,

215 1444 416 1506 dicere
445 1444 539 1505 vel
576 1444 883 1505 facundiae
922 1453 1012 1505 est
1045 1445 1140 1505 vel
1172 1445 1476 1506 iudicantis
1508 1453 1603 1505 aut
1637 1444 2005 1504 criminantis.

334 1542 493 1603 Inter
526 1549 941 1620 praegnantem
973 1550 1052 1616 et,
1075 1542 1406 1619 gravidam,
1439 1542 1745 1601 incientem
1780 1549 1837 1600 et
1875 1540 2050 1600 fetam
2082 1541 2218 1620 quid
2260 1513 2269 1519 ”

133 1646 191 1689 15
213 1636 303 1689 est
331 1627 503 1705 inter]
539 1642 873 1705 praegnans
909 1641 1208 1686 commune
1239 1625 1562 1685 animalium
1594 1634 1715 1702 est,
1765 1624 2007 1702 gravida
2033 1624 2214 1686 homi·

211 1730 373 1788 num,
409 1712 634 1770 inciens
666 1711 723 1769 in
769 1717 964 1788 partu,
995 1708 1113 1770 feta
1155 1718 1290 1788 post
1322 1718 1563 1794 partum.

334 1810 491 1871 Inter
532 1810 709 1871 laniat
753 1810 978 1870 lacerat
1020 1810 1267 1870 lancinat
1308 1819 1366 1870 et
1411 1808 1642 1888 scindit]
1672 1809 1893 1870 lacerat
1937 1809 2212 1888 membra,

209 1895 361 1956 unde
400 1894 568 1955 etiam
600 1894 874 1955 lacernae
907 1903 1137 1972 vestes,
1171 1894 1327 1974 quod
1358 1903 1488 1955 sunt
1523 1902 1776 1954 extrema
1811 1896 1897 1954 sui
1937 1898 2101 1974 parte
2133 1895 2214 1955 la-

210 1989 476 2049 ceratae3
518 1978 692 2042 laniat
723 1982 819 2059 qui
860 1978 1115 2039 membra
1158 1979 1215 2039 in
1265 1980 1534 2059 proprias
1572 1977 1772 2039 dividit
1803 1989 2035 2059 partes,
2080 1979 2214 2040 inde

125 2086 186 2127 20
208 2063 394 2124 lanius
427 2063 665 2142 dieitur,
700 2066 870 2125 etiam
901 2064 1076 2125 laniat
1108 2065 1378 2142 capillos.
1447 2063 1685 2139 Quidam
1723 2071 2065 2144 putaverunt
2095 2064 2213 2125 lan·

207 2148 324 2209 ciat
351 2156 595 2225 vestem,
622 2151 785 2228 quasi
816 2148 1047 2209 lauiciat
1062 2148 1217 2227 quod
1241 2149 1313 2210 ab
1339 2148 1560 2210 laniciis
1575 2148 1825 2217 dicatum
1857 2149 1954 2208 alii
1985 2148 2215 2210 laniciat

206 2232 400 2312 quoad
431 2232 792 2310 lanuginem,
827 2231 982 2312 quod
1014 2251 1092 2292 ex
1120 2232 1253 2293 lana
1285 2235 1358 2296 sit
1390 2232 1739 2293 confectum.

334 2313 491 2375 Inter
522 2317 887 2395 amplectitur
928 2325 986 2376 et
1030 2317 1418 2397 amplexatur]
1452 2316 1815 2396 amplectitur
1857 2317 2058 2395 semel,
2099 2335 2211 2378 am-

206 2398 477 2479 plexatur
507 2401 762 2479 saepius.

124 2520 182 2560 25
335 2496 463 2558 Nec
492 2498 649 2559 licite
681 2499 914 2559 latinum
958 2509 1194 2561 estnec
1234 2501 1481 2568 licitate;
1528 2500 1667 2561 nihil
1709 2508 1799 2560 est
1833 2499 2029 2575 licito,
2079 2501 2213 2580 quia

203 2583 439 2643 omnino
470 2600 586 2643 non
617 2583 838 2644 dicitur.
929 2582 1124 2645 Debet
1166 2601 1314 2662 ergo
1348 2585 1461 2645 dici
1497 2584 1751 2665 [inJIiciti
1784 2591 1843 2644 et
1874 2582 2210 2664 [inllicitati,

204 2666 366 2747 [quia
411 2676 502 2727 est
542 2676 602 2727 et
641 2668 914 2746 inlicere,
960 2668 1282 2730 insidiando
1327 2669 1384 2729 in
1422 2669 1479 2730 id
1512 2668 1666 2749 quod
1696 2668 1846 2729 velis
1893 2665 2208 2749 deducere]

202 2766 352 2827 ergo
390 2749 643 2830 [in]liciti
683 2770 875 2812 sumus
907 2753 1121 2831 semel,
1156 2752 1467 2833 [inllieitati
1493 2754 1746 2834 saepius.
1835 2751 2078 2830 Quidam
2110 2772 2210 2833 pu-

202 2843 474 2894 taverunt
506 2834 620 2895 hoc
650 2835 763 2896 dici
806 2836 1126 2897 licitatores
1168 2847 1463 2917 emptores
1497 2839 1694 2916 fletos,
1743 2837 1802 2898 id
1847 2846 1937 2898 est
1968 2839 2063 2916 qui
2095 2854 2210 2897 non

122 2940 178 2983 30
199 2926 405 3062 {ssent
451 2922 727 2998 empturi,
775 2920 878 2980 sed
926 2920 1169 2982 adiectis
1211 2922 1414 3001 pretiis
1464 2940 1570 3002 per
1613 2922 1872 2983 fraudem
1915 2929 2210 3000 emptores

243 3001 593 3081 eciperent.·

328 3099 485 3161 Inter
518 3103 796 3182 praelium
843 3102 1059 3165 bellum
1104 3121 1356 3185 pugnam
1400 3112 1458 3163 et
1497 3105 1703 3183 rixam]
1758 3104 2038 3182 praelium
2091 3113 2206 3167 tur·

149 3240 160 3244 -
199 3202 330 3244 mae
361 3193 420 3245 et
448 3189 776 3265 exercitus,
817 3188 1028 3250 dictum
1060 3207 1091 3249 a
1122 3188 1293 3269 prole
1322 3190 1615 3257 iuvenum3
1653 3190 1867 3268 (quare
1901 3206 2047 3267 ergo
2082 3189 2208 3267 gla-

202 3266 456 3329 diatores
506 3270 745 3332 dicimus
789 3272 939 3334 bene
971 3269 1337 3353 praeliatos?
1380 3273 1513 3352 quia
1557 3272 1727 3332 etiam
1767 3274 1979 3334 noxiae
2013 3273 2207 3334 virtuti

128 3349 505 3412 asbonestius
547 3371 756 3416 nomen
802 3355 1160 3435 inponimus)
1202 3354 1419 3416 bellum
1463 3374 1570 3436 per
1615 3355 1912 3416 antifrasin
1942 3357 2203 3433 dicimus,

204 3434 358 3512 quod
388 3437 614 3498 minime
649 3441 724 3500 sit
764 3439 979 3501 bellum
1016 3449 1073 3501 et
1106 3439 1282 3501 multa
1312 3437 1525 3500 habeat
1556 3440 1810 3519 praelia;
1852 3458 2046 3519 pugna
2079 3458 2204 3501 cer·

199 3524 392 3579 tamen
424 3529 514 3580 est
555 3524 612 3584 ὀ.
644 3541 759 3583 unu
800 3524 1071 3595 duorum;
1116 3526 1240 3585 rixa
1279 3523 1548 3586 humilius
1580 3534 1637 3585 et
1665 3522 1965 3621 seditionis
2000 3532 2108 3583 est.
