2553 3960
350 163 472 224 270
844 172 904 221 c.
938 172 1326 221 sumomus
1364 172 1850 249 TRANQmLLus

292 341 325 393 2
472 327 532 387 L.
567 327 785 389 Plotius
815 327 1031 389 Gallus,
1090 328 1180 388 De
1214 327 1330 388 hoo
1362 327 1573 388 Cicero
1601 329 1658 387 in
1689 327 1938 408 epistola
1972 327 2042 388 ad
2072 327 2149 393 Μ.
2187 328 2388 401 Titia·
2522 392 2523 401 χ

344 415 494 473 nium
530 414 617 472 sic
645 412 855 473 refert:
887 409 1189 493 Equidem
1211 415 1507 473 memoria
1536 417 1739 487 tene0,
1764 412 1984 490 pueris
2011 411 2200 473 nobis
2225 413 2382 491 pri-
2522 404 2523 491 1

343 514 504 557 mum
532 493 754 557 Latine
792 496 1015 557 docere
1051 496 1333 575 coepisse
1362 495 1622 557 Plotium
1651 495 1975 575 quendam.
2051 494 2158 556 Ad
2187 514 2382 576 quem

347 600 482 643 cum
516 580 692 658 fieret
729 598 1100 657 concursus,
1155 579 1324 661 quod
1363 578 1855 641 studiosissimus
1892 580 2152 661 quisque
2190 581 2385 660 apud

348 683 482 725 eum
515 670 944 741 exerceretur,
976 663 1259 726 dolebam
1288 664 1436 724 mihi
1461 663 1620 724 idem
1648 682 1772 725 non
1799 665 2004 725 licere.
2069 662 2371 726 Contine·
2394 686 2424 724 s
2522 732 2523 737 ἵ

347 749 470 809 bar
506 754 708 809 autem
740 746 1235 810 doctissimorum
1274 748 1578 810 hominum
1624 748 2029 824 auctoritate,
2081 749 2192 828 qui
2230 750 2374 809 ecci-

347 831 683 895 stimabant
703 831 966 894 Graecis
996 831 1544 894 exercitationibus
1568 833 1658 894 ali
1677 832 1895 893 melius
1926 832 2179 912 inqenia
2211 849 2376 911 pos-

346 934 434 977 se.
508 915 672 976 Hunc
715 915 957 977 eundem
1002 919 1164 998 (nam
1205 917 1522 977 diutissime
1554 917 1729 995 vixit)
1761 915 1838 976 M.
1876 916 2116 978 Coelius
2145 917 2206 977 in
2233 912 2376 976 ora-

348 1003 539 1077 tione,
588 1016 756 1079 quam
803 1017 908 1077 pro
951 1020 1016 1061 se
1066 1001 1139 1061 de
1182 1002 1240 1061 vi
1286 1001 1510 1078 habuit,
1562 1002 1855 1079 significat
1897 1000 2152 1061 dictasse
2191 1002 2377 1060 Atra-

349 1087 504 1159 tino,
543 1085 870 1143 accusatori
900 1102 1038 1161 suo,
1070 1087 1387 1155 actionem
1433 1083 1847 1164 subtractoque
1871 1087 2129 1162 nomine,
2175 1084 2374 1145 orde·
2402 1100 2454 1142 ιο

350 1167 553 1227 arium
584 1184 712 1225 eum
751 1166 1055 1229 rhetorem
1089 1169 1382 1247 appellat,
1431 1168 1700 1229 deridens
1749 1178 1810 1229 ut
1849 1166 2127 1247 inflatum
2162 1185 2243 1229 ac
2282 1167 2350 1229 le

349 1268 483 1310 vem
509 1255 571 1311 et
593 1248 933 1311 sordidum.

288 1350 322 1403 3
379 1348 386 1359 “
476 1333 538 1393 L.
572 1334 919 1395 Voltacilius
961 1335 1178 1395 Pilutus
1221 1338 1480 1396 servisse
1512 1336 1718 1396 dicitur
1761 1346 1934 1415 atque
1974 1339 2145 1396 etiam
2184 1337 2374 1398 ostia-

349 1419 468 1479 rius
499 1426 702 1479 vetere
729 1435 891 1478 more
920 1420 976 1478 in
1008 1428 1212 1479 catena
1240 1419 1455 1498 fuisse,
1499 1420 1686 1480 donec
1716 1419 1791 1480 ob
1825 1421 2114 1498 ingenium
2144 1437 2216 1481 ac
2247 1430 2374 1481 stu·

350 1502 501 1563 diurn
538 1502 858 1563 litterarum
898 1505 1311 1580 manumissus,
1358 1506 1652 1565 accusanti
1695 1514 1939 1583 patrono
1987 1503 2367 1583 subscripsit.
2396 1525 2443 1566 rs

348 1585 573 1647 Deinde
601 1585 951 1648 rhetoricam
974 1588 1310 1667 professuS,
1344 1586 1462 1648 CN.
1491 1589 1824 1667 Pompeium
1845 1588 2115 1665 Magnum
2139 1587 2370 1667 docuit,

353 1672 650 1749 patrisque
682 1671 805 1730 eius
840 1689 937 1731 res
968 1679 1202 1749 gestas,
1249 1690 1359 1731 nec
1393 1673 1576 1731 minus
1605 1673 1821 1750 ipsiuS,
1872 1671 2269 1751 compluribus
2302 1672 2368 1732 li-

353 1754 472 1815 bris
515 1756 818 1832 exposuit;
862 1755 1103 1832 primus
1143 1755 1408 1816 omnium
1448 1755 1899 1834 libertinorum,
1951 1766 2010 1816 ut
2053 1753 2367 1817 Cornelius

352 1837 557 1918 Nepos
601 1838 895 1917 opinatur,
942 1838 1219 1900 scribere
1248 1838 1572 1900 historiam
1603 1857 1817 1916 orsus,
1871 1840 2119 1901 nonnisi
2144 1839 2227 1900 ab
2259 1840 2363 1901 ho-

350 1920 698 1983 nestissim0
730 1938 966 2001 quoque
992 1922 1188 1984 scribi
1214 1922 1461 1985 solitam
1489 1923 1577 1985 ad
1603 1923 1671 1985 id
1701 1928 1954 2003 tempus.
2381 1943 2436 1985 το

297 2012 331 2061 4
478 2005 555 2067 M.
590 2004 860 2084 Epidius,
894 2006 1175 2068 calumnia
1207 1995 1470 2086 notatu's,
1514 2005 1711 2070 ludum
1741 2008 1970 2069 dicendi
2003 2010 2231 2089 aperuit
2263 2009 2365 2071 do-

353 2091 586 2168 cuitque
610 2091 759 2149 inter
784 2098 1014 2151 ceteros
1035 2091 1111 2153 M.
1143 2090 1454 2151 Antonium
1477 2102 1535 2152 et
1557 2093 1907 2172 Augustum3
1949 2094 2154 2173 quibus
2180 2111 2364 2172 quon-

352 2174 481 2232 dam
531 2170 980 2251 CsCannutiuS,
1027 2175 1435 2236 obiicientibus
1478 2176 1588 2237 sibi
1637 2176 1792 2256 quod
1834 2180 1891 2237 in
1932 2197 1997 2238 re
2027 2197 2083 2258 p.
2126 2177 2365 2238 admini-

353 2255 584 2317 stranda
641 2257 993 2336 potissimum
1038 2260 1362 2321 consularis
1413 2260 1655 2321 Isaurici
1713 2270 1932 2322 sectam
1990 2271 2361 2340 sequeretur,

350 2339 537 2401 malle
579 2342 881 2420 respondit
920 2339 1196 2405 Isaurici
1224 2361 1364 2404 esse
1399 2343 1768 2423 discipulum
1807 2362 1992 2425 quam
2018 2342 2214 2423 Epidi
2252 2362 2358 2406 ca-
2381 2364 2432 2405 υ

350 2424 760 2491 lumniatoris.
822 2425 931 2487 Hic
965 2427 1207 2507 Epidius
1232 2437 1416 2488 ortum
1442 2446 1507 2488 se
1530 2428 1602 2489 ab
1631 2428 1843 2508 Epidio
1867 2428 2160 2490 Nucerino
2196 2447 2361 2509 prae-

351 2512 612 2593 dicabat,
657 2531 828 2592 quem
868 2511 1060 2573 ferunt
1105 2512 1242 2571 olim
1273 2514 1715 2591 praecipitatum
1758 2514 1817 2572 in
1859 2513 2074 2573 fontem
2115 2513 2363 2573 fluminis

350 2598 553 2674 Sarni,
585 2598 761 2676 paulo
794 2606 927 2676 post
957 2614 1082 2657 cum
1115 2595 1389 2657 cornibus
1425 2598 1720 2674 extitisse,
1754 2614 1823 2655 ac
1846 2598 2034 2657 statim
2066 2613 2181 2656 non
2205 2614 2360 2656 com-

352 2681 616 2761 paruisse
643 2682 702 2740 in
732 2697 1085 2760 numeroque
1118 2679 1355 2740 deorum
1386 2679 1653 2739 habitum.
1807 2695 1819 2701 “

294 2784 326 2838 5
418 2767 422 2771 ’
477 2766 690 2826 Sextus
725 2763 996 2843 Clodius,
1032 2783 1065 2825 e
1095 2764 1325 2842 Sicilia,
1356 2764 1591 2825 Latinae
1629 2763 1795 2823 simul
1828 2762 2205 2842 Graecaeque
2233 2765 2354 2825 elo·
2376 2783 2432 2824 30

351 2850 621 2929 quentiae
653 2849 988 2927 professor,
1021 2848 1170 2908 male
1203 2848 1466 2908 oculatus
1495 2855 1554 2907 et
1577 2847 1776 2924 dicax,
1800 2865 1930 2925 par
1958 2847 2274 2909 oculorum
2297 2851 2362 2908 in

352 2932 629 2995 amicitia
669 2931 754 2994 M.
785 2930 1037 2994 Antonii
1079 2931 1386 2993 triumviri
1421 2931 1688 2992 extrisse
1722 2948 1794 2991 se
1837 2930 2056 3000 aiebat;
2103 2930 2358 2991 eiusdem

350 3034 590 3078 uxorem
630 3017 919 3094 Fulviam,
954 3019 1044 3077 cui
1074 3015 1257 3078 altera
1281 3015 1464 3076 bucca
1491 3015 1741 3076 inflatior
1770 3024 1926 3091 erat,
1961 3032 2218 3075 acumen
2235 3016 2365 3077 stili

354 3106 594 3161 tentare
624 3102 795 3179 dixit,
841 3120 952 3161 nec
975 3118 1048 3162 eo
1076 3100 1294 3179 minus,
1325 3102 1495 3160 immo
1517 3099 1614 3160 vel
1642 3100 1827 3176 magis
1860 3099 1935 3159 ob
1959 3098 2077 3159 hoc
2104 3100 2357 3160 Antonio

354 3192 570 3259 gratus.
642 3185 695 3246 A
729 3203 843 3265 quo
874 3202 1010 3246 mox
1052 3183 1296 3246 consule
1332 3186 1540 3262 ingens
1583 3184 1755 3243 etiam
1793 3185 2146 3260 congiarium
2189 3201 2353 3243 acce·
2378 3205 2435 3247 ss

356 3268 467 3342 pit,
519 3276 578 3327 ut
608 3269 661 3326 ei
703 3271 759 3327 in
791 3269 1131 3348 Philippicis
1169 3266 1380 3329 Cicero
1414 3267 1644 3328 obiicit:
1688 3263 1963 3327 Adhibes
1995 3267 2119 3327 ioci
2160 3284 2360 3328 causa

355 3347 748 3425 mayistrum,
779 3350 1080 3432 suffrayio
1105 3358 1207 3414 tuo
1234 3357 1296 3413 et
1321 3356 1738 3429 compotorum
1766 3358 2006 3412 tuorum
2033 3350 2356 3428 rhetorem,

359 3429 460 3488 cui
493 3433 854 3494 concessisti
877 3442 945 3495 ut
971 3436 1035 3496 in
1066 3442 1122 3497 te
1150 3452 1311 3517 quae
1337 3435 1516 3496 vellet
1544 3434 1807 3512 diceret,
1845 3435 2082 3496 salsum
2118 3434 2358 3498 onmino
