2553 3960
432 183 986 233 DEPERm'ronnu
1030 154 1395 233 memnon
1437 183 1840 244 immotum.
2026 171 2151 237 317

264 338 455 401 Ovare
501 349 558 400 et
601 338 955 418 triumphare
995 340 1113 401 hoc
1156 339 1384 418 differt,
1427 339 1582 419 quod
1623 338 1978 418 triumphans
2010 355 2147 418 qua-

99 423 320 503 flrigis
355 423 582 485 vehitur
615 431 675 484 et
718 433 1027 485 coronatus
1069 425 1267 486 laurea
1308 441 1529 485 corona
1572 423 1943 502 subsequitur
1986 440 2146 501 pom-

125 526 296 588 pam;
349 509 445 588 qui
476 516 665 570 autem
698 519 866 586 ovat,
912 518 1006 569 aut
1048 527 1227 588 super
1258 526 1465 589 equum
1496 507 1770 587 tripudiat
1803 511 1901 567 aut
1942 509 2150 570 mirtea

127 610 358 654 corona
394 594 614 653 cinctus
650 610 918 672 pompam
944 594 1267 673 praecedit.

62 700 93 739 s
264 675 477 737 Omnes
538 686 779 737 cunctos
850 685 909 737 et
967 678 1311 757 universos]
1372 695 1576 738 omnes
1631 694 1871 755 quorum
1931 676 2147 736 mentio

121 768 253 829 θεὴ
304 761 497 822 cuncti
525 762 621 839 qui
651 760 865 840 ubique
895 770 1053 832 sunt;
1089 764 1345 823 universi
1376 771 1660 840 tamquam
1684 761 1741 820 in
1776 779 1948 820 unum
1968 762 2144 820 versi.

272 843 457 905 Orare
488 853 548 904 et
580 846 839 925 precari]
874 863 1045 907 orare
1076 846 1284 907 dicitur
1315 847 1581 925 quoniam
1625 846 1745 905 oris
1784 847 1935 906 ratio
1965 842 2146 922 ducit,

121 930 316 1008 etqui
358 937 485 990 orat
528 930 699 990 etiam
735 939 1009 1008 precatur
1036 939 1097 991 ut
1127 929 1384 994 Exorat
1413 948 1682 1009 pacem,·
1733 938 1792 990 at
1839 931 1934 1009 qui
1975 936 2149 1005 rogat

118 1029 250 1073 non
283 1013 480 1091 utique
517 1023 676 1091 orat,
715 1014 820 1074 sed
851 1014 1233 1094 deprecatur,
1280 1016 1437 1096 quod
1472 1016 1643 1076 etiam
1672 1014 1923 1093 imperiti
1951 1012 2021 1074 ad
2045 1011 2145 1072 de-

38 1124 95 1166 10
123 1096 487 1177 precandum
522 1096 899 1159 descendunt.

252 1180 434 1243 Omne
480 1191 538 1242 et
576 1182 783 1261 totum]
820 1199 989 1243 omne
1019 1185 1454 1245 universitatem
1490 1185 1801 1262 significat,
1836 1190 2015 1243 totum
2045 1197 2143 1243 so·

117 1265 429 1328 liditatem.

258 1348 558 1410 Ostentum
606 1360 923 1411 monstrum
976 1360 1035 1411 et
1091 1352 1444 1431 prodigium]
1494 1361 1781 1413 ostentum
1828 1352 1954 1411 sine
2013 1368 2142 1412 cor-

0 1453 5 1457 ·
118 1450 281 1514 pore
326 1433 516 1493 solido
563 1435 730 1495 nobis
776 1453 842 1495 se
883 1434 1137 1495 ostendit
1174 1445 1234 1496 et
1273 1436 1461 1497 oculis
1504 1444 1562 1496 et
1592 1436 1826 1497 auribus
1869 1434 2141 1510 obicitur,

39 1542 97 1584 ιι»
125 1528 195 1579 ut
223 1517 470 1578 interdiu
505 1520 810 1598 tenebrae,
849 1526 1025 1579 nocte
1055 1518 1183 1587 lux;
1233 1519 1563 1599 prodigium
1594 1520 1748 1599 quod
1780 1518 1983 1579 solidis
2016 1534 2143 1578 cor-

119 1602 371 1685 poribus
398 1605 773 1682 conspicitur,
812 1612 872 1663 ut
902 1603 962 1663 iu
995 1602 1164 1663 caelo
1197 1613 1460 1664 cometes
1495 1603 1666 1663 stella
1696 1612 1793 1664 aut
1822 1603 1949 1671 fax;
1983 1619 2142 1662 mon·

118 1696 309 1748 strum
344 1685 499 1765 quod
537 1686 793 1767 [contra]
839 1695 1098 1749 naturam
1124 1690 1416 1766 cognitam
1448 1687 1767 1766 egreditur,
1798 1695 1859 1747 ut
1890 1703 2141 1766 serpens

120 1789 260 1833 cnm
287 1766 552 1850 pedibus,
585 1772 711 1830 avis
747 1776 873 1831 cum
898 1770 1026 1831 1111.
1064 1770 1191 1832 alis.

254 1854 588 1934 Properare
629 1863 688 1914 et
730 1854 1036 1934 festinare]
1071 1864 1354 1935 properat
1391 1856 1487 1935 qui
1517 1874 1686 1917 unum
1720 1854 1992 1934 quodque
2025 1872 2139 1915 ma-

40 1958 98 2001 ιο
123 1948 260 2002 ture
292 1938 591 2017 transigit3
627 1937 863 2000 festinat
894 1942 989 2019 qui
1021 1939 1188 2000 simul
1217 1939 1395 2001 multa
1428 1940 1632 2020 incipit
1660 1958 1774 2001 nec
1807 1939 2054 2020 perficit.

252 2022 533 2085 Polliceri
586 2033 644 2084 et
689 2025 1053 2104 promittere]
1087 2027 1472 2105 promittimus
1514 2027 1743 2104 rogati,
1794 2023 2142 2104 pollicemur

114 2109 299 2170 ultro.

253 2192 521 2254 Pecudes
560 2202 617 2253 et
649 2192 895 2273 pecora]
935 2192 1192 2272 pecudes
1226 2208 1372 2251 oves
1407 2201 1622 2254 tautum
1653 2193 2002 2273 accipimus,
2036 2211 2136 2272 pe-

119 2295 270 2340 cora
302 2286 494 2337 autem
524 2279 768 2338 mixtura
805 2280 1051 2337 omnium
1080 2276 1409 2337 animalium
1447 2286 1559 2338 est.

45 2389 97 2429 25
250 2360 445 2421 Palam
489 2370 548 2421 et
592 2362 812 2440 coram]
859 2360 1049 2439 palam
1101 2361 1350 2421 omnium
1391 2364 1781 2443 praesentium
1828 2371 1997 2440 nota,
2039 2379 2136 2423 co-

117 2463 249 2507 ram
283 2463 596 2524 personam
627 2448 901 2523 accipere
935 2443 1244 2505 desiderat.

252 2528 511 2590 Patrium
542 2538 601 2590 et
639 2527 963 2609 paternum]
1002 2529 1247 2608 patrium
1276 2547 1310 2589 a
1341 2529 1529 2608 patria
1556 2530 1744 2608 venit,
1774 2538 2072 2609 paternum
2106 2547 2137 2589 a

166 2624 315 2675 atre.

121 2634 161 2695 p
249 2697 515 2759 Pomaria
546 2704 605 2756 et
639 2695 896 2776 pometa]
932 2697 1187 2775 pomaria
1223 2714 1365 2756 vasa
1396 2696 1667 2774 dicimus,
1701 2697 1850 2758 sicut
1881 2697 2134 2766 olearia:

46 2807 99 2849 so
122 2790 365 2862 pometa
399 2783 549 2841 sicut
583 2780 797 2841 oliveta
828 2790 886 2840 et
918 2782 1109 2859 ficeta,
1139 2780 1370 2841 maleta.
1640 2800 1648 2807 ·

249 2864 420 2926 Prior
449 2865 609 2925 venit
654 2874 711 2925 et
752 2874 884 2925 ante
913 2866 1099 2944 venit]
1145 2866 1310 2945 prior
1357 2864 1428 2924 ad
1470 2864 1840 2946 dignitatem,
1889 2874 2022 2927 ante
2066 2866 2136 2927 ad

116 2960 353 3029 tempus
386 2949 655 3010 refertur.

250 3033 500 3096 Primum
555 3042 614 3094 et
671 3033 951 3114 priorem]
1015 3034 1178 3114 prior
1218 3034 1458 3095 alterum
1521 3034 1855 3114 praecedit,
1918 3034 2134 3115 primus

120 3136 344 3179 omneS.

53 3218 104 3262 ⁸5
247 3202 534 3283 Proprius
578 3210 636 3263 et
666 3202 932 3282 propius]
968 3203 1243 3282 proprius
1281 3202 1524 3280 domini,
1573 3202 1814 3282 propius
1861 3211 1952 3263 est
1991 3203 2129 3266 loci.
2170 3267 2183 3279 ,

249 3287 422 3348 Paret
454 3296 513 3346 et
540 3285 814 3366 apparet]
842 3295 1012 3366 paret
1040 3287 1309 3366 imperio,
1344 3294 1588 3367 apparet
1617 3286 1964 3347 videntibus.

249 3369 416 3432 Putat
455 3373 747 3432 existimat
784 3373 1049 3451 opinatur
1102 3370 1412 3432 arbitratur
1457 3378 1518 3431 et
1564 3373 1890 3452 suspicatur
1930 3370 1986 3430 id
2028 3369 2134 3430 dit-

123 3451 264 3535 fert]
305 3463 465 3534 putat
493 3455 590 3534 qui
623 3453 874 3534 dubitat,
911 3456 1200 3516 existimat
1234 3456 1332 3534 qui
1365 3473 1434 3516 ea
1476 3473 1626 3535 quae
1658 3464 1789 3517 acta
1834 3462 1964 3515 sunt
2003 3471 2132 3533 per
