2553 3960
501 210 621 257 mv
964 180 972 186 ’
1173 210 1589 259 ruffinum.

510 372 654 425 mino
683 368 889 426 Ionam·
913 375 1021 425 etc.
1053 367 1219 425 Ioh‘e’s
1247 368 1486 425 Aloisius
1520 369 1808 425 Tuscanus
1846 371 2141 426 advocatus
2177 386 2309 426 con-

472 455 825 518 'sistorialis‚
870 452 1202 510 invenerunt
1231 453 1463 509 Parisiis
1496 450 1789 527 (Incunab.
1837 471 1927 511 no.
1961 450 2125 527 1133)
2158 471 2310 509 mea-

513 554 619 608 que
653 536 832 608 gratia
861 537 1292 608 diligentissime
1322 538 1674 592 contulerunt
1700 538 1723 592 1
1745 539 2014 594 acohus
2047 536 2190 592 Hun
2208 537 2272 592 zi
2292 567 2313 575 -

511 622 644 676 ker
695 620 980 677 Helvetius
1020 626 1077 676 et
1109 620 1439 676 Andreas
1489 620 1769 691 Frigell
1818 621 2049 676 Suecus.
2139 621 2312 676 Tran-

513 704 671 775 quilli
693 704 920 761 libellus
949 703 1086 759 folia
1119 702 1220 759 XV
1233 703 1586 775 quaternaria
1609 696 1877 764 29⁸—43b
1905 703 2311 776 complectitur,

511 787 708 860 incipit
751 787 1040 844 Suetonius
1072 787 1139 842 de
1165 789 1570 858 grammaticis,
1617 787 1822 843 desinit
1850 788 2105 843 abstinuit
2130 787 2267 842 cibo.
2298 790 2309 853 Ι

511 870 608 926 LA
623 871 715 928 VS
743 870 915 927 ΒΕΘ.

219 954 492 1002 numatius.
639 955 824 1011 Tertia
866 960 952 1010 est
996 954 1414 1009 Florentius
1458 953 1629 1009 editio
1673 971 1725 1009 a.
1765 960 1901 1015 1478
1939 955 2210 1026 impressa
2256 960 2314 1010 et

512 1037 667 1097 foliis
702 1037 1075 1109 quaternariis
1104 1035 1230 1092 XIV
1269 1043 1549 1092 constans.
1613 1037 1830 1094 Initium
1862 1045 1949 1094 est
1977 1039 2035 1095 0.
2068 1037 2316 1094 Suetonii

516 1122 838 1194 Tranquilli.
877 1117 887 1198 Ι
925 1122 994 1176 de
1017 1123 1404 1192 yrammatieis.
1447 1125 1499 1175 et
1528 1120 1740 1176 rhetori
1771 1115 1783 1200 Ι
1820 1123 1940 1177 bus.
2006 1123 2194 1177 elaris.
2247 1122 2313 1175 li-

511 1205 623 1261 ber.
674 1205 877 1276 incipit.
937 1203 1063 1260 finis
1097 1203 1212 1258 cibo
1230 1224 1251 1259 .-
1289 1195 1300 1283 Ι
1337 1203 1447 1259 Nil.
1511 1206 1763 1275 amplius.
1811 1207 2107 1278 reperitur.
2145 1200 2154 1280 Ι
2196 1203 2315 1258 Im-

504 1302 759 1361 pressum
801 1288 1119 1343 Florentiae
1163 1303 1199 1341 a
1246 1278 1257 1364 Ι
1297 1287 1426 1358 pud
1463 1286 1725 1344 Sanctum
1756 1287 2016 1345 Iacobum
2061 1290 2130 1344 de
2164 1280 2177 1367 Ι
2214 1287 2315 1342 Ri-

498 1373 637 1444 poli.
699 1370 1103 1429 MCGCCLXX
1108 1369 1264 1427 VIII
1269 1365 1364 1445 ³³).
1457 1373 1574 1427 Duo
1618 1372 1869 1446 exempla
1911 1372 2129 1445 Lipsiae
2171 1371 2312 1427 hihi.

511 1550 662 1604 fallor
698 1559 956 1613 tamquam
988 1549 1211 1600 codicem
1247 1549 1471 1599 contulit.
1546 1547 1849 1599 Germanum
1882 1549 2191 1617 typothetam
2208 1551 2316 1613 fol—

505 1636 666 1688 qares
686 1634 737 1687 p.
772 1618 891 1677 267,
926 1617 991 1670 19
1024 1626 1073 1667 et
1097 1619 1329 1684 victas'p.
1351 1616 1471 1680 269,
1503 1617 1570 1669 36
1598 1618 1832 1683 produnt.
1906 1619 1980 1668 De
2012 1618 2317 1681 quibusdam

513 1688 670 1742 rebus
722 1685 1139 1754 bibliographicis
1188 1685 1396 1736 videndi
1447 1685 1741 1752 Schweiger
1788 1688 1821 1734 2
1874 1703 1927 1753 p.
1982 1687 2102 1739 615.
2182 1688 2316 1736 Hain

513 1771 599 1809 ne.
639 1755 821 1810 11443.
893 1755 1074 1806 Nescio
1105 1755 1415 1804 vetustiorne
1446 1757 1513 1805 sit
1545 1769 1610 1804 an
1652 1755 1899 1819 posterior
1927 1770 1988 1805 ea
2026 1756 2315 1821 impressio,

515 1839 669 1890 quam
697 1822 933 1890 prodisse
971 1832 1151 1889 putant
1199 1838 1265 1872 ex
1300 1822 1529 1873 Romana
1571 1823 1775 1873 officina
1800 1825 1883 1873 vel
1918 1824 2121 1874 Ioannis
2153 1823 2318 1874 Gens-

516 1895 644 1960 berg
679 1892 759 1943 vel
790 1892 996 1942 Ioannis
1023 1891 1308 1942 Schurener
1335 1891 1399 1941 de
1426 1892 1731 1959 Boppardia.
2032 1916 2039 1924 ·

652 1959 744 2024 33)
774 1959 1060 2027 Principem
1094 1960 1207 2010 dico
1247 1959 1379 2010 hanc
1409 1960 1749 2011 Fiorentinam
1778 1961 2046 2012 editionem
2081 1974 2181 2011 non
2209 1967 2314 2010 tam

514 2031 668 2083 certis
693 2028 972 2079 rationibus
998 2029 1261 2089 inductus,
1294 2044 1446 2093 quam
1479 2029 1613 2093 quod
1643 2029 1979 2093 antiquiorem
2009 2030 2119 2080 eius
2155 2044 2317 2095 gene-

515 2101 588 2152 ris
618 2112 720 2150 non
750 2099 885 2148 novi.
958 2097 1161 2148 collatis
1194 2097 1329 2146 euim
1356 2099 1605 2148 similibus
1636 2099 1882 2164 exemplis
1913 2105 2076 2148 aetate
2106 2097 2317 2148 inferio-

453 2211 464 2220 .
514 2169 674 2230 ribus,
707 2166 958 2232 suspicari
989 2166 1106 2217 licet
1136 2166 1200 2215 de
1227 2168 1501 2217 vetustiore
1526 2166 1696 2229 aliqua
1731 2167 1949 2217 editione
1978 2167 2202 2217 nondum
2232 2167 2317 2215 in—

517 2244 686 2297 venta,
715 2235 850 2286 unde
886 2243 934 2284 et
953 2234 1244 2284 Florentina
1274 2242 1325 2285 et
1351 2237 1579 2299 reliquae
1609 2234 1865 2285 derivatae
1894 2250 2009 2285 esse
2029 2236 2316 2288 videantur.

515 2306 706 2355 Verum
735 2317 849 2353 cum
879 2317 991 2353 eam
1016 2318 1124 2353 rem
1153 2317 1287 2352 nunc
1316 2303 1381 2353 ad
1411 2303 1658 2366 liquidum
1685 2305 1958 2369 perducere
1990 2318 2091 2354 nou
2115 2318 2316 2368 queam,

517 2374 643 2425 satis
669 2371 832 2421 habeo
858 2371 1008 2421 trium
1026 2371 1365 2437 posteriorum
1391 2371 1665 2422 editionum
1698 2372 1926 2422 notitiam
1957 2372 2161 2421 addere.
2209 2372 2317 2421 Hoc

515 2442 650 2492 enim
683 2439 997 2504 exemplum,
1034 2448 1089 2489 ut
1119 2440 1342 2489 bonitate
1373 2454 1468 2490 sua
1496 2441 1705 2503 meruit,
1748 2441 1972 2490 omnium
2017 2440 2316 2505 saepissime

515 2523 749 2560 recusum
779 2516 873 2557 est.
2291 2536 2298 2543 -

586 2577 636 2629 1.
680 2579 738 2628 In
769 2576 889 2625 bibl.
919 2577 1059 2626 univ.
1090 2576 1373 2642 Lipsiensis
1403 2576 1558 2640 (Hist.
1592 2577 1676 2627 lat.
1712 2576 1837 2643 146)
1869 2579 2089 2641 itemque
2120 2577 2316 2627 Vratis-

517 2645 760 2698 laviensis
799 2644 953 2695 editio
985 2653 1217 2695 servatur
1251 2644 1377 2695 folia
1406 2646 1725 2709 quaternaria
1753 2646 1872 2696 VIII
1898 2661 2137 2697 versuum
2164 2642 2317 2695 XXX

517 2714 795 2775 continens,
825 2713 966 2763 urbis
998 2714 1118 2763 anni
1143 2713 1450 2780 typographi
1469 2713 1671 2765 indiciis
1689 2715 1947 2773 destituta,
1975 2715 2047 2765 ita
2070 2715 2315 2780 iucipiens

521 2784 577 2834 0.
610 2782 835 2833 Suetonii
860 2780 1143 2847 Tranquilli
1178 2784 1241 2831 de
1272 2797 1520 2845 gramma·
1549 2782 1559 2847 Ι
1590 2785 1732 2833 tieis:
1766 2790 1817 2833 et
1847 2783 2127 2833 rhetoribus
2158 2782 2316 2832 claris

519 2851 731 2901 libellus.
805 2849 876 2899 ita
925 2850 1164 2901 desinens
1213 2850 1469 2901 abstinens
1513 2852 1640 2902 cibo.
1681 2848 1692 2912 Ι
1732 2850 1961 2901 Suetonii
2007 2852 2208 2917 Traqlli
2255 2853 2320 2900 de

516 2921 673 2970 claris
721 2918 1055 2968 Gramaticis:
1105 2918 1154 2966 ὅτ
1193 2918 1466 2969 rhetor-ib'.
1508 2922 1665 2971 Finis.
1752 2920 2098 2987 Bibliographi
2135 2921 2320 2971 docent

518 2989 807 3039 adiunctam
838 2987 958 3037 olim
985 2986 1145 3037 fuisse
1174 2987 1352 3052 Apicio
1388 2989 1454 3039 de
1479 3003 1535 3039 re
1565 2988 1855 3053 coquinaria
1883 2990 2079 3040 circiter
2105 3005 2155 3039 a.
2181 2986 2319 3039 1500

517 3057 748 3107 Venetiis
778 3071 872 3123 per
900 3055 1267 3105 Bernardiuum
1294 3057 1543 3107 Venetum
1579 3060 1847 3124 impresso.
1919 3057 2183 3123 Lipsieuse
2225 3072 2320 3107 ex-

519 3125 739 3191 emplum
771 3139 802 3174 a
832 3124 1081 3173 Moebio
1125 3125 1338 3175 missum
1380 3125 1650 3177 conferens
1676 3126 1798 3176 vitia
1831 3127 2078 3189 quaedam
2106 3126 2319 3175 Floren-

518 3193 654 3243 tinae
683 3193 918 3243 editionis
951 3191 1166 3255 sublata,
1191 3208 1356 3258 pauca
1387 3208 1519 3244 nova
1547 3196 1686 3245 illata
1707 3194 1925 3260 cognovi
1955 3208 2051 3260 ope
2087 3202 2144 3244 ut
2171 3192 2317 3245 vide-

516 3269 602 3311 tur
628 3260 863 3311 editionis
880 3257 1120 3311 'Incertae
1163 3276 1210 3311 a.
1255 3263 1413 3324 1474;
1452 3264 1522 3313 ita
1552 3279 1607 3330 p.
1641 3262 1772 3328 267,
1820 3265 1885 3315 27
1927 3262 2076 3313 hebet
2101 3260 2315 3326 Scripsi!

516 3343 638 3380 vero
668 3344 740 3378 ex
765 3332 949 3388 variis,-
977 3345 1027 3395 p.
1063 3330 1182 3393 269,
1215 3331 1283 3382 28
1314 3341 1482 3395 porta.

585 3398 638 3450 2.
686 3396 882 3449 Veteris
916 3398 1150 3450 editionis
1178 3398 1573 3452 Mediolanensis
1613 3401 1713 3450 Iac.
1743 3400 2060 3467 Bongarsius
2096 3416 2145 3451 a.
2181 3400 2319 3453 1595

513 3464 815 3518 casaubono
847 3480 991 3533 spem
1026 3465 1212 3517 fecerat
1229 3504 1246 3531 ,
1280 3469 1374 3518 sed
1408 3483 1508 3519 non
1546 3470 1801 3519 inventam
1829 3469 2026 3521 mittere
2063 3484 2165 3520 non
2202 3480 2314 3535 pot·
