2553 3960
501 260 1057 309 DEPERDITORUM
1092 262 1457 310 munorum
1502 262 1902 322 RELIQUIAE.
2077 249 2197 311 279

198 417 252 475 in
299 415 527 475 Etruria
577 414 920 475 consedisse
962 414 1227 475 Timaeus
1285 417 1469 476 refert
1514 416 1661 477 duce
1708 416 2042 492 Tyrrheno,
2105 419 2196 496 qui

197 501 328 559 fatri
359 516 465 559 suo
501 508 761 558 cesserat
800 501 967 576 regui
1002 502 1393 560 contentione.
1480 500 1661 578 Igitur
1705 503 1760 559 in
1794 500 2022 561 Etruria
2053 502 2200 561 iuter

199 594 434 643 ceteros
476 585 618 642 ritus
666 583 1138 661 superstitionum
1180 602 1406 644 suarum
1437 584 1774 663 spectacula
1806 601 2037 663 quoque
2066 585 2198 645 reli·

197 667 390 743 gionis
448 668 676 726 nomine
718 668 1044 737 instituunt;
1100 667 1231 728 iude
1282 668 1521 728 Romani
1578 670 1894 729 arcessitos
1952 670 2200 728 artifices

153 759 547 825 smutuantur‚
588 760 845 827 tempus,
883 754 1362 828 enuntiationem,
1409 762 1466 812 ut
1497 752 1616 812 ludi
1648 771 1679 812 a
1712 752 1882 827 Lydis
1922 769 2199 812 vocaren-

191 845 287 898 tur
320 879 334 893 .
370 878 384 892 .
420 878 434 892 .
526 833 666 893 Cum
696 836 1026 911 promiscue
1059 835 1175 895 ludi
1205 836 1491 896 Liberalia
1526 846 1890 912 vocarentur,
1920 836 2201 895 honorem

195 918 385 978 Liberi
415 920 596 997 patris
619 919 920 978 manifeste
936 919 1243 988 sonabant:
1275 919 1487 982 Libero
1517 922 1665 979 enim
1692 939 1723 980 a
1757 921 1987 980 rusticis
2015 920 2199 999 primo

198 1002 409 1062 fiebant
439 1002 515 1061 ob
539 1002 908 1077 beneficium,
943 1001 1096 1081 quod
1130 1006 1181 1062 ei
1209 1003 1560 1081 adscribunt,
1605 1005 1991 1065 demonstrata
2015 1006 2199 1082 gratia

195 1088 329 1145 vini.
405 1085 632 1145 Exinde
657 1086 774 1145 ludi
808 1084 1118 1147 Consualia
1144 1087 1314 1165 dicti,
1344 1090 1438 1167 qui
1469 1089 1546 1147 ini
1574 1090 1631 1148 io
1660 1088 1987 1167 Neptunum
2010 1087 2196 1147 hono-

126 1182 177 1224 ιο
197 1169 424 1248 rabant:
467 1170 709 1231 eundem
749 1172 900 1229 euim
940 1180 998 1231 et
1036 1167 1289 1231 Consum
1320 1172 1624 1232 vocabant.
1679 1172 1930 1233 -Dehiuc
1967 1171 2201 1250 Equiria

196 1255 359 1331 equis
383 1254 841 1315 MartiRomulus
866 1255 1034 1325 dixit,
1065 1273 1407 1335 quamquam
1432 1257 1527 1316 alii
1552 1266 1612 1316 et
1624 1257 1936 1318 Consualia
1951 1256 2199 1317 Romulo

192 1338 534 1417 defendunt,
578 1341 732 1419 quod
777 1359 846 1401 ea
884 1340 1086 1401 Conso
1121 1340 1434 1417 dicaverit,
1474 1339 1584 1401 deo
1626 1349 1686 1400 ut
1714 1340 1919 1399 volunt
1962 1339 2214 1420 consilii,

192 1425 315 1482 eius
360 1424 587 1483 scilicet
630 1442 744 1502 quo
776 1433 911 1485 tunc
941 1425 1278 1485 Sabinarum
1309 1427 1594 1502 virgiuum
1641 1425 1903 1501 rapinam
1938 1414 2215 1482 militibus

192 1509 332 1566 suis
341 1508 398 1565 in
447 1510 807 1568 matrimonia
834 1508 1330 1607 excogitavit..
1378 1516 1437 1567 et
1468 1525 1620 1568 nunc
1656 1525 1754 1567 ara
1789 1505 1986 1567 Conso
2033 1505 2115 1565 illi
2159 1506 2218 1563 in

122 1604 171 1645 ιε
197 1593 356 1651 circo
391 1590 625 1652 defossa
661 1600 752 1651 est
793 1591 863 1650 ad
896 1594 1110 1670 primas
1140 1600 1325 1651 metas
1357 1591 1461 1650 sub
1488 1600 1642 1650 terra
1676 1608 1802 1651 cum
1833 1590 2216 1668 inscriptione

190 1674 358 1733 huiu's
407 1674 588 1735 modi:
650 1673 899 1735 Consus
937 1675 1232 1751 consiliu,
1280 1674 1460 1735 Mars
1504 1674 1743 1751 duello,
1789 1672 1991 1734 Lares
2031 1671 2214 1734 coillo

188 1764 526 1902 ssssssimssffi
578 1759 1488 1922 ³}?‘³¹³s⁶.²13¹.21zt¹‡3.⁶33¹m{1?¹¹3
1493 1758 2211 1919 ulsslffZnss'Zi‘ssZK-{mffi'ss‘

347 1888 365 1919 ,
533 1887 545 1900 .
690 1890 699 1901 .
2199 1883 2212 1897 .

190 1926 418 1987 Dehinc
445 1926 595 1988 idem
623 1928 901 1989 Romulus
932 1928 1057 1988 lovi
1086 1928 1352 1990 Feretrio
1388 1928 1560 1989 ludos
1591 1926 1831 1988 instituit
1861 1929 1918 1987 in
1936 1925 2213 2005 Tarpeio,

121 2030 173 2070 κο
196 2028 345 2090 quos
376 2011 659 2090 Tarpeios
708 2013 894 2073 dictos
930 2022 989 2072 et
1032 2011 1395 2092 Capitolinos
1424 2013 1559 2074 Piso
1600 2011 1790 2073 tradit.
1878 2011 2018 2072 Post
2062 2010 2215 2069 hunc

189 2095 374 2155 Numa
420 2095 735 2175 Pompilius
779 2097 946 2158 Marti
989 2107 1045 2156 et
1085 2097 1360 2174 Robigini
1403 2098 1572 2174 fecit,
1622 2099 1798 2177 (uam
1829 2106 1887 2156 et
1929 2094 2214 2171 robiginis

192 2179 357 2240 deam
402 2181 728 2261 finxerunt)
770 2182 979 2242 dehinc
1011 2180 1210 2241 Tullus
1247 2180 1562 2258 Hostilius,
1603 2181 1814 2241 dehinc
1834 2179 2034 2240 Ancus
2062 2178 2210 2239 Mar-

193 2266 317 2324 cius
366 2273 423 2324 et
462 2268 645 2326 ceteri
690 2284 923 2345 quoque
957 2284 1063 2343 per
1105 2265 1386 2325 ordinem.
1475 2264 1552 2325 Et
1588 2264 1794 2343 quibus
1834 2264 2006 2325 idolis
2044 2262 2212 2323 ludos

191 2348 568 2426 instituerint,
617 2351 866 2427 positum
897 2357 988 2410 est
1016 2350 1169 2429 apud
1203 2351 1540 2410 Suetonium
1572 2348 2003 2427 Tranquillum,
2053 2347 2146 2406 vel
2180 2363 2212 2406 a

115 2447 171 2487 25
193 2431 402 2510 quibus
458 2432 828 2511 Tranquillus
884 2437 1133 2512 accepit.
1231 2433 1649 2495 Tertullianus
1705 2431 1784 2492 de
1833 2430 2212 2511 spectaculis

192 2533 274 2576 ca
384 2526 439 2575 5.

268 2534 716 2698 p'Ao'o'oiota..
751 2597 1113 2700 .Νουμᾶς,
1159 2590 1195 2660 ὁ
1217 2598 1506 2699 πρῶτος
1517 2588 1833 2680 βασιλευς
1861 2619 2025 2680 μετα
2052 2587 2211 2660 Ρω-

189 2675 415 2762 μύλον
438 2673 784 2776 Ῥωμαίων
812 2677 1105 2763 γεγονώς
1122 2731 1140 2763 ,
1194 2674 1326 2745 ἀπὸ
1353 2676 1636 2765 σιδήρου
1668 2677 1780 2745 καὶ
1807 2679 2065 2782 χαλκοῦ
2090 2699 2210 2742 πε·-

191 2760 524 2845 ποιημένα
564 2762 824 2862 πρῶτος
858 2763 1217 2867 ἐχαρίσατο
1270 2764 1685 2871 [γογγιάριον
1748 2763 2023 2865 ἔδωκεν]
2047 2755 2210 2827 Ῥω-

118 2867 169 2907 30
189 2849 435 2930 μαίοις,
467 2846 601 2910 τῶν
631 2837 760 2928 πρὸ
790 2840 1002 2912 αυτοῦ
1035 2844 1310 2913 πάντων
1330 2851 1441 2913 δια
1469 2851 1808 2914 σκυτίνων
1829 2839 1996 2912 καὶ’
1963 2863 2208 2928 οστρα-

189 2932 407 2996 κίνων
432 2923 574 3034 τὴν
609 2933 840 3014 χρείαν
877 2929 1363 3034 πληρούντων,
1398 2929 1584 3036 ἅπερ
1603 2925 1953 3015 ὠνόμασεν
1983 2930 2056 2995 ἐκ
2085 2929 2208 2993 τοῦ

192 3016 375 3079 ἰδίου
409 3008 738 3120 ὀνόματος
765 3010 1045 3099 νούμια,
1092 3011 1179 3092 ὥς
1224 3032 1390 3100 φησι
1446 3012 1895 3102 Τραγκυλλος.
1971 3016 2209 3080 Suidas

190 3121 244 3162 ε.
297 3121 353 3163 υ.
406 3092 713 3182 ασσοὶρια.
802 3100 1077 3164 Ioannes
1107 3103 1522 3166 Antiochenus
1552 3123 1617 3183 p.
1667 3112 1786 3164 553
1829 3103 1924 3163 ed.
1958 3101 2203 3164 Mu’ller.

194 3185 567 3249 Chr-unicum
591 3187 899 3266 paschale
924 3186 1422 3249 Alexandrinum
1443 3207 1506 3267 p.
1540 3195 1653 3248 218
1682 3185 1881 3249 Borm.
1953 3186 2205 3267 Syncel-

124 3270 293 3332 arnus
319 3271 357 3330 I
374 3290 440 3350 p.
482 3280 592 3334 398
620 3270 818 3334 Borm.
912 3270 1229 3333 cedrenus
1255 3270 1298 3332 Ῑ
1322 3291 1386 3351 p.
1421 3281 1539 3334 260
1566 3270 1763 3333 Bonn.
1853 3270 2210 3350 Anonymus

195 3351 507 3433 Scaliqeri
532 3374 599 3434 p.
647 3366 746 3416 54.
839 3354 1371 3436 Chronoyraphus
1403 3355 1923 3418 Mommsenianus
1960 3374 2024 3434 p.
2061 3364 2202 3415 645.

324 3439 492 3517 Apud
539 3442 789 3500 maiores
820 3440 1029 3500 theatri
1060 3442 1278 3518 gradus
1318 3450 1532 3502 tautum
1562 3440 1817 3510 fueruut;
1864 3456 1989 3499 uam
2029 3454 2206 3496 scena

200 3520 272 3580 de
312 3521 472 3598 ligno
507 3531 719 3583 tantum
750 3523 822 3584 ad
855 3531 1080 3604 tempus
1116 3524 1322 3603 fiebat,
1373 3523 1523 3585 unde
1563 3524 1855 3602 hodieque
1891 3520 2206 3601 permansit
