2553 3960
356 212 439 274 26
526 224 586 273 c.
619 223 920 273 sumom
953 223 1210 284 TRANQ.
1240 223 1338 272 ΒΕ
1369 223 1539 273 vrrA
1569 222 1940 274 CAESARUM
1968 224 2107 273 Lm.
2140 224 2188 273 1.

356 380 565 441 sendas
614 379 829 440 frustra
876 398 1057 459 saepe
1109 380 1395 456 misisset,
1449 380 1765 440 novissime
1810 379 1941 459 ipse
1991 378 2142 441 clam
2184 389 2365 442 noctu

356 464 656 545 parvulum
685 465 976 542 navigium
1004 463 1166 524 solus
1197 463 1481 524 obvoluto
1520 465 1713 543 capite
1745 462 2124 542 conscendit,
2168 482 2364 544 neque

355 557 450 611 aut
491 550 618 629 quis
656 556 816 609 esset
853 558 985 610 ante
1022 547 1242 608 detexit
1276 557 1373 608 aut
1410 547 1864 625 gubernatorem
1896 547 2112 608 cedere
2155 547 2362 610 adver·

269 642 341 697 59
358 652 459 694 sae
489 634 816 713 tempestati
848 650 1056 712 passus
1087 641 1209 709 est,
1237 650 1406 711 quam
1436 650 1625 712 paene
1658 632 1897 693 obrutus
1926 632 2214 693 fluctibus.
2270 632 2362 693 Ne

349 718 645 796 religione
673 716 901 795 quidem
930 716 1046 777 ulla
1077 735 1111 776 a
1142 734 1431 796 quoquam
1453 718 1692 796 incepto
1724 715 2067 777 absterritus
2096 733 2407 796 umquams

352 801 450 863 vel
490 801 814 862 retardatus
859 809 967 860 est.
1053 799 1201 861 Cum
1239 800 1553 862 immolanti
1598 800 1922 877 aufugisset
1951 800 2175 878 hostia,
2225 820 2360 880 pro-

350 888 667 947 fectionem
710 885 990 947 adversus
1025 885 1364 964 Scipionem
1409 893 1468 943 et
1511 884 1710 945 Iubam
1748 902 1866 945 non
1914 885 2151 946 distulit.
2219 886 2360 946 Pro-

351 971 548 1050 lapsus
579 972 751 1031 etiam
779 972 837 1029 in
868 988 1116 1047 egressu
1145 972 1342 1046 navis,
1387 987 1565 1029 verso
1597 968 1669 1031 ad
1695 968 1901 1029 melius
1931 971 2123 1030 omine
2162 968 2360 1033 Teneo

351 1062 440 1130 te,
473 1057 683 1134 inquit,
715 1052 965 1131 Africa.
1031 1053 1129 1114 Ad
1158 1052 1471 1113 eludendas
1506 1062 1695 1114 autem
1725 1055 2203 1131 vaticinationes,
2235 1057 2358 1134 qui-

350 1138 457 1198 bus
486 1137 633 1197 felix
663 1147 722 1198 et
759 1140 1033 1198 invictum
1067 1140 1125 1198 in
1159 1156 1230 1199 ea
1261 1139 1569 1216 provincia
1599 1137 1854 1198 fataliter
1885 1139 2226 1216 Scipionum
2255 1156 2358 1199 no·
2380 1153 2435 1193 lc

348 1239 480 1282 men
531 1221 862 1299 ferebatur,
915 1221 1421 1302 despectissimum
1481 1221 1763 1301 quendam
1821 1240 1898 1282 ex
1948 1221 2360 1284 Corneliorum

350 1327 605 1389 genere,
651 1311 742 1369 cui
785 1307 857 1368 ad
900 1305 1280 1387 opprobrium
1319 1308 1474 1368 vitae
1510 1306 1795 1367 Salvitoni
1836 1323 2168 1384 cognomen
2210 1316 2358 1385 erat,

351 1397 408 1454 in
441 1395 648 1455 castris
674 1410 872 1453 secum
902 1391 1118 1453 habuit.

266 1490 336 1545 60
403 1545 411 1554 ,
476 1477 708 1538 Proelia
738 1493 854 1536 non
885 1485 1101 1536 tantum
1128 1475 1455 1553 destinato,
1501 1474 1606 1535 sed
1638 1494 1714 1535 ex
1745 1476 2063 1536 occasione
2094 1474 2359 1536 sumebat

350 1581 422 1623 ac
457 1579 639 1641 saepe
672 1560 745 1621 ab
778 1562 987 1621 itinere
1024 1563 1247 1637 statim,
1294 1559 1578 1620 interdum
1608 1561 1999 1639 spurcissimis
2042 1568 2354 1638 tempesta·
2376 1579 2432 1621 15

349 1646 529 1723 tibus,
573 1662 700 1706 cum
745 1647 973 1706 minime
1016 1646 1142 1725 quis
1177 1653 1463 1705 moturum
1494 1651 1753 1725 putaret;
1800 1661 1912 1703 nec
1941 1645 2051 1706 nisi
2086 1653 2356 1724 tempore

351 1740 612 1790 extremo
661 1730 733 1793 ad
774 1729 1153 1790 dimicandum
1196 1730 1521 1789 cunctatior
1553 1728 1740 1788 factus
1786 1736 1906 1804 est,
1960 1744 2074 1806 quo
2120 1730 2356 1807 saepius

349 1815 621 1891 vicisset,
664 1814 782 1874 hoc
822 1816 1005 1874 minus
1038 1812 1433 1892 experiendos
1466 1830 1636 1874 casus
1674 1808 1953 1891 opinans,
1994 1810 2254 1891 nihilque
2287 1830 2356 1872 se

347 1906 561 1959 tantum
602 1897 1013 1977 adquisiturum
1051 1900 1334 1974 victoria,
1391 1905 1658 1976 quantum
1687 1896 1817 1933 Η*
1853 1890 2135 1979 [auferre
2176 1895 2353 1957 cala-

345 1983 533 2043 mitas
557 1989 791 2060 posset.
869 1980 1120 2044 Nullum
1147 1977 1460 2065 umquam]
1493 1980 1722 2043 hostem
1764 1980 1940 2057 fudit,
1976 1983 2110 2059 quin
2147 1983 2356 2041 castris
2374 1999 2430 2041 20

349 2084 580 2146 quoque
609 2075 880 2129 exueret:
918 2070 996 2127 ita
1024 2066 1238 2126 nullum
1272 2069 1519 2146 spatium
1548 2067 1877 2144 perterritis
1907 2064 2097 2126 dabat.
2172 2064 2354 2126 Anci-

347 2152 454 2231 piti
493 2149 725 2229 proelio
765 2168 948 2229 equos
984 2150 1305 2211 dimittebat
1344 2160 1403 2211 et
1446 2153 1504 2210 in
1549 2151 1749 2230 primis
1781 2168 1976 2227 suum,
2017 2166 2136 2228 quo
2168 2151 2357 2210 maior

350 2233 720 2314 permanendi
782 2236 1106 2295 necessitas
1158 2238 1557 2314 imponeretur
1614 2234 1831 2296 auxilio
1884 2235 2061 2311 fugae
2118 2243 2353 2313 erepto.

265 2325 330 2380 61
352 2316 634 2380 Utebatur
672 2325 859 2378 autem
900 2336 1053 2398 equo
1094 2321 1339 2397 insigni,
1387 2318 1634 2399 pedibus
1677 2335 1868 2398 prope
1899 2317 2158 2377 humanis
2195 2327 2255 2378 et
2294 2318 2354 2378 in

348 2400 576 2461 modum
606 2399 914 2478 digitorum
943 2403 1173 2480 ungulis
1211 2404 1397 2480 fissis,
1442 2421 1611 2483 quem
1655 2411 1846 2462 natum
1885 2401 2038 2482 apud
2075 2420 2174 2480 se,
2222 2406 2352 2463 cu‘m
2372 2424 2425 2463 25

348 2485 686 2562 haruspices
715 2487 1016 2565 imperium
1049 2487 1208 2547 orbis
1241 2496 1435 2548 terrae
1464 2487 1798 2564 significare
1829 2484 2064 2546 domino
2096 2504 2351 2566 pronun·

348 2569 619 2644 tiassent,
669 2587 876 2647 magna
923 2588 1059 2633 cura
1109 2571 1247 2632 aluit
1299 2590 1411 2632 nec
1450 2573 1764 2651 patientem
1808 2572 2064 2630 sessoris
2110 2569 2352 2633 alterius

348 2654 562 2732 primus
592 2653 880 2724 ascendit;
928 2657 1089 2714 cuius
1131 2657 1302 2716 etiam
1343 2658 1524 2715 instar
1553 2672 1662 2735 pro
1695 2654 1842 2715 aede
1878 2655 2130 2715 Veneris
2162 2654 2351 2716 Gene-

261 2739 330 2793 62
347 2738 510 2797 tricis
544 2746 752 2815 postea
784 2737 1091 2799 dedicavit.
1162 2738 1500 2799 Inclinatam
1537 2740 1723 2799 aciem
1764 2738 1929 2799 solus
1969 2756 2150 2818 saepe
2180 2742 2351 2800 resti·

345 2822 448 2880 tuit
496 2818 788 2882 obsistens
828 2821 1182 2899 fugientibus
1227 2824 1600 2902 retinensque
1647 2822 1915 2900 singulos
1958 2831 2018 2882 et
2059 2826 2419 2885 contortisso

341 2902 605 2965 faucibus
660 2915 1015 2966 convertens
1056 2908 1112 2966 in
1157 2905 1387 2967 hostem
1426 2915 1486 2966 et
1529 2906 1759 2986 quidem
1804 2906 1955 2967 adeo
2003 2904 2348 2987 plerumque

342 2986 637 3067 trepidos,
690 2997 751 3048 ut
802 2988 1069 3069 aquilifer
1118 2993 1362 3051 moranti
1412 3009 1479 3050 se
1524 2989 1766 3069 cuspide
1816 2992 1892 3050 sit
1944 2992 2347 3070 comminatus,

258 3087 327 3140 63
343 3070 487 3130 alius
520 3073 577 3130 in
614 3089 781 3133 manu
821 3072 1128 3134 detinentis
1167 3074 1470 3154 reliquerit
1509 3076 1753 3151 signum.
1817 3073 1953 3134 Non
1991 3076 2213 3136 minora
2246 3076 2349 3138 illa

344 3157 700 3215 constantiae
743 3158 902 3234 eius,
946 3159 1116 3218 immo
1157 3161 1378 3219 maiora
1420 3160 1593 3218 etiam
1627 3157 1839 3219 indicia
1884 3158 2115 3218 fuerint.
2201 3158 2350 3220 Post

341 3237 525 3297 aciem
555 3236 939 3301 Pharsalicam
980 3259 1106 3302 cum
1146 3244 1483 3321 praemissis
1524 3244 1583 3302 in
1611 3240 1815 3302 Asiam
1859 3243 2049 3322 copiis
2090 3260 2199 3321 per
2244 3262 2415 3305 an-ss

339 3321 558 3397 gustias
588 3319 957 3403 Hellesponti
997 3327 1261 3386 rectoria
1304 3325 1568 3387 navicula
1610 3327 1921 3402 traiceret,
1967 3325 2031 3386 L.
2076 3324 2344 3388 Cassium

338 3404 520 3481 partis
549 3403 833 3467 adversae
867 3425 992 3467 cum
1024 3408 1228 3470 decem
1256 3412 1524 3470 rostratis
1559 3410 1801 3470 navibus
1833 3409 2067 3470 obvium
2096 3410 2207 3470 sibi
2238 3430 2340 3471 ne-

340 3503 454 3562 que
480 3486 698 3562 refugit
726 3496 786 3547 et
820 3494 1129 3552 comminus
1159 3493 1438 3573 tendens,
1473 3492 1626 3552 ultro
1664 3491 1737 3552 ad
1766 3492 2116 3556 deditionem
2144 3494 2341 3556 horta·
