<?xml version="1.0" encoding="UTF-8"?>
<!DOCTYPE html PUBLIC "-//W3C//DTD XHTML 1.0 Transitional//EN"
    "http://www.w3.org/TR/xhtml1/DTD/xhtml1-transitional.dtd">
<html xmlns="http://www.w3.org/1999/xhtml" xml:lang="en" lang="en">
 <head>
  <title>
</title>
<meta http-equiv="Content-Type" content="text/html;charset=utf-8" />
  <meta name='ocr-system' content='tesseract 3.04.00' />
  <meta name='ocr-capabilities' content='ocr_page ocr_carea ocr_par ocr_line ocrx_word'/>
</head>
<body>
  <div class='ocr_page' id='page_1' title='image "./csuetonitranqui06rothgoog_0142.png"; bbox 0 0 2553 3960; ppageno 0'>
   <div class='ocr_carea' id='block_1_1' title="bbox 329 210 2170 281">
    <p class='ocr_par' dir='ltr' id='par_1_1' title="bbox 329 210 2170 281">
     <span class='ocr_line' id='line_1_1' title="bbox 329 210 2170 281; baseline -0.001 -10"><span class='ocrx_word' id='word_1_1' title='bbox 329 210 411 271; x_wconf 85' lang='lat'><strong>32</strong></span> <span class='ocrx_word' id='word_1_2' title='bbox 454 212 456 214; x_wconf 77' lang='grc'><strong><em>’</em></strong></span> <span class='ocrx_word' id='word_1_3' title='bbox 500 221 559 271; x_wconf 82' lang='grc' dir='ltr'><strong>ο.</strong></span> <span class='ocrx_word' id='word_1_4' title='bbox 591 220 891 269; x_wconf 75' lang='lat' dir='ltr'><strong>sumom</strong></span> <span class='ocrx_word' id='word_1_5' title='bbox 925 220 1182 281; x_wconf 79' lang='lat' dir='ltr'><strong>TRANQ.</strong></span> <span class='ocrx_word' id='word_1_6' title='bbox 1213 221 1309 268; x_wconf 81' lang='lat' dir='ltr'><strong>m:</strong></span> <span class='ocrx_word' id='word_1_7' title='bbox 1339 222 1505 268; x_wconf 80' lang='lat' dir='ltr'><strong>VITA</strong></span> <span class='ocrx_word' id='word_1_8' title='bbox 1550 220 1919 269; x_wconf 81' lang='lat' dir='ltr'><strong>CAESARUM</strong></span> <span class='ocrx_word' id='word_1_9' title='bbox 1947 222 2089 271; x_wconf 73' lang='lat' dir='ltr'><strong>nm.</strong></span> <span class='ocrx_word' id='word_1_10' title='bbox 2120 224 2170 270; x_wconf 92' lang='lat'><strong>1.</strong></span> 
     </span>
    </p>
   </div>
   <div class='ocr_carea' id='block_1_2' title="bbox 238 375 2418 3241">
    <p class='ocr_par' dir='ltr' id='par_1_2' title="bbox 327 375 2394 969">
     <span class='ocr_line' id='line_1_2' title="bbox 330 375 2350 457; baseline 0.001 -21"><span class='ocrx_word' id='word_1_11' title='bbox 330 386 502 455; x_wconf 83' lang='lat' dir='ltr'><strong>geret</strong></span> <span class='ocrx_word' id='word_1_12' title='bbox 548 378 731 448; x_wconf 91' lang='lat' dir='ltr'><strong>minus</strong></span> <span class='ocrx_word' id='word_1_13' title='bbox 772 375 1035 437; x_wconf 83' lang='lat' dir='ltr'><strong>familiari</strong></span> <span class='ocrx_word' id='word_1_14' title='bbox 1081 376 1241 437; x_wconf 83' lang='lat' dir='ltr'><strong>vultu</strong></span> <span class='ocrx_word' id='word_1_15' title='bbox 1285 377 1645 455; x_wconf 79' lang='lat' dir='ltr'><strong>respexisse.</strong></span> <span class='ocrx_word' id='word_1_16' title='bbox 1724 376 1906 457; x_wconf 90' lang='lat' dir='ltr'><strong>quue</strong></span> <span class='ocrx_word' id='word_1_17' title='bbox 1951 378 2171 438; x_wconf 89' lang='lat' dir='ltr'><strong>factum</strong></span> <span class='ocrx_word' id='word_1_18' title='bbox 2214 380 2350 439; x_wconf 86' lang='lat' dir='ltr'><strong>eius</strong></span> 
     </span>
     <span class='ocr_line' id='line_1_3' title="bbox 328 460 2346 540; baseline 0.001 -19"><span class='ocrx_word' id='word_1_19' title='bbox 328 470 488 522; x_wconf 85' lang='lat' dir='ltr'><strong>tanto</strong></span> <span class='ocrx_word' id='word_1_20' title='bbox 517 460 939 521; x_wconf 82' lang='lat' dir='ltr'><strong>intolerabilius</strong></span> <span class='ocrx_word' id='word_1_21' title='bbox 977 470 1066 520; x_wconf 91' lang='lat' dir='ltr'><strong>est</strong></span> <span class='ocrx_word' id='word_1_22' title='bbox 1091 463 1308 538; x_wconf 81' lang='lat' dir='ltr'><strong>visum,</strong></span> <span class='ocrx_word' id='word_1_23' title='bbox 1353 460 1509 540; x_wconf 91' lang='lat' dir='ltr'><strong>quod</strong></span> <span class='ocrx_word' id='word_1_24' title='bbox 1551 463 1681 539; x_wconf 87' lang='lat' dir='ltr'><strong>ipse</strong></span> <span class='ocrx_word' id='word_1_25' title='bbox 1713 461 2081 540; x_wconf 82' lang='lat' dir='ltr'><strong>triumphanti</strong></span> <span class='ocrx_word' id='word_1_26' title='bbox 2117 472 2175 523; x_wconf 89' lang='lat' dir='ltr'><strong>et</strong></span> <span class='ocrx_word' id='word_1_27' title='bbox 2207 463 2346 525; x_wconf 88' lang='lat' dir='ltr'><strong>sub-</strong></span> 
     </span>
     <span class='ocr_line' id='line_1_4' title="bbox 329 544 2348 624; baseline 0.001 -19"><span class='ocrx_word' id='word_1_28' title='bbox 329 545 497 606; x_wconf 85' lang='lat' dir='ltr'><strong>sellia</strong></span> <span class='ocrx_word' id='word_1_29' title='bbox 518 546 837 607; x_wconf 88' lang='lat' dir='ltr'><strong>tribunicia</strong></span> <span class='ocrx_word' id='word_1_30' title='bbox 869 545 1338 624; x_wconf 85' lang='lat' dir='ltr'><strong>praetervehenti</strong></span> <span class='ocrx_word' id='word_1_31' title='bbox 1377 544 1485 605; x_wconf 89' lang='lat' dir='ltr'><strong>sibi</strong></span> <span class='ocrx_word' id='word_1_32' title='bbox 1518 564 1689 606; x_wconf 90' lang='lat' dir='ltr'><strong>unum</strong></span> <span class='ocrx_word' id='word_1_33' title='bbox 1719 563 1752 605; x_wconf 87' lang='lat' dir='ltr'><strong>e</strong></span> <span class='ocrx_word' id='word_1_34' title='bbox 1783 545 2043 623; x_wconf 85' lang='lat' dir='ltr'><strong>collegio</strong></span> <span class='ocrx_word' id='word_1_35' title='bbox 2074 547 2348 608; x_wconf 87' lang='lat' dir='ltr'><strong>Pontium</strong></span> 
     </span>
     <span class='ocr_line' id='line_1_5' title="bbox 327 629 2344 710; baseline 0.001 -20"><span class='ocrx_word' id='word_1_36' title='bbox 327 629 597 710; x_wconf 83' lang='lat' dir='ltr'><strong>Aquilam</strong></span> <span class='ocrx_word' id='word_1_37' title='bbox 633 647 751 691; x_wconf 88' lang='lat' dir='ltr'><strong>non</strong></span> <span class='ocrx_word' id='word_1_38' title='bbox 786 631 1182 690; x_wconf 84' lang='lat' dir='ltr'><strong>assurrexisse</strong></span> <span class='ocrx_word' id='word_1_39' title='bbox 1227 629 1379 690; x_wconf 90' lang='lat' dir='ltr'><strong>adeo</strong></span> <span class='ocrx_word' id='word_1_40' title='bbox 1414 630 1740 708; x_wconf 79' lang='lat' dir='ltr'><strong>indignatus</strong></span> <span class='ocrx_word' id='word_1_41' title='bbox 1774 633 1879 708; x_wconf 91' lang='lat' dir='ltr'><strong>sit,</strong></span> <span class='ocrx_word' id='word_1_42' title='bbox 1917 640 1977 690; x_wconf 90' lang='lat' dir='ltr'><strong>ut</strong></span> <span class='ocrx_word' id='word_1_43' title='bbox 2009 632 2344 710; x_wconf 88' lang='lat' dir='ltr'><strong>proclama-</strong></span> 
     </span>
     <span class='ocr_line' id='line_1_6' title="bbox 327 712 2394 794; baseline 0.003 -21"><span class='ocrx_word' id='word_1_44' title='bbox 327 717 504 775; x_wconf 86' lang='lat' dir='ltr'><strong>verit:</strong></span> <span class='ocrx_word' id='word_1_45' title='bbox 557 714 790 793; x_wconf 82' lang='lat' dir='ltr'><strong>Repete</strong></span> <span class='ocrx_word' id='word_1_46' title='bbox 833 731 980 794; x_wconf 75' lang='lat' dir='ltr'><strong>erqo</strong></span> <span class='ocrx_word' id='word_1_47' title='bbox 1018 732 1061 775; x_wconf 87' lang='lat' dir='ltr'><strong>a</strong></span> <span class='ocrx_word' id='word_1_48' title='bbox 1098 732 1192 774; x_wconf 82' lang='lat' dir='ltr'><strong>me</strong></span> <span class='ocrx_word' id='word_1_49' title='bbox 1218 712 1452 793; x_wconf 80' lang='lat' dir='ltr'><strong>Aquila</strong></span> <span class='ocrx_word' id='word_1_50' title='bbox 1494 733 1625 775; x_wconf 81' lang='lat' dir='ltr'><strong>rem</strong></span> <span class='ocrx_word' id='word_1_51' title='bbox 1665 713 1981 793; x_wconf 79' lang='lat' dir='ltr'><strong>publicam</strong></span> <span class='ocrx_word' id='word_1_52' title='bbox 2016 715 2348 777; x_wconf 77' lang='lat' dir='ltr'><strong>tribunus!</strong></span> <span class='ocrx_word' id='word_1_53' title='bbox 2368 742 2394 781; x_wconf 75' lang='lat' dir='ltr'><strong>s</strong></span> 
     </span>
     <span class='ocr_line' id='line_1_7' title="bbox 328 799 2349 880; baseline 0 -21"><span class='ocrx_word' id='word_1_54' title='bbox 328 809 386 859; x_wconf 90' lang='lat' dir='ltr'><strong>et</strong></span> <span class='ocrx_word' id='word_1_55' title='bbox 428 817 539 860; x_wconf 89' lang='lat' dir='ltr'><strong>uec</strong></span> <span class='ocrx_word' id='word_1_56' title='bbox 571 800 853 860; x_wconf 87' lang='lat' dir='ltr'><strong>destiterit</strong></span> <span class='ocrx_word' id='word_1_57' title='bbox 904 816 1010 878; x_wconf 86' lang='lat' dir='ltr'><strong>per</strong></span> <span class='ocrx_word' id='word_1_58' title='bbox 1050 800 1357 859; x_wconf 87' lang='lat' dir='ltr'><strong>continuos</strong></span> <span class='ocrx_word' id='word_1_59' title='bbox 1404 799 1529 859; x_wconf 90' lang='lat' dir='ltr'><strong>dies</strong></span> <span class='ocrx_word' id='word_1_60' title='bbox 1569 800 1875 879; x_wconf 84' lang='lat' dir='ltr'><strong>quicquam</strong></span> <span class='ocrx_word' id='word_1_61' title='bbox 1919 800 2183 880; x_wconf 80' lang='lat' dir='ltr'><strong>cuiquam</strong></span> <span class='ocrx_word' id='word_1_62' title='bbox 2230 802 2349 861; x_wconf 91' lang='lat' dir='ltr'><strong>nisi</strong></span> 
     </span>
     <span class='ocr_line' id='line_1_8' title="bbox 328 882 2346 969; baseline 0.001 -26"><span class='ocrx_word' id='word_1_63' title='bbox 328 884 432 944; x_wconf 92' lang='lat' dir='ltr'><strong>sub</strong></span> <span class='ocrx_word' id='word_1_64' title='bbox 479 886 831 969; x_wconf 76' lang='lat' dir='ltr'><strong>exceptione</strong></span> <span class='ocrx_word' id='word_1_65' title='bbox 878 882 1181 962; x_wconf 79' lang='lat' dir='ltr'><strong>polliceri,</strong></span> <span class='ocrx_word' id='word_1_66' title='bbox 1227 884 1289 943; x_wconf 75' lang='lat' dir='ltr'><strong>si</strong></span> <span class='ocrx_word' id='word_1_67' title='bbox 1328 890 1532 944; x_wconf 76' lang='lat' dir='ltr'><strong>tamen</strong></span> <span class='ocrx_word' id='word_1_68' title='bbox 1565 901 1685 962; x_wconf 81' lang='lat' dir='ltr'><strong>per</strong></span> <span class='ocrx_word' id='word_1_69' title='bbox 1723 883 2006 945; x_wconf 78' lang='lat' dir='ltr'><strong>Pontium</strong></span> <span class='ocrx_word' id='word_1_70' title='bbox 2044 882 2346 964; x_wconf 78' lang='lat' dir='ltr'><strong>Aquilam</strong></span> 
     </span>
    </p>

    <p class='ocr_par' dir='ltr' id='par_1_3' title="bbox 242 967 2418 2652">
     <span class='ocr_line' id='line_1_9' title="bbox 242 967 2343 1047; baseline 0.001 -18"><span class='ocrx_word' id='word_1_71' title='bbox 242 986 311 1043; x_wconf 80' lang='lat'><strong>79</strong></span> <span class='ocrx_word' id='word_1_72' title='bbox 332 968 592 1029; x_wconf 77' lang='lat' dir='ltr'><strong>licuerit.</strong></span> <span class='ocrx_word' id='word_1_73' title='bbox 655 967 889 1028; x_wconf 85' lang='lat' dir='ltr'><strong>Adiecit</strong></span> <span class='ocrx_word' id='word_1_74' title='bbox 916 968 989 1028; x_wconf 90' lang='lat' dir='ltr'><strong>ad</strong></span> <span class='ocrx_word' id='word_1_75' title='bbox 1017 977 1130 1027; x_wconf 90' lang='lat' dir='ltr'><strong>tam</strong></span> <span class='ocrx_word' id='word_1_76' title='bbox 1164 968 1448 1045; x_wconf 85' lang='lat' dir='ltr'><strong>insignem</strong></span> <span class='ocrx_word' id='word_1_77' title='bbox 1477 968 1744 1047; x_wconf 87' lang='lat' dir='ltr'><strong>despecti</strong></span> <span class='ocrx_word' id='word_1_78' title='bbox 1773 977 2010 1028; x_wconf 88' lang='lat' dir='ltr'><strong>senatus</strong></span> <span class='ocrx_word' id='word_1_79' title='bbox 2042 979 2343 1031; x_wconf 83' lang='lat' dir='ltr'><strong>contume-</strong></span> 
     </span>
     <span class='ocr_line' id='line_1_10' title="bbox 328 1052 2340 1129; baseline 0.001 -18"><span class='ocrx_word' id='word_1_80' title='bbox 328 1052 463 1113; x_wconf 91' lang='lat' dir='ltr'><strong>liam</strong></span> <span class='ocrx_word' id='word_1_81' title='bbox 506 1052 684 1113; x_wconf 90' lang='lat' dir='ltr'><strong>multo</strong></span> <span class='ocrx_word' id='word_1_82' title='bbox 723 1053 1091 1129; x_wconf 86' lang='lat' dir='ltr'><strong>arrogantius</strong></span> <span class='ocrx_word' id='word_1_83' title='bbox 1128 1052 1363 1112; x_wconf 79' lang='lat' dir='ltr'><strong>facmm.</strong></span> <span class='ocrx_word' id='word_1_84' title='bbox 1438 1052 1584 1112; x_wconf 91' lang='lat' dir='ltr'><strong>Nam</strong></span> <span class='ocrx_word' id='word_1_85' title='bbox 1627 1055 1838 1112; x_wconf 89' lang='lat' dir='ltr'><strong>cumin</strong></span> <span class='ocrx_word' id='word_1_86' title='bbox 1868 1054 2159 1114; x_wconf 84' lang='lat' dir='ltr'><strong>sacrificio</strong></span> <span class='ocrx_word' id='word_1_87' title='bbox 2186 1053 2340 1114; x_wconf 81' lang='lat' dir='ltr'><strong>Lati·</strong></span> 
     </span>
     <span class='ocr_line' id='line_1_11' title="bbox 326 1136 2418 1218; baseline 0.002 -21"><span class='ocrx_word' id='word_1_88' title='bbox 326 1154 523 1197; x_wconf 88' lang='lat' dir='ltr'><strong>narum</strong></span> <span class='ocrx_word' id='word_1_89' title='bbox 558 1145 890 1196; x_wconf 88' lang='lat' dir='ltr'><strong>revertente</strong></span> <span class='ocrx_word' id='word_1_90' title='bbox 928 1153 1003 1197; x_wconf 89' lang='lat' dir='ltr'><strong>eo</strong></span> <span class='ocrx_word' id='word_1_91' title='bbox 1033 1138 1182 1195; x_wconf 88' lang='lat' dir='ltr'><strong>inter</strong></span> <span class='ocrx_word' id='word_1_92' title='bbox 1216 1136 1557 1197; x_wconf 88' lang='lat' dir='ltr'><strong>immodicas</strong></span> <span class='ocrx_word' id='word_1_93' title='bbox 1584 1155 1658 1197; x_wconf 87' lang='lat' dir='ltr'><strong>ae</strong></span> <span class='ocrx_word' id='word_1_94' title='bbox 1693 1155 1879 1198; x_wconf 85' lang='lat' dir='ltr'><strong>novas</strong></span> <span class='ocrx_word' id='word_1_95' title='bbox 1909 1138 2112 1218; x_wconf 90' lang='lat' dir='ltr'><strong>populi</strong></span> <span class='ocrx_word' id='word_1_96' title='bbox 2143 1137 2340 1199; x_wconf 85' lang='lat' dir='ltr'><strong>accla—</strong></span> <span class='ocrx_word' id='word_1_97' title='bbox 2366 1163 2418 1202; x_wconf 84' lang='lat'><strong>10</strong></span> 
     </span>
     <span class='ocr_line' id='line_1_12' title="bbox 325 1219 2340 1299; baseline 0.001 -19"><span class='ocrx_word' id='word_1_98' title='bbox 325 1223 609 1280; x_wconf 88' lang='lat' dir='ltr'><strong>mationes</strong></span> <span class='ocrx_word' id='word_1_99' title='bbox 646 1219 876 1299; x_wconf 88' lang='lat' dir='ltr'><strong>quidam</strong></span> <span class='ocrx_word' id='word_1_100' title='bbox 917 1237 950 1279; x_wconf 89' lang='lat' dir='ltr'><strong>e</strong></span> <span class='ocrx_word' id='word_1_101' title='bbox 989 1220 1157 1281; x_wconf 90' lang='lat' dir='ltr'><strong>turba</strong></span> <span class='ocrx_word' id='word_1_102' title='bbox 1185 1229 1409 1283; x_wconf 88' lang='lat' dir='ltr'><strong>statuae</strong></span> <span class='ocrx_word' id='word_1_103' title='bbox 1449 1223 1575 1282; x_wconf 90' lang='lat' dir='ltr'><strong>eius</strong></span> <span class='ocrx_word' id='word_1_104' title='bbox 1606 1238 1883 1282; x_wconf 88' lang='lat' dir='ltr'><strong>coronam</strong></span> <span class='ocrx_word' id='word_1_105' title='bbox 1914 1221 2169 1284; x_wconf 85' lang='lat' dir='ltr'><strong>lauream</strong></span> <span class='ocrx_word' id='word_1_106' title='bbox 2203 1241 2340 1282; x_wconf 90' lang='lat' dir='ltr'><strong>can·</strong></span> 
     </span>
     <span class='ocr_line' id='line_1_13' title="bbox 328 1303 2342 1386; baseline 0 -22"><span class='ocrx_word' id='word_1_107' title='bbox 328 1304 459 1364; x_wconf 89' lang='lat' dir='ltr'><strong>dida</strong></span> <span class='ocrx_word' id='word_1_108' title='bbox 496 1305 677 1365; x_wconf 81' lang='lat' dir='ltr'><strong>fascia</strong></span> <span class='ocrx_word' id='word_1_109' title='bbox 716 1303 1037 1384; x_wconf 83' lang='lat' dir='ltr'><strong>praeligata</strong></span> <span class='ocrx_word' id='word_1_110' title='bbox 1080 1306 1468 1384; x_wconf 83' lang='lat' dir='ltr'><strong>inposuisset,</strong></span> <span class='ocrx_word' id='word_1_111' title='bbox 1512 1314 1571 1365; x_wconf 90' lang='lat' dir='ltr'><strong>et</strong></span> <span class='ocrx_word' id='word_1_112' title='bbox 1610 1307 1821 1366; x_wconf 91' lang='lat' dir='ltr'><strong>tribuni</strong></span> <span class='ocrx_word' id='word_1_113' title='bbox 1865 1304 2057 1385; x_wconf 91' lang='lat' dir='ltr'><strong>plebis</strong></span> <span class='ocrx_word' id='word_1_114' title='bbox 2088 1305 2342 1386; x_wconf 88' lang='lat' dir='ltr'><strong>Epidius</strong></span> 
     </span>
     <span class='ocr_line' id='line_1_14' title="bbox 324 1388 2340 1468; baseline 0.001 -19"><span class='ocrx_word' id='word_1_115' title='bbox 324 1388 603 1450; x_wconf 85' lang='lat' dir='ltr'><strong>Marullus</strong></span> <span class='ocrx_word' id='word_1_116' title='bbox 645 1388 1061 1468; x_wconf 87' lang='lat' dir='ltr'><strong>Caesetiusque</strong></span> <span class='ocrx_word' id='word_1_117' title='bbox 1107 1388 1323 1452; x_wconf 88' lang='lat' dir='ltr'><strong>Flavus</strong></span> <span class='ocrx_word' id='word_1_118' title='bbox 1367 1407 1624 1451; x_wconf 88' lang='lat' dir='ltr'><strong>coronae</strong></span> <span class='ocrx_word' id='word_1_119' title='bbox 1677 1391 1916 1451; x_wconf 84' lang='lat' dir='ltr'><strong>fasciam</strong></span> <span class='ocrx_word' id='word_1_120' title='bbox 1956 1391 2179 1451; x_wconf 89' lang='lat' dir='ltr'><strong>detrahi</strong></span> <span class='ocrx_word' id='word_1_121' title='bbox 2230 1390 2340 1451; x_wconf 92' lang='lat' dir='ltr'><strong>ho·</strong></span> 
     </span>
     <span class='ocr_line' id='line_1_15' title="bbox 325 1472 2337 1556; baseline 0.001 -23"><span class='ocrx_word' id='word_1_122' title='bbox 325 1476 647 1552; x_wconf 87' lang='lat' dir='ltr'><strong>minemque</strong></span> <span class='ocrx_word' id='word_1_123' title='bbox 675 1472 807 1533; x_wconf 90' lang='lat' dir='ltr'><strong>duci</strong></span> <span class='ocrx_word' id='word_1_124' title='bbox 845 1473 902 1531; x_wconf 92' lang='lat' dir='ltr'><strong>in</strong></span> <span class='ocrx_word' id='word_1_125' title='bbox 946 1473 1175 1534; x_wconf 84' lang='lat' dir='ltr'><strong>vincula</strong></span> <span class='ocrx_word' id='word_1_126' title='bbox 1204 1476 1542 1544; x_wconf 88' lang='lat' dir='ltr'><strong>iussisseut;</strong></span> <span class='ocrx_word' id='word_1_127' title='bbox 1589 1474 1797 1535; x_wconf 90' lang='lat' dir='ltr'><strong>dolens</strong></span> <span class='ocrx_word' id='word_1_128' title='bbox 1829 1494 1935 1536; x_wconf 88' lang='lat' dir='ltr'><strong>seu</strong></span> <span class='ocrx_word' id='word_1_129' title='bbox 1964 1494 2167 1556; x_wconf 85' lang='lat' dir='ltr'><strong>parum</strong></span> <span class='ocrx_word' id='word_1_130' title='bbox 2195 1492 2337 1554; x_wconf 91' lang='lat' dir='ltr'><strong>pro-</strong></span> 
     </span>
     <span class='ocr_line' id='line_1_16' title="bbox 327 1559 2411 1639; baseline 0.003 -22"><span class='ocrx_word' id='word_1_131' title='bbox 327 1575 502 1637; x_wconf 86' lang='lat' dir='ltr'><strong>spere</strong></span> <span class='ocrx_word' id='word_1_132' title='bbox 531 1567 743 1618; x_wconf 89' lang='lat' dir='ltr'><strong>motam</strong></span> <span class='ocrx_word' id='word_1_133' title='bbox 770 1560 937 1634; x_wconf 82' lang='lat' dir='ltr'><strong>regni</strong></span> <span class='ocrx_word' id='word_1_134' title='bbox 967 1560 1347 1637; x_wconf 84' lang='lat' dir='ltr'><strong>mentionem,</strong></span> <span class='ocrx_word' id='word_1_135' title='bbox 1391 1560 1518 1620; x_wconf 85' lang='lat' dir='ltr'><strong>sive</strong></span> <span class='ocrx_word' id='word_1_136' title='bbox 1545 1568 1605 1619; x_wconf 91' lang='lat' dir='ltr'><strong>ut</strong></span> <span class='ocrx_word' id='word_1_137' title='bbox 1631 1560 1888 1638; x_wconf 87' lang='lat' dir='ltr'><strong>ferebat,</strong></span> <span class='ocrx_word' id='word_1_138' title='bbox 1932 1569 2193 1639; x_wconf 87' lang='lat' dir='ltr'><strong>ereptam</strong></span> <span class='ocrx_word' id='word_1_139' title='bbox 2223 1559 2339 1619; x_wconf 89' lang='lat' dir='ltr'><strong>sibi</strong></span> <span class='ocrx_word' id='word_1_140' title='bbox 2361 1584 2411 1625; x_wconf 68' lang='grc' dir='ltr'><strong>ιε</strong></span> 
     </span>
     <span class='ocr_line' id='line_1_17' title="bbox 328 1641 2332 1725; baseline 0.001 -24"><span class='ocrx_word' id='word_1_141' title='bbox 328 1643 574 1721; x_wconf 83' lang='lat' dir='ltr'><strong>gloriam</strong></span> <span class='ocrx_word' id='word_1_142' title='bbox 599 1641 933 1716; x_wconf 80' lang='lat' dir='ltr'><strong>recusandi,</strong></span> <span class='ocrx_word' id='word_1_143' title='bbox 964 1642 1226 1704; x_wconf 88' lang='lat' dir='ltr'><strong>tribunos</strong></span> <span class='ocrx_word' id='word_1_144' title='bbox 1254 1646 1516 1721; x_wconf 79' lang='lat' dir='ltr'><strong>graviter</strong></span> <span class='ocrx_word' id='word_1_145' title='bbox 1543 1643 1864 1723; x_wconf 86' lang='lat' dir='ltr'><strong>increpitos</strong></span> <span class='ocrx_word' id='word_1_146' title='bbox 1893 1654 2185 1725; x_wconf 84' lang='lat' dir='ltr'><strong>potestate</strong></span> <span class='ocrx_word' id='word_1_147' title='bbox 2212 1646 2332 1722; x_wconf 85' lang='lat' dir='ltr'><strong>pri-</strong></span> 
     </span>
     <span class='ocr_line' id='line_1_18' title="bbox 325 1725 2336 1807; baseline 0 -20"><span class='ocrx_word' id='word_1_148' title='bbox 325 1728 498 1787; x_wconf 88' lang='lat' dir='ltr'><strong>vavit.</strong></span> <span class='ocrx_word' id='word_1_149' title='bbox 583 1725 789 1807; x_wconf 90' lang='lat' dir='ltr'><strong>Neque</strong></span> <span class='ocrx_word' id='word_1_150' title='bbox 829 1744 905 1785; x_wconf 87' lang='lat' dir='ltr'><strong>ex</strong></span> <span class='ocrx_word' id='word_1_151' title='bbox 950 1744 1024 1787; x_wconf 91' lang='lat' dir='ltr'><strong>eo</strong></span> <span class='ocrx_word' id='word_1_152' title='bbox 1065 1727 1352 1788; x_wconf 81' lang='lat' dir='ltr'><strong>infamiam</strong></span> <span class='ocrx_word' id='word_1_153' title='bbox 1392 1728 1646 1788; x_wconf 83' lang='lat' dir='ltr'><strong>affectati</strong></span> <span class='ocrx_word' id='word_1_154' title='bbox 1679 1731 1850 1789; x_wconf 88' lang='lat' dir='ltr'><strong>etiam</strong></span> <span class='ocrx_word' id='word_1_155' title='bbox 1890 1731 2040 1807; x_wconf 82' lang='lat' dir='ltr'><strong>regii</strong></span> <span class='ocrx_word' id='word_1_156' title='bbox 2082 1729 2336 1790; x_wconf 90' lang='lat' dir='ltr'><strong>nominis</strong></span> 
     </span>
     <span class='ocr_line' id='line_1_19' title="bbox 325 1809 2334 1891; baseline 0.001 -22"><span class='ocrx_word' id='word_1_157' title='bbox 325 1810 617 1869; x_wconf 86' lang='lat' dir='ltr'><strong>discutere</strong></span> <span class='ocrx_word' id='word_1_158' title='bbox 668 1809 871 1887; x_wconf 84' lang='lat' dir='ltr'><strong>valuit,</strong></span> <span class='ocrx_word' id='word_1_159' title='bbox 926 1828 1266 1891; x_wconf 88' lang='lat' dir='ltr'><strong>quamquam</strong></span> <span class='ocrx_word' id='word_1_160' title='bbox 1320 1821 1379 1871; x_wconf 92' lang='lat' dir='ltr'><strong>et</strong></span> <span class='ocrx_word' id='word_1_161' title='bbox 1424 1812 1620 1891; x_wconf 87' lang='lat' dir='ltr'><strong>plebei</strong></span> <span class='ocrx_word' id='word_1_162' title='bbox 1675 1831 1877 1891; x_wconf 84' lang='lat' dir='ltr'><strong>regem</strong></span> <span class='ocrx_word' id='word_1_163' title='bbox 1924 1833 1989 1874; x_wconf 88' lang='lat' dir='ltr'><strong>se</strong></span> <span class='ocrx_word' id='word_1_164' title='bbox 2040 1813 2334 1888; x_wconf 87' lang='lat' dir='ltr'><strong>salutanti,</strong></span> 
     </span>
     <span class='ocr_line' id='line_1_20' title="bbox 327 1892 2335 1977; baseline -0 -20"><span class='ocrx_word' id='word_1_165' title='bbox 327 1892 667 1957; x_wconf 80' lang='lat' dir='ltr'><strong>Caesarem</strong></span> <span class='ocrx_word' id='word_1_166' title='bbox 692 1912 794 1972; x_wconf 77' lang='lat' dir='ltr'><strong>se,</strong></span> <span class='ocrx_word' id='word_1_167' title='bbox 825 1914 951 1956; x_wconf 76' lang='lat' dir='ltr'><strong>non</strong></span> <span class='ocrx_word' id='word_1_168' title='bbox 978 1914 1181 1975; x_wconf 75' lang='lat' dir='ltr'><strong>reyem</strong></span> <span class='ocrx_word' id='word_1_169' title='bbox 1213 1914 1351 1956; x_wconf 79' lang='lat' dir='ltr'><strong>esse</strong></span> <span class='ocrx_word' id='word_1_170' title='bbox 1387 1897 1786 1976; x_wconf 87' lang='lat' dir='ltr'><strong>responderit,</strong></span> <span class='ocrx_word' id='word_1_171' title='bbox 1826 1906 1885 1957; x_wconf 89' lang='lat' dir='ltr'><strong>et</strong></span> <span class='ocrx_word' id='word_1_172' title='bbox 1910 1896 2335 1977; x_wconf 87' lang='lat' dir='ltr'><strong>Lupercalibus</strong></span> 
     </span>
     <span class='ocr_line' id='line_1_21' title="bbox 326 1980 2404 2062; baseline 0.002 -22"><span class='ocrx_word' id='word_1_173' title='bbox 326 1999 435 2061; x_wconf 89' lang='lat' dir='ltr'><strong>pro</strong></span> <span class='ocrx_word' id='word_1_174' title='bbox 474 1980 683 2041; x_wconf 85' lang='lat' dir='ltr'><strong>rostris</strong></span> <span class='ocrx_word' id='word_1_175' title='bbox 725 1999 758 2041; x_wconf 90' lang='lat' dir='ltr'><strong>a</strong></span> <span class='ocrx_word' id='word_1_176' title='bbox 802 1980 1044 2040; x_wconf 76' lang='lat' dir='ltr'><strong>consule</strong></span> <span class='ocrx_word' id='word_1_177' title='bbox 1084 1980 1340 2041; x_wconf 83' lang='lat' dir='ltr'><strong>Antonio</strong></span> <span class='ocrx_word' id='word_1_178' title='bbox 1384 1980 1672 2042; x_wconf 87' lang='lat' dir='ltr'><strong>admotum</strong></span> <span class='ocrx_word' id='word_1_179' title='bbox 1716 1984 1952 2061; x_wconf 88' lang='lat' dir='ltr'><strong>saepius</strong></span> <span class='ocrx_word' id='word_1_180' title='bbox 2004 1984 2178 2062; x_wconf 91' lang='lat' dir='ltr'><strong>capiti</strong></span> <span class='ocrx_word' id='word_1_181' title='bbox 2219 1999 2404 2044; x_wconf 79' lang='lat' dir='ltr'><strong>suo2o</strong></span> 
     </span>
     <span class='ocr_line' id='line_1_22' title="bbox 325 2064 2331 2146; baseline 0 -20"><span class='ocrx_word' id='word_1_182' title='bbox 325 2065 583 2126; x_wconf 90' lang='lat' dir='ltr'><strong>diadema</strong></span> <span class='ocrx_word' id='word_1_183' title='bbox 621 2064 944 2144; x_wconf 90' lang='lat' dir='ltr'><strong>reppulerit</strong></span> <span class='ocrx_word' id='word_1_184' title='bbox 979 2074 1150 2144; x_wconf 88' lang='lat' dir='ltr'><strong>atque</strong></span> <span class='ocrx_word' id='word_1_185' title='bbox 1189 2066 1246 2125; x_wconf 90' lang='lat' dir='ltr'><strong>iu</strong></span> <span class='ocrx_word' id='word_1_186' title='bbox 1278 2064 1624 2145; x_wconf 85' lang='lat' dir='ltr'><strong>Capitolium</strong></span> <span class='ocrx_word' id='word_1_187' title='bbox 1653 2066 1783 2127; x_wconf 89' lang='lat' dir='ltr'><strong>Iovi</strong></span> <span class='ocrx_word' id='word_1_188' title='bbox 1816 2066 2045 2146; x_wconf 87' lang='lat' dir='ltr'><strong>Optimo</strong></span> <span class='ocrx_word' id='word_1_189' title='bbox 2073 2067 2331 2128; x_wconf 84' lang='lat' dir='ltr'><strong>Maximo</strong></span> 
     </span>
     <span class='ocr_line' id='line_1_23' title="bbox 323 2149 2335 2229; baseline 0 -19"><span class='ocrx_word' id='word_1_190' title='bbox 323 2152 562 2211; x_wconf 88' lang='lat' dir='ltr'><strong>miserit.</strong></span> <span class='ocrx_word' id='word_1_191' title='bbox 652 2149 801 2224; x_wconf 85' lang='lat' dir='ltr'><strong>Quin</strong></span> <span class='ocrx_word' id='word_1_192' title='bbox 856 2152 1027 2209; x_wconf 89' lang='lat' dir='ltr'><strong>etiam</strong></span> <span class='ocrx_word' id='word_1_193' title='bbox 1084 2151 1244 2210; x_wconf 88' lang='lat' dir='ltr'><strong>varia</strong></span> <span class='ocrx_word' id='word_1_194' title='bbox 1299 2150 1449 2212; x_wconf 87' lang='lat' dir='ltr'><strong>fama</strong></span> <span class='ocrx_word' id='word_1_195' title='bbox 1506 2151 1899 2229; x_wconf 88' lang='lat' dir='ltr'><strong>percrebruit,</strong></span> <span class='ocrx_word' id='word_1_196' title='bbox 1956 2153 2335 2229; x_wconf 82' lang='lat' dir='ltr'><strong>migraturum</strong></span> 
     </span>
     <span class='ocr_line' id='line_1_24' title="bbox 326 2232 2330 2315; baseline 0 -20"><span class='ocrx_word' id='word_1_197' title='bbox 326 2234 754 2296; x_wconf 86' lang='lat' dir='ltr'><strong>Alexandream</strong></span> <span class='ocrx_word' id='word_1_198' title='bbox 796 2232 891 2293; x_wconf 84' lang='lat' dir='ltr'><strong>vel</strong></span> <span class='ocrx_word' id='word_1_199' title='bbox 923 2232 1116 2312; x_wconf 89' lang='lat' dir='ltr'><strong>Ilium,</strong></span> <span class='ocrx_word' id='word_1_200' title='bbox 1157 2233 1449 2295; x_wconf 86' lang='lat' dir='ltr'><strong>translatis</strong></span> <span class='ocrx_word' id='word_1_201' title='bbox 1492 2235 1658 2295; x_wconf 91' lang='lat' dir='ltr'><strong>simul</strong></span> <span class='ocrx_word' id='word_1_202' title='bbox 1699 2236 1908 2315; x_wconf 86' lang='lat' dir='ltr'><strong>opibus</strong></span> <span class='ocrx_word' id='word_1_203' title='bbox 1955 2235 2179 2314; x_wconf 90' lang='lat' dir='ltr'><strong>imperii</strong></span> <span class='ocrx_word' id='word_1_204' title='bbox 2225 2252 2330 2295; x_wconf 87' lang='lat' dir='ltr'><strong>ex·</strong></span> 
     </span>
     <span class='ocr_line' id='line_1_25' title="bbox 325 2317 2328 2398; baseline -0 -19"><span class='ocrx_word' id='word_1_205' title='bbox 325 2319 642 2398; x_wconf 88' lang='lat' dir='ltr'><strong>haustaque</strong></span> <span class='ocrx_word' id='word_1_206' title='bbox 669 2317 832 2378; x_wconf 85' lang='lat' dir='ltr'><strong>Italia</strong></span> <span class='ocrx_word' id='word_1_207' title='bbox 861 2317 1167 2378; x_wconf 91' lang='lat' dir='ltr'><strong>dilectibus</strong></span> <span class='ocrx_word' id='word_1_208' title='bbox 1207 2327 1265 2378; x_wconf 90' lang='lat' dir='ltr'><strong>et</strong></span> <span class='ocrx_word' id='word_1_209' title='bbox 1304 2321 1714 2397; x_wconf 88' lang='lat' dir='ltr'><strong>procuratione</strong></span> <span class='ocrx_word' id='word_1_210' title='bbox 1755 2320 1916 2381; x_wconf 89' lang='lat' dir='ltr'><strong>urbis</strong></span> <span class='ocrx_word' id='word_1_211' title='bbox 1955 2320 2154 2380; x_wconf 87' lang='lat' dir='ltr'><strong>amicis</strong></span> <span class='ocrx_word' id='word_1_212' title='bbox 2191 2337 2328 2398; x_wconf 88' lang='lat' dir='ltr'><strong>per·</strong></span> 
     </span>
     <span class='ocr_line' id='line_1_26' title="bbox 325 2402 2399 2484; baseline 0.001 -21"><span class='ocrx_word' id='word_1_213' title='bbox 325 2405 529 2479; x_wconf 86' lang='lat' dir='ltr'><strong>missa,</strong></span> <span class='ocrx_word' id='word_1_214' title='bbox 562 2402 828 2481; x_wconf 88' lang='lat' dir='ltr'><strong>proximo</strong></span> <span class='ocrx_word' id='word_1_215' title='bbox 856 2410 1045 2462; x_wconf 89' lang='lat' dir='ltr'><strong>autem</strong></span> <span class='ocrx_word' id='word_1_216' title='bbox 1075 2412 1276 2463; x_wconf 91' lang='lat' dir='ltr'><strong>senatu</strong></span> <span class='ocrx_word' id='word_1_217' title='bbox 1302 2402 1537 2464; x_wconf 90' lang='lat' dir='ltr'><strong>Lucium</strong></span> <span class='ocrx_word' id='word_1_218' title='bbox 1567 2403 1793 2464; x_wconf 87' lang='lat' dir='ltr'><strong>Cottam</strong></span> <span class='ocrx_word' id='word_1_219' title='bbox 1820 2404 2332 2484; x_wconf 85' lang='lat' dir='ltr'><strong>quindecimvirum</strong></span> <span class='ocrx_word' id='word_1_220' title='bbox 2348 2427 2399 2466; x_wconf 68' lang='lat'><strong>25</strong></span> 
     </span>
     <span class='ocr_line' id='line_1_27' title="bbox 327 2484 2328 2566; baseline -0.001 -17"><span class='ocrx_word' id='word_1_221' title='bbox 327 2487 665 2549; x_wconf 88' lang='lat' dir='ltr'><strong>sententiam</strong></span> <span class='ocrx_word' id='word_1_222' title='bbox 695 2484 1009 2563; x_wconf 83' lang='lat' dir='ltr'><strong>dicturum,</strong></span> <span class='ocrx_word' id='word_1_223' title='bbox 1052 2496 1139 2563; x_wconf 80' lang='lat' dir='ltr'><strong>ut,</strong></span> <span class='ocrx_word' id='word_1_224' title='bbox 1181 2490 1452 2566; x_wconf 88' lang='lat' dir='ltr'><strong>quoniam</strong></span> <span class='ocrx_word' id='word_1_225' title='bbox 1488 2487 1653 2548; x_wconf 89' lang='lat' dir='ltr'><strong>libris</strong></span> <span class='ocrx_word' id='word_1_226' title='bbox 1695 2489 1965 2550; x_wconf 89' lang='lat' dir='ltr'><strong>fatalibus</strong></span> <span class='ocrx_word' id='word_1_227' title='bbox 1998 2490 2328 2549; x_wconf 89' lang='lat' dir='ltr'><strong>continere-</strong></span> 
     </span>
     <span class='ocr_line' id='line_1_28' title="bbox 324 2569 2326 2652; baseline -0.001 -19"><span class='ocrx_word' id='word_1_228' title='bbox 324 2581 444 2650; x_wconf 89' lang='lat' dir='ltr'><strong>tur,</strong></span> <span class='ocrx_word' id='word_1_229' title='bbox 484 2569 731 2630; x_wconf 88' lang='lat' dir='ltr'><strong>Parthos</strong></span> <span class='ocrx_word' id='word_1_230' title='bbox 771 2569 881 2629; x_wconf 89' lang='lat' dir='ltr'><strong>nisi</strong></span> <span class='ocrx_word' id='word_1_231' title='bbox 909 2588 943 2630; x_wconf 90' lang='lat' dir='ltr'><strong>a</strong></span> <span class='ocrx_word' id='word_1_232' title='bbox 970 2588 1117 2648; x_wconf 83' lang='lat' dir='ltr'><strong>rege</strong></span> <span class='ocrx_word' id='word_1_233' title='bbox 1148 2588 1266 2631; x_wconf 92' lang='lat' dir='ltr'><strong>non</strong></span> <span class='ocrx_word' id='word_1_234' title='bbox 1295 2589 1474 2650; x_wconf 88' lang='lat' dir='ltr'><strong>posse</strong></span> <span class='ocrx_word' id='word_1_235' title='bbox 1503 2574 1682 2649; x_wconf 88' lang='lat' dir='ltr'><strong>vinci,</strong></span> <span class='ocrx_word' id='word_1_236' title='bbox 1726 2571 1947 2634; x_wconf 87' lang='lat' dir='ltr'><strong>Caesar</strong></span> <span class='ocrx_word' id='word_1_237' title='bbox 1973 2591 2082 2633; x_wconf 88' lang='lat' dir='ltr'><strong>rex</strong></span> <span class='ocrx_word' id='word_1_238' title='bbox 2122 2570 2326 2652; x_wconf 90' lang='lat' dir='ltr'><strong>appel-</strong></span> 
     </span>
    </p>

    <p class='ocr_par' dir='ltr' id='par_1_4' title="bbox 238 2654 2327 2817">
     <span class='ocr_line' id='line_1_29' title="bbox 238 2654 2327 2732; baseline 0 -18"><span class='ocrx_word' id='word_1_239' title='bbox 238 2656 558 2718; x_wconf 77' lang='lat' dir='ltr'><strong>Solaretur.</strong></span> <span class='ocrx_word' id='word_1_240' title='bbox 621 2654 784 2729; x_wconf 85' lang='lat' dir='ltr'><strong>Quae</strong></span> <span class='ocrx_word' id='word_1_241' title='bbox 815 2671 988 2715; x_wconf 87' lang='lat' dir='ltr'><strong>causa</strong></span> <span class='ocrx_word' id='word_1_242' title='bbox 1017 2656 1329 2716; x_wconf 88' lang='lat' dir='ltr'><strong>coniuratis</strong></span> <span class='ocrx_word' id='word_1_243' title='bbox 1355 2656 1672 2717; x_wconf 88' lang='lat' dir='ltr'><strong>maturandi</strong></span> <span class='ocrx_word' id='word_1_244' title='bbox 1702 2657 1809 2717; x_wconf 92' lang='lat' dir='ltr'><strong>fuit</strong></span> <span class='ocrx_word' id='word_1_245' title='bbox 1832 2657 2113 2719; x_wconf 88' lang='lat' dir='ltr'><strong>destinata</strong></span> <span class='ocrx_word' id='word_1_246' title='bbox 2139 2673 2327 2732; x_wconf 82' lang='lat' dir='ltr'><strong>nego·</strong></span> 
     </span>
     <span class='ocr_line' id='line_1_30' title="bbox 323 2737 1318 2817; baseline -0.003 -16"><span class='ocrx_word' id='word_1_247' title='bbox 323 2744 429 2817; x_wconf 91' lang='lat' dir='ltr'><strong>tia,</strong></span> <span class='ocrx_word' id='word_1_248' title='bbox 461 2757 534 2799; x_wconf 92' lang='lat' dir='ltr'><strong>ne</strong></span> <span class='ocrx_word' id='word_1_249' title='bbox 569 2737 835 2799; x_wconf 84' lang='lat' dir='ltr'><strong>assentiri</strong></span> <span class='ocrx_word' id='word_1_250' title='bbox 862 2756 1109 2799; x_wconf 88' lang='lat' dir='ltr'><strong>necesse</strong></span> <span class='ocrx_word' id='word_1_251' title='bbox 1141 2749 1318 2800; x_wconf 89' lang='lat' dir='ltr'><strong>esset.</strong></span> 
     </span>
    </p>

    <p class='ocr_par' dir='ltr' id='par_1_5' title="bbox 323 2821 2399 3241">
     <span class='ocr_line' id='line_1_31' title="bbox 453 2821 2399 2906; baseline 0.004 -23"><span class='ocrx_word' id='word_1_252' title='bbox 453 2821 709 2883; x_wconf 89' lang='lat' dir='ltr'><strong>Consilia</strong></span> <span class='ocrx_word' id='word_1_253' title='bbox 757 2821 964 2900; x_wconf 85' lang='lat' dir='ltr'><strong>igitur,</strong></span> <span class='ocrx_word' id='word_1_254' title='bbox 1019 2822 1327 2902; x_wconf 88' lang='lat' dir='ltr'><strong>dispersim</strong></span> <span class='ocrx_word' id='word_1_255' title='bbox 1379 2833 1548 2887; x_wconf 88' lang='lat' dir='ltr'><strong>antea</strong></span> <span class='ocrx_word' id='word_1_256' title='bbox 1593 2824 1786 2887; x_wconf 86' lang='lat' dir='ltr'><strong>habita</strong></span> <span class='ocrx_word' id='word_1_257' title='bbox 1840 2836 1899 2886; x_wconf 90' lang='lat' dir='ltr'><strong>et</strong></span> <span class='ocrx_word' id='word_1_258' title='bbox 1949 2844 2097 2905; x_wconf 87' lang='lat' dir='ltr'><strong>quae</strong></span> <span class='ocrx_word' id='word_1_259' title='bbox 2141 2845 2326 2906; x_wconf 87' lang='lat' dir='ltr'><strong>saepe</strong></span> <span class='ocrx_word' id='word_1_260' title='bbox 2348 2849 2399 2891; x_wconf 77' lang='lat'><strong>³⁰</strong></span> 
     </span>
     <span class='ocr_line' id='line_1_32' title="bbox 323 2905 2327 2991; baseline 0.002 -24"><span class='ocrx_word' id='word_1_261' title='bbox 323 2908 440 2967; x_wconf 91' lang='lat' dir='ltr'><strong>bini</strong></span> <span class='ocrx_word' id='word_1_262' title='bbox 471 2905 694 2967; x_wconf 85' lang='lat' dir='ltr'><strong>ternive</strong></span> <span class='ocrx_word' id='word_1_263' title='bbox 726 2915 1030 2985; x_wconf 87' lang='lat' dir='ltr'><strong>ceperant,</strong></span> <span class='ocrx_word' id='word_1_264' title='bbox 1055 2909 1113 2966; x_wconf 90' lang='lat' dir='ltr'><strong>in</strong></span> <span class='ocrx_word' id='word_1_265' title='bbox 1137 2926 1307 2968; x_wconf 90' lang='lat' dir='ltr'><strong>unum</strong></span> <span class='ocrx_word' id='word_1_266' title='bbox 1332 2926 1535 2969; x_wconf 88' lang='lat' dir='ltr'><strong>omues</strong></span> <span class='ocrx_word' id='word_1_267' title='bbox 1566 2909 1966 2986; x_wconf 88' lang='lat' dir='ltr'><strong>contulerunt,</strong></span> <span class='ocrx_word' id='word_1_268' title='bbox 1996 2929 2073 2971; x_wconf 87' lang='lat' dir='ltr'><strong>ne</strong></span> <span class='ocrx_word' id='word_1_269' title='bbox 2100 2911 2327 2991; x_wconf 86' lang='lat' dir='ltr'><strong>populo</strong></span> 
     </span>
     <span class='ocr_line' id='line_1_33' title="bbox 324 2990 2325 3075; baseline 0.002 -24"><span class='ocrx_word' id='word_1_270' title='bbox 324 2990 550 3071; x_wconf 89' lang='lat' dir='ltr'><strong>quidem</strong></span> <span class='ocrx_word' id='word_1_271' title='bbox 600 2993 707 3050; x_wconf 89' lang='lat' dir='ltr'><strong>iam</strong></span> <span class='ocrx_word' id='word_1_272' title='bbox 757 2992 1049 3068; x_wconf 87' lang='lat' dir='ltr'><strong>praesenti</strong></span> <span class='ocrx_word' id='word_1_273' title='bbox 1100 3000 1249 3052; x_wconf 88' lang='lat' dir='ltr'><strong>statu</strong></span> <span class='ocrx_word' id='word_1_274' title='bbox 1296 2991 1486 3070; x_wconf 86' lang='lat' dir='ltr'><strong>laeto,</strong></span> <span class='ocrx_word' id='word_1_275' title='bbox 1537 2994 1642 3054; x_wconf 88' lang='lat' dir='ltr'><strong>sed</strong></span> <span class='ocrx_word' id='word_1_276' title='bbox 1686 2994 1834 3054; x_wconf 90' lang='lat' dir='ltr'><strong>clam</strong></span> <span class='ocrx_word' id='word_1_277' title='bbox 1879 2994 2182 3075; x_wconf 85' lang='lat' dir='ltr'><strong>palamque</strong></span> <span class='ocrx_word' id='word_1_278' title='bbox 2226 2995 2325 3056; x_wconf 87' lang='lat' dir='ltr'><strong>de·</strong></span> 
     </span>
     <span class='ocr_line' id='line_1_34' title="bbox 323 3074 2325 3157; baseline 0.003 -25"><span class='ocrx_word' id='word_1_279' title='bbox 323 3083 601 3135; x_wconf 88' lang='lat' dir='ltr'><strong>trectante</strong></span> <span class='ocrx_word' id='word_1_280' title='bbox 633 3074 1078 3135; x_wconf 83' lang='lat' dir='ltr'><strong>dominationem</strong></span> <span class='ocrx_word' id='word_1_281' title='bbox 1106 3084 1278 3155; x_wconf 88' lang='lat' dir='ltr'><strong>atque</strong></span> <span class='ocrx_word' id='word_1_282' title='bbox 1310 3087 1639 3138; x_wconf 86' lang='lat' dir='ltr'><strong>assertores</strong></span> <span class='ocrx_word' id='word_1_283' title='bbox 1670 3078 1985 3156; x_wconf 82' lang='lat' dir='ltr'><strong>flagitante.</strong></span> <span class='ocrx_word' id='word_1_284' title='bbox 2053 3079 2325 3157; x_wconf 86' lang='lat' dir='ltr'><strong>Peregri-</strong></span> 
     </span>
     <span class='ocr_line' id='line_1_35' title="bbox 323 3158 2321 3241; baseline 0.005 -26"><span class='ocrx_word' id='word_1_285' title='bbox 323 3158 413 3216; x_wconf 88' lang='lat' dir='ltr'><strong>nis</strong></span> <span class='ocrx_word' id='word_1_286' title='bbox 453 3159 510 3216; x_wconf 88' lang='lat' dir='ltr'><strong>iu</strong></span> <span class='ocrx_word' id='word_1_287' title='bbox 543 3168 802 3218; x_wconf 88' lang='lat' dir='ltr'><strong>senatum</strong></span> <span class='ocrx_word' id='word_1_288' title='bbox 840 3158 1099 3235; x_wconf 86' lang='lat' dir='ltr'><strong>allectis,</strong></span> <span class='ocrx_word' id='word_1_289' title='bbox 1143 3159 1376 3220; x_wconf 91' lang='lat' dir='ltr'><strong>libellus</strong></span> <span class='ocrx_word' id='word_1_290' title='bbox 1415 3164 1755 3241; x_wconf 91' lang='lat' dir='ltr'><strong>propositus</strong></span> <span class='ocrx_word' id='word_1_291' title='bbox 1785 3172 1907 3223; x_wconf 88' lang='lat' dir='ltr'><strong>est:</strong></span> <span class='ocrx_word' id='word_1_292' title='bbox 1948 3161 2187 3225; x_wconf 82' lang='lat' dir='ltr'><strong>Bonum</strong></span> <span class='ocrx_word' id='word_1_293' title='bbox 2215 3162 2321 3241; x_wconf 81' lang='lat' dir='ltr'><strong>fa-</strong></span> 
     </span>
    </p>
   </div>
   <div class='ocr_carea' id='block_1_3' title="bbox 318 3241 2393 3400">
    <p class='ocr_par' dir='ltr' id='par_1_6' title="bbox 318 3241 2393 3400">
     <span class='ocr_line' id='line_1_36' title="bbox 323 3241 2393 3320; baseline 0.004 -18"><span class='ocrx_word' id='word_1_294' title='bbox 323 3248 514 3302; x_wconf 77' lang='lat' dir='ltr'><strong>ctum.-</strong></span> <span class='ocrx_word' id='word_1_295' title='bbox 560 3258 638 3300; x_wconf 82' lang='lat' dir='ltr'><strong>ne</strong></span> <span class='ocrx_word' id='word_1_296' title='bbox 676 3241 813 3320; x_wconf 78' lang='lat' dir='ltr'><strong>quis</strong></span> <span class='ocrx_word' id='word_1_297' title='bbox 853 3243 1133 3304; x_wconf 76' lang='lat' dir='ltr'><strong>senatori</strong></span> <span class='ocrx_word' id='word_1_298' title='bbox 1171 3261 1333 3305; x_wconf 83' lang='lat' dir='ltr'><strong>novo</strong></span> <span class='ocrx_word' id='word_1_299' title='bbox 1365 3245 1606 3306; x_wconf 79' lang='lat' dir='ltr'><strong>curiam</strong></span> <span class='ocrx_word' id='word_1_300' title='bbox 1641 3254 1996 3308; x_wconf 78' lang='lat' dir='ltr'><strong>monstrare</strong></span> <span class='ocrx_word' id='word_1_301' title='bbox 2038 3248 2222 3309; x_wconf 82' lang='lat' dir='ltr'><strong>velit!</strong></span> <span class='ocrx_word' id='word_1_302' title='bbox 2266 3256 2393 3311; x_wconf 67' lang='lat' dir='ltr'><strong>etas</strong></span> 
     </span>
     <span class='ocr_line' id='line_1_37' title="bbox 318 3323 1038 3400; baseline 0.007 -18"><span class='ocrx_word' id='word_1_303' title='bbox 318 3323 419 3384; x_wconf 89' lang='lat' dir='ltr'><strong>illa</strong></span> <span class='ocrx_word' id='word_1_304' title='bbox 446 3323 624 3400; x_wconf 83' lang='lat' dir='ltr'><strong>vulgo</strong></span> <span class='ocrx_word' id='word_1_305' title='bbox 658 3324 1038 3388; x_wconf 87' lang='lat' dir='ltr'><strong>canebantur:</strong></span> 
     </span>
    </p>
   </div>
   <div class='ocr_carea' id='block_1_4' title="bbox 491 3410 2150 3576">
    <p class='ocr_par' dir='ltr' id='par_1_7' title="bbox 491 3410 2150 3576">
     <span class='ocr_line' id='line_1_38' title="bbox 491 3410 2149 3487; baseline 0.007 -22"><span class='ocrx_word' id='word_1_306' title='bbox 491 3410 674 3466; x_wconf 80' lang='lat' dir='ltr'><strong>Gallos</strong></span> <span class='ocrx_word' id='word_1_307' title='bbox 711 3411 918 3468; x_wconf 80' lang='lat' dir='ltr'><strong>Caesar</strong></span> <span class='ocrx_word' id='word_1_308' title='bbox 953 3416 1011 3470; x_wconf 72' lang='lat' dir='ltr'><strong>in</strong></span> <span class='ocrx_word' id='word_1_309' title='bbox 1050 3416 1385 3487; x_wconf 78' lang='lat' dir='ltr'><strong>triumphum</strong></span> <span class='ocrx_word' id='word_1_310' title='bbox 1422 3419 1599 3487; x_wconf 82' lang='lat' dir='ltr'><strong>ducit,</strong></span> <span class='ocrx_word' id='word_1_311' title='bbox 1635 3419 1777 3475; x_wconf 76' lang='lat' dir='ltr'><strong>idem</strong></span> <span class='ocrx_word' id='word_1_312' title='bbox 1818 3421 1875 3475; x_wconf 74' lang='lat' dir='ltr'><strong>in</strong></span> <span class='ocrx_word' id='word_1_313' title='bbox 1912 3422 2149 3476; x_wconf 58' lang='lat' dir='ltr'><strong>curiam.</strong></span> 
     </span>
     <span class='ocr_line' id='line_1_39' title="bbox 493 3491 2150 3576; baseline 0.01 -31"><span class='ocrx_word' id='word_1_314' title='bbox 493 3491 636 3547; x_wconf 79' lang='lat' dir='ltr'><strong>Galli</strong></span> <span class='ocrx_word' id='word_1_315' title='bbox 663 3494 866 3550; x_wconf 81' lang='lat' dir='ltr'><strong>bracas</strong></span> <span class='ocrx_word' id='word_1_316' title='bbox 903 3497 1275 3569; x_wconf 73' lang='lat' dir='ltr'><strong>deposuerunt</strong></span> <span class='ocrx_word' id='word_1_317' title='bbox 1285 3542 1299 3567; x_wconf 89' lang='lat'><strong>,</strong></span> <span class='ocrx_word' id='word_1_318' title='bbox 1338 3503 1507 3558; x_wconf 81' lang='lat' dir='ltr'><strong>latum</strong></span> <span class='ocrx_word' id='word_1_319' title='bbox 1533 3504 1744 3559; x_wconf 80' lang='lat' dir='ltr'><strong>clavum</strong></span> <span class='ocrx_word' id='word_1_320' title='bbox 1782 3511 2150 3576; x_wconf 67' lang='lat' dir='ltr'><strong>sumpserunt.</strong></span> 
     </span>
    </p>
   </div>
  </div>
 </body>
</html>
