2553 3960
990 225 1050 273 c.
1096 224 1465 275 eunomus.
2104 216 2221 280 127

221 384 448 464 Sparsit
489 389 550 442 et
592 379 829 440 missilia
859 380 1141 441 variarum
1170 399 1393 458 rerum,
1449 389 1508 440 et
1538 381 1772 460 panaria
1808 399 1935 445 cum
1970 382 2219 443 obsonio

222 468 432 527 viritim
473 466 691 533 divisit;
738 481 848 542 qua
898 464 1231 544 epulatione
1284 466 1461 543 equiti
1513 467 1583 526 R.
1630 474 1829 526 contra
1870 484 1936 526 se
1986 467 2221 527 hilarius

221 550 560 627 avidiusque
614 547 875 607 'vescenti
929 557 1122 626 partes
1182 565 1316 608 suas
1355 550 1537 625 misit,
1591 549 1695 609 sed
1734 557 1794 609 et
1845 552 2101 611 senatori
2144 550 2221 610 ob

221 634 461 694 eandem
494 648 722 691 causam
768 630 1102 709 codicillos,
1144 631 1349 709 quibus
1390 641 1717 712 praetorem
1754 651 1881 693 eum
1925 642 2088 694 extra
2128 652 2219 694 or-

169 718 409 785 sdinem
441 714 800 791 designabat.
869 713 1063 775 Edidit
1108 723 1168 774 et
1211 717 1507 778 circenses
1553 716 1834 795 plurimos
1878 735 1910 778 a
1943 736 2110 778 mane
2147 717 2220 777 ad

224 817 555 880 vesperam,
621 798 924 858 interiecta
977 798 1150 859 modo
1209 798 1613 859 Africanarum
1672 801 1983 861 venatione
2044 800 2219 861 modo

220 883 430 945 Troiae
461 883 830 957 decursione,
876 890 936 941 et
966 881 1246 962 quosdam
1275 885 1645 961 praecipuos,
1684 884 1858 945 minio
1892 893 1951 945 et
1982 885 2224 960 chryso·

222 968 377 1029 colla
408 975 700 1026 constrato
738 967 921 1042 circo,
965 983 1077 1024 nec
1107 966 1240 1026 ullis
1268 967 1378 1026 nisi
1408 985 1484 1026 ex
1516 969 1811 1028 senatorio
1840 968 2039 1029 ordine
2070 968 2217 1029 auri·

218 1050 504 1131 gentibus.
580 1047 881 1109 Commisit
922 1057 980 1108 et
1021 1048 1276 1127 subitos,
1320 1068 1446 1110 cum
1479 1069 1513 1110 e
1542 1050 1842 1113 Gelotiana
1885 1061 2220 1131 apparatum

147 1156 201 1197 10
221 1135 364 1196 circi
391 1134 847 1214 prospicientem
870 1133 1041 1211 pauci
1065 1151 1141 1193 ex
1163 1134 1445 1212 proximis
1468 1134 1782 1196 Maenianis
1804 1135 2217 1215 postulassent.

341 1218 572 1279 Novum
608 1226 914 1296 praeterea
958 1225 1126 1295 atque
1179 1216 1485 1277 inauditum
1526 1237 1711 1296 genus
1754 1219 2077 1297 spectaculi
2116 1238 2215 1279 ex·
2235 1234 2300 1287 19

219 1303 517 1382 cogitavit.
603 1300 748 1361 Nam
780 1299 1042 1361 Baiarum
1074 1299 1323 1361 medium
1368 1302 1729 1363 intervallum
1762 1302 1835 1363 ad
1873 1303 2219 1363 Puteolanas

216 1387 433 1462 moles,
472 1386 641 1445 trium
679 1384 891 1445 milium
933 1393 993 1445 et
1033 1395 1432 1446 sescentorum
1475 1387 1602 1446 fere
1639 1404 1906 1465 passuum
1954 1388 2218 1466 spatium,

218 1479 399 1551 ponte
457 1468 784 1543 coniunxit,
857 1471 1171 1529 contractis
1221 1469 1470 1549 undique
1523 1472 1805 1530 onerariis
1868 1470 2108 1531 navibus
2163 1478 2223 1528 et

146 1554 420 1621 1s-ordine
455 1551 667 1632 duplici
699 1552 769 1612 ad
799 1551 1085 1612 anchoras
1120 1554 1469 1630 conlocatis,
1513 1556 1965 1632 superiectoque
1996 1570 2219 1631 aggere

216 1648 452 1699 terreno
493 1654 563 1696 ac
595 1635 818 1698 directo
859 1636 917 1695 in
948 1636 1182 1715 Appiae
1225 1639 1354 1696 viae
1392 1636 1653 1697 formam.
1733 1636 1847 1696 Per
1887 1637 2038 1697 hunc
2077 1655 2218 1715 pon-

217 1732 332 1783 tem
362 1720 514 1780 ultro
558 1721 704 1811 citrg
747 1722 1088 1780 commeavit
1114 1719 1290 1781 biduo
1330 1721 1671 1796 continenti,
1711 1722 1896 1799 primo
1940 1720 2031 1780 die
2078 1719 2220 1780 fale-

216 1813 346 1865 rato
410 1820 560 1881 equo
604 1802 961 1882 insignisque
1013 1821 1267 1882 quercea
1310 1819 1527 1864 corona
1569 1812 1626 1863 et
1682 1813 1879 1864 caetra
1920 1812 1979 1863 et
2022 1802 2219 1880 gladio

219 1904 510 1965 aureaque
542 1885 816 1964 clamide,
864 1886 1146 1965 postridie
1177 1887 1546 1966 quadrigario
1588 1886 1783 1947 habitu
1816 1887 2222 1965 curriculoque

141 1985 198 2028 20
214 1971 396 2048 biiugi
449 1969 799 2032 famosorum
831 1989 1138 2050 equorum,
1183 1991 1325 2051 prae
1371 1991 1437 2032 se
1477 1971 1675 2032 ferens
1704 1970 1953 2032 Dareum
1982 1989 2223 2055 puerum

217 2070 309 2117 ex'
334 2054 672 2115 Parthorum
708 2054 1038 2131 obsidibus,
1098 2057 1404 2117 comitante
1459 2058 1952 2134 praetorianorum
1992 2057 2222 2132 agmine

217 2148 275 2200 et
296 2140 351 2198 in
390 2137 614 2198 essedis
640 2138 882 2198 cohorte
914 2140 1241 2199 amicorum.
1318 2140 1454 2200 Scio
1486 2139 1803 2218 plerosque
1834 2141 2221 2215 existimasse,

214 2223 387 2284 talem
425 2239 457 2282 a
494 2220 636 2283 Gaio
682 2230 917 2299 pontem
960 2226 1353 2300 excogitatum
1396 2222 1779 2284 aemulatione
1812 2223 2062 2300 Xerxis,
2126 2222 2223 2300 qui

215 2323 331 2366 non
381 2307 505 2366 sine
563 2303 939 2365 admiratione
996 2306 1287 2384 aliquanto
1341 2308 1733 2385 angustiorem
1781 2307 2221 2386 Hellespontum

144 2409 197 2450 2⁵
220 2387 708 2458 contabulaverit;
766 2388 945 2464 alios,
985 2398 1044 2449 ut
1089 2389 1444 2451 Germaniam
1493 2399 1550 2450 et
1595 2389 1968 2476 Britanniam,
2012 2389 2219 2469 quibus

214 2471 576 2547 imminebat,
644 2471 885 2532 alicuius
941 2472 1180 2534 inmensi
1236 2475 1434 2553 operis
1490 2474 1641 2534 fama
1692 2475 2000 2534 territaret.
2102 2471 2221 2534 Sed

216 2575 383 2618 avum
421 2572 607 2614 meum
656 2564 983 2617 narrantem
1024 2574 1170 2634 puer
1216 2556 1545 2631 audiebam,
1616 2574 1843 2617 causam
1901 2558 2099 2635 operis
2147 2556 2220 2616 ab

215 2639 588 2700 interioribus
643 2639 845 2699 aulicis
889 2641 1171 2719 proditam
1204 2641 1360 2719 quod
1414 2639 1730 2714 Thrasylus
1789 2639 2220 2699 mathematicus

217 2724 388 2784 anxio
422 2723 494 2782 de
540 2740 889 2782 successore
935 2723 1169 2784 Tiberio
1205 2734 1265 2784 et
1311 2726 1368 2783 in
1405 2741 1604 2782 verum
1647 2731 1920 2801 nepotem
1960 2723 2220 2801 proniori

142 2817 199 2860 ao
218 2807 593 2881 affirmasset,
671 2823 795 2866 non
844 2808 1046 2886 mayis
1103 2807 1325 2868 Gaium
1387 2807 1830 2885 imperaturum
1879 2823 2063 2887 quam
2102 2823 2222 2884 per

216 2889 526 2951 Baianum
549 2888 749 2950 sinum
777 2889 950 2970 equis
973 2889 1418 2953 ‹liseur-surum.
2117 2938 2128 2953 .

341 2972 538 3033 Edidit
566 2982 624 3032 et
650 2991 904 3052 peregre
938 2975 1304 3053 spectacula,
1346 2976 1404 3034 in
1436 2974 1633 3034 Sicilia
1663 2973 1967 3048 Syracusis
2000 2971 2217 3032 asticos
2235 2985 2306 3040 20

216 3056 414 3131 ludos,
475 3064 534 3115 et
576 3057 632 3115 in
687 3056 871 3117 Gallia
920 3056 1219 3135 Luguduni
1258 3058 1585 3128 miscellos;
1642 3056 1746 3117 sed
1790 3057 1882 3116 hic
1927 3064 2217 3117 certamen

217 3157 446 3219 quoque
481 3138 742 3200 Graecae
769 3139 1122 3220 Latinaeque
1150 3141 1488 3219 facundiae,
1534 3158 1649 3220 quo
1691 3141 2001 3201 certamine
2030 3140 2222 3203 ferunt

144 3232 203 3287 35,
219 3223 540 3284 victoribus
598 3224 856 3302 praemia
898 3225 1088 3286 victos
1143 3226 1488 3302 contulisse,
1544 3223 1856 3284 eorundem
1904 3233 1962 3284 et
2018 3224 2220 3286 laudes

219 3323 576 3384 componere
611 3316 886 3377 coaetos;
934 3326 1043 3368 eos
1089 3317 1310 3386 autem,
1361 3310 1456 3387 qui
1477 3310 1722 3369 maxime
1767 3308 2219 3387 displicuissent,

218 3391 437 3469 scripta
498 3407 602 3450 sua
665 3408 932 3468 spongea
989 3392 1259 3468 linguave
1308 3393 1508 3452 delere
1559 3394 1783 3469 iussos,
1851 3393 1960 3452 nisi
2018 3388 2219 3451 ferulis

217 3473 515 3551 obiurgari
546 3481 643 3533 aut
669 3473 897 3539 flumine
927 3477 1195 3555 proximo
1220 3477 1408 3554 mergi
1439 3475 1790 3536 maluissent.
