2553 3960
1054 253 1113 300 c.
1156 250 1528 303 CALmULA.
2177 245 2298 309 135

282 422 429 482 nae,
490 404 736 474 alterum
779 414 843 465 ut
880 405 1190 474 verbosum
1222 409 1282 466 in
1314 408 1555 470 historia
1587 410 2115 490 neglegentemque
2172 430 2296 474 car·

283 489 484 569 pebat.
571 488 661 549 De
701 490 841 550 iuris
888 508 1120 570 quoque
1167 492 1480 569 consultis,
1545 496 1707 573 quasi
1758 495 2038 557 scientiae
2094 512 2296 557 eorum

286 590 516 633 omnem
550 592 713 634 usum
756 574 1106 651 aboliturus,
1170 593 1355 655 saepe
1394 578 1659 656 iactavit,
1723 595 1792 639 se
1821 578 2165 641 mehercule
2203 580 2292 660 ef-

279 655 589 735 fecturum
627 676 705 718 ne
738 657 887 738 quid
923 659 1303 738 respondere
1335 660 1586 738 possint
1632 669 1889 740 praeter
1933 682 2086 724 eum.
2177 665 2380 732 Ve·'35

235 762 263 803 5
283 750 409 801 tera
465 741 805 803 familiarum
861 744 1109 819 insignia
1169 742 1528 805 nobilissimo
1586 747 1791 825 cuique
1845 747 2085 824 ademit,
2151 748 2294 809 Tor-

287 833 461 903 quato
527 834 823 905 torquem,
890 825 1229 887 Cincinnato
1290 829 1535 906 crinem,
1611 829 1730 890 CN.
1774 830 2055 910 Pompeio
2097 832 2293 911 stirpis

285 908 554 986 antiquae
580 909 777 987 Magni
821 928 1165 988 cognomen.
1253 909 1675 991 Ptolemaeum,
1728 914 1800 975 de
1836 932 1950 995 quo
1980 915 2186 991 retuli,
2236 923 2294 975 et

285 992 625 1052 arcessitum
677 1012 711 1052 e
768 1011 956 1072 regno
1011 1003 1069 1054 et
1117 1003 1428 1074 exceptum
1473 996 1826 1075 honorilice,
1890 1015 2007 1058 non
2058 998 2169 1060 alia
2220 997 2292 1059 de

284 1093 460 1137 causa
493 1086 740 1157 repente
770 1077 1092 1157 percussit,
1153 1097 1322 1159 quam
1353 1079 1539 1159 quod,
1603 1080 1813 1143 edente
1846 1101 1911 1143 se
1942 1099 2164 1159 munuS,
2208 1084 2289 1141 in·

209 1175 264 1218 10
279 1177 549 1239 gressum
580 1161 921 1240 spectacula
946 1164 1311 1224 convertisse
1340 1162 1629 1225 hominum
1662 1166 1867 1226 oculos
1896 1166 2131 1243 fulgore
2157 1184 2289 1244 pur·

279 1262 501 1324 pureae
531 1244 763 1305 abollae
803 1244 1220 1308 animadvertit.
1282 1245 1563 1309 Pulchros
1594 1257 1653 1309 et
1681 1259 1972 1326 comatos,
2021 1250 2291 1329 quotiens

280 1328 394 1388 sibi
452 1338 860 1406 occurrerent,
924 1332 1200 1411 occipitio
1256 1347 1392 1391 raso
1456 1331 1816 1411 deturpabat.
1915 1332 2059 1394 Erat
2116 1331 2289 1393 Esius

278 1411 564 1473 Proculus
601 1422 766 1493 patre
808 1414 1175 1493 primipilari,
1233 1413 1310 1475 ob
1357 1417 1658 1493 egregiam
1703 1418 1972 1497 corporis
2028 1416 2287 1494 amplitu-

280 1496 472 1557 dinem
516 1505 575 1557 et
619 1498 878 1576 speciem
924 1496 1282 1560 Colosseros
1321 1498 1534 1569 dictus;
1594 1500 1748 1561 hunc
1791 1499 2145 1580 spectaculis
2190 1498 2287 1559 de-

205 1595 258 1637 15
279 1589 526 1641 tractum
583 1590 830 1659 repente
896 1590 958 1641 et
1012 1583 1069 1641 in
1117 1582 1392 1644 harenam
1441 1582 1745 1645 deductum
1790 1584 2002 1645 Threci
2044 1591 2103 1642 et
2152 1597 2290 1643 mox

276 1664 671 1743 hoplomacho
733 1667 1119 1746 comparavit,
1176 1666 1387 1746 bisque
1441 1668 1724 1727 victorem
1783 1666 2104 1744 constringi
2162 1667 2288 1725 sine

275 1765 444 1809 mora
472 1749 638 1808 iussit
669 1758 727 1809 et
762 1751 968 1828 pannis
1001 1749 1247 1811 obsitum
1288 1752 1519 1811 vicatim
1553 1750 1900 1811 circumduci
1932 1768 2001 1811 ac
2038 1750 2286 1822 mulieri-

276 1830 389 1891 bus
429 1832 689 1910 ostendi,
735 1831 941 1894 deinde
982 1834 1249 1913 iugulari.
1338 1834 1543 1896 Nullus
1587 1834 1836 1914 denique
1869 1844 1982 1895 tam
2018 1832 2286 1895 abiectae

280 1915 639 1977 condicionis
668 1925 896 1998 tamque
937 1928 1233 1982 extremae
1275 1920 1450 1980 sortis
1492 1919 1630 1996 fuit,
1691 1920 1853 1979 cuius
1892 1935 2010 1978 non
2036 1933 2284 1978 commo-

197 2015 255 2056 20
278 1999 368 2061 dis
404 2000 778 2063 obtrectaret.
863 2001 1212 2065 Nemorensi
1262 2006 1426 2082 regi,
1479 2002 1631 2084 quod
1678 2004 1887 2065 multos
1942 2003 2057 2063 iam
2104 2018 2286 2062 annos

273 2093 584 2166 poteretur
638 2085 1006 2165 sacerdotio,
1080 2089 1422 2150 validiorem
1477 2087 1869 2149 adversarium
1927 2084 2282 2147 subornavit.

275 2168 420 2230 Cum
470 2168 717 2249 quodam
770 2170 863 2231 die
915 2174 1165 2234 muneris
1219 2172 1516 2234 essedario
1556 2171 1764 2248 Porio,
1823 2169 1899 2232 ob
1939 2186 2284 2250 prosperam

273 2272 530 2334 pugnam
572 2273 805 2315 servum
846 2274 1008 2316 suum
1049 2258 1496 2333 manumittenti,
1547 2256 1859 2316 studiosius
1898 2255 2160 2335 plausum
2193 2271 2281 2313 es-

274 2347 397 2415 set,
454 2340 534 2399 ita
576 2339 862 2418 proripuit
908 2358 973 2400 se
1014 2340 1409 2420 spectaculis,
1472 2348 1533 2400 ut
1575 2340 1797 2401 calcata
1844 2338 2051 2401 lacinia
2105 2346 2282 2414 togae

194 2442 253 2483 25
274 2440 569 2502 praeceps
601 2442 712 2503 per
739 2422 956 2503 gradus
985 2424 1125 2501 iret,
1170 2421 1627 2504 indignabundus
1657 2433 1718 2484 et
1755 2423 2051 2484 clamitans
2090 2420 2279 2483 domi-

270 2525 419 2567 num
455 2508 724 2586 qentium
759 2506 1060 2585 populum
1106 2525 1187 2569 ex
1219 2526 1295 2570 re
1329 2506 1644 2568 levissima
1668 2507 1817 2585 plus
1854 2505 2111 2567 honoris
2143 2504 2279 2584 yla-

272 2588 510 2651 diatori
575 2590 935 2651 tribuenaem
1006 2609 1190 2672 quam
1258 2590 1641 2656 consecratis
1707 2587 2101 2668 principibus
2179 2593 2287 2647 aut

262 2675 592 2752 praesenti
618 2673 760 2736 sibi.

409 2756 726 2819 Pudicitiae
770 2775 961 2837 neque
993 2776 1133 2819 suae
1163 2775 1354 2839 neque
1384 2757 1608 2820 alienae
1650 2756 1936 2838 pepercit.
2006 2753 2083 2814 M.
2111 2751 2279 2831 Lepi·
2299 2765 2367 2820 36

193 2839 435 2919 eodum,
499 2841 854 2902 Mnesterem
895 2842 1328 2920 pantomimum,
1391 2841 1668 2922 quosdam
1721 2837 1958 2900 obsides
2004 2836 2283 2897 dilexisse

268 2925 456 2985 fertur
497 2925 848 2985 commercio
894 2926 1068 2986 mutui
1120 2926 1326 3005 stupri.
1414 2925 1684 2987 Valerius
1729 2921 2019 2998 Catullus,
2076 2937 2281 2980 consu-

268 3008 378 3069 lari
419 3008 632 3070 familia
660 3009 916 3086 iuvenis,
978 3017 1297 3089 stupratum
1328 3029 1361 3072 a
1393 3028 1459 3070 se
1495 3028 1564 3070 ae
1597 3009 1782 3070 latera
1824 3006 1932 3067 sibi
1976 3001 2282 3073 contubert·

267 3093 366 3152 nio
404 3093 528 3153 eius
567 3092 804 3154 defessa
851 3093 1023 3154 etiam
1066 3094 1421 3155 vociferatus
1465 3101 1573 3153 est.
1663 3092 1853 3172 Super
1891 3105 2156 3150 sororum
2196 3090 2285 3149 in-

270 3184 434 3237 cesta
490 3185 548 3238 et
602 3174 962 3238 notissimum
1001 3179 1343 3257 prostitutae
1385 3175 1689 3254 Pyrallidis
1731 3191 1983 3236 amorem
2032 3190 2150 3236 non
2197 3182 2282 3233 te-

193 3280 248 3323 ss
267 3278 430 3321 mere
460 3260 578 3322 ulla
606 3261 941 3322 inlustriore
970 3262 1183 3323 femina
1218 3260 1517 3332 abstinuit;
1579 3277 1720 3340 quas
1771 3259 2110 3340 plerumque
2155 3273 2283 3317 cum

266 3344 485 3404 maritis
516 3345 589 3407 ad
620 3363 858 3407 caenam
889 3355 1132 3407 vocatas
1162 3354 1515 3427 praeterque
1544 3343 1729 3423 pedes
1765 3361 1905 3405 suos
1934 3339 2283 3403 transeuntis

266 3427 581 3508 diligenter
609 3447 680 3491 ac
722 3428 880 3490 lente
909 3431 1282 3492 mercantium
1321 3447 1482 3490 more
1525 3426 1952 3504 considerabat,
1985 3427 2172 3518 etiam·
2196 3420 2283 3480 fa-

268 3513 420 3573 ciem
445 3530 615 3575 manu
649 3513 961 3594 adlevans,
1018 3516 1069 3574 si
1101 3533 1248 3596 quae
1282 3513 1505 3594 pudore
1542 3510 1971 3578 submitterent;
2013 3512 2280 3586 qu⁰t¹0¹1³
2329 3550 2332 3553 ·
