2553 3960
1001 279 1459 328 Domrnmns,
2114 267 2232 330 241

240 436 451 498 nullam
483 435 781 512 habuisse,
825 442 1137 514 persancte
1166 433 1414 493 Domitia
1443 433 1699 494 iurabat:
1745 434 1894 494 haud
1937 444 2238 513 negatura,

241 522 289 583 si
320 538 432 600 qua
460 520 689 580 omnino
724 519 949 594 fuisset,
988 519 1159 577 immo
1195 519 1363 578 etiam
1393 516 1731 595 gloriatura,
1765 517 1919 597 quod
1943 518 2022 578 illi
2048 536 2238 597 prom—

238 605 554 684 ptissimum
584 613 709 663 erat
739 603 795 663 in
825 601 1088 662 omnibus
1117 601 1370 680 probris.

365 686 641 747 Excessit
681 689 737 745 in
776 685 977 746 eadem
1024 703 1134 764 qua
1179 695 1346 764 pater
1375 686 1512 746 villa
1550 685 1633 746 Id.
1673 684 1876 765 Septb.
1910 696 2045 766 post
2077 686 2233 746 bien·
2257 690 2314 741 11

181 791 210 830 s
240 772 390 831 nium
426 789 497 831 ac
530 788 762 830 menses
808 769 954 830 duos
1000 769 1239 848 diesque
1283 769 1412 830 XX.
1456 788 1622 850 quam
1662 764 2034 831 su‘ccesserat
2066 771 2235 850 patri,

237 854 423 915 altero
455 865 512 914 et
547 854 992 932 quadragesimo
1034 854 1240 914 aetatis
1278 871 1448 914 anno.
1517 853 1684 929 Quod
1712 863 1773 913 ut
1806 854 1997 934 palam
2025 854 2235 915 factum

238 948 349 1016 est,
379 955 496 998 non
528 957 701 999 secus
735 949 907 1017 atque
940 938 998 999 in
1032 937 1358 998 domestico
1392 937 1551 998 luctu
1580 938 1972 999 maerentibus
2004 939 2238 1017 publice

238 1024 490 1100 cunctis,
535 1032 768 1083 senatus
810 1023 968 1101 prius
1010 1039 1178 1101 quam
1223 1020 1415 1082 edicto
1459 1030 1884 1083 convocaretur
1917 1021 1989 1082 ad
2026 1025 2238 1083 curiam

237 1108 551 1184 concurrit,
587 1106 990 1186 obseratisque
1019 1106 1204 1166 adhuc
1231 1105 1488 1184 foribus,
1520 1105 1727 1166 deinde
1760 1108 2011 1185 apertis»,
2052 1116 2240 1167 tantas

166 1212 218 1253 ιο
234 1199 456 1252 mortuo
488 1192 708 1269 gratias
739 1191 860 1268 egit
889 1190 1207 1270 laudesque
1240 1192 1560 1268 congessit,
1597 1199 1837 1269 quantas
1860 1209 1932 1250 ne
1956 1192 2092 1252 vivo
2119 1193 2237 1270 qui-

234 1274 362 1335 dem
391 1293 654 1354 umquam
687 1284 859 1354 atque
895 1275 1207 1353 praesenti.

1046 1556 1455 1565 -———-—-

959 1793 1505 1851 nonnullus.

354 1952 714 2014 Domitianus
759 1959 924 2011 natus
976 1961 1066 2012 est
1111 1951 1294 2014 v1111.
1341 1951 1433 2013 Kl.
1465 1950 1749 2013 Novemb.
1797 1959 1963 2030 patre
1998 1949 2288 2019 consule}

234 2038 538 2115 designato
575 2037 899 2115 inituroque
927 2054 1128 2096 mense
1158 2036 1483 2115 insequenti
1519 2036 1834 2112 honorem,
1872 2036 2118 2113 regione
2147 2053 2236 2095 ur-

233 2124 324 2183 bis
354 2130 520 2182 sexta
543 2121 614 2183 ad
642 2119 851 2181 Malum
879 2119 1179 2198 Punicum,
1218 2120 1390 2181 domo
1422 2140 1589 2201 quam
1621 2129 1827 2200 postea
1866 2121 1923 2179 in
1964 2119 2237 2198 templum

162 2223 212 2265 ιο
230 2207 423 2286 gentis
451 2205 689 2267 Flaviae
721 2206 1024 2264 convertit.
1088 2204 1416 2266 Pubertatis
1446 2225 1513 2267 ac
1544 2207 1760 2285 primae
1806 2204 2237 2264 adulescentiae

228 2300 453 2369 tempus
486 2298 640 2351 tanta
671 2288 867 2366 inopia
901 2296 1173 2366 tantaque
1208 2290 1439 2350 infamia
1469 2292 1729 2368 gessisse
1763 2290 1978 2365 fertur,
2020 2297 2080 2347 ut
2115 2288 2235 2348 nul-

230 2374 344 2433 lum
386 2378 724 2449 argenteum
766 2389 872 2431 vas
915 2373 971 2430 in
1015 2390 1122 2431 usu
1161 2372 1425 2434 haberet.
1529 2373 1798 2452 Satisque
1842 2380 2068 2433 constat
2101 2370 2235 2431 Clo-

232 2456 382 2516 dium
409 2455 733 2516 Pollionem
762 2456 1117 2532 praetorium
1149 2458 1350 2534 virum,
1389 2459 1445 2517 in
1479 2476 1648 2537 quem
1680 2466 1769 2517 est
1810 2475 2018 2537 poema
2049 2455 2234 2515 Nero-

229 2541 321 2600 nis
350 2538 507 2618 quod
539 2536 871 2599 inscribitur
899 2537 1149 2616 Luscio,
1186 2539 1636 2620 chirographum
1678 2543 1803 2602 eius
1848 2556 2237 2602 conservasse

159 2644 212 2683 ιο
231 2633 289 2684 et
329 2640 750 2701 nonnumquam
792 2620 1105 2700 protulisse
1152 2632 1382 2685 noctem
1428 2624 1536 2685 sibi
1583 2625 1943 2705 pollicentis;
1987 2642 2095 2685 nec
2138 2622 2234 2683 de-

230 2708 456 2767 fuerunt
500 2706 596 2785 qui
649 2705 1029 2782 affirmarent,
1077 2718 1406 2788 corruptum
1440 2708 1822 2769 Domitianum
1867 2719 1926 2770 et
1968 2728 1999 2769 a
2041 2708 2234 2768 Nerva

230 2806 579 2850 successore
620 2807 758 2850 mox
798 2806 926 2849 suo.
1016 2789 1185 2851 Bello
1230 2793 1549 2854 Vitelliano
1591 2793 1854 2872 confugit
1896 2794 1953 2852 in
2001 2791 2234 2871 Capito·

228 2874 365 2934 lium
399 2890 526 2933 cum
556 2882 763 2951 patruo
797 2872 1010 2934 Sabino
1045 2892 1116 2934 ac
1148 2886 1313 2954 parte
1345 2878 1734 2956 praesentium
1767 2878 2095 2955 copiarum,
2131 2875 2240 2935 sed

228 2956 678 3036 irrumpentibus
710 2955 1061 3017 adversariis
1092 2966 1151 3018 et
1189 2961 1430 3022 ardente
1485 2961 1705 3040 templo
1756 2961 1906 3039 apud
1950 2960 2235 3036 aedituum

155 3055 209 3097 τὸ
232 3042 378 3103 clam
409 3041 797 3122 pernoctavit,
832 3058 902 3101 ac
929 3058 1095 3101 mane
1127 3042 1303 3106 Isiaci
1344 3044 1568 3105 celatus
1610 3044 1805 3105 habitu
1849 3046 2112 3123 interque
2147 3063 2232 3105 sa·

230 3125 526 3187 crissculos
556 3142 742 3185 vanae
774 3126 1227 3205 superstitionis,
1264 3147 1392 3189 cum
1424 3148 1489 3189 se
1522 3138 1681 3189 trans
1707 3127 1960 3188 Tiberim
1988 3127 2059 3189 ad
2098 3146 2234 3189 con-

229 3209 497 3289 discipuli
526 3206 613 3268 sui
645 3216 884 3268 matrem
921 3210 1130 3269 comite
1160 3231 1269 3273 uno
1297 3213 1657 3290 contulisset,
1688 3213 1764 3272 ita
1789 3211 1968 3291 latuit,
1991 3221 2050 3272 ut
2075 3231 2230 3272 scru-

228 3293 477 3354 tantibus
509 3295 603 3371 qui
638 3292 887 3369 vestigia
918 3292 1212 3356 subsecuti
1243 3306 1441 3374 erant,
1485 3295 1842 3376 deprehendi
1890 3315 2003 3357 non
2030 3305 2229 3375 potue·

226 3377 318 3435 rit.
406 3377 547 3437 Post
574 3378 872 3437 victor-Iam
903 3375 1124 3438 demum
1155 3399 1511 3461 progressus
1554 3390 1611 3441 et
1644 3379 1864 3441 Caesar
1911 3380 2230 3442 consaluta-

154 3473 208 3516 so
228 3469 339 3537 tus,
372 3460 650 3520 honorem
684 3470 995 3538 praeturae
1026 3463 1282 3526 urbanae
1319 3465 1610 3526 consulari
1642 3474 1932 3544 potestate
1972 3460 2232 3539 suscepit

224 3544 394 3604 titulo
459 3552 663 3620 tenus,
709 3545 870 3624 (nam
910 3544 1051 3605 iuris
1088 3547 1396 3611 dictionem
1451 3549 1521 3610 ad
1570 3548 1871 3627 collegam·
1910 3546 2230 3627 proximum

330 3650 639 3690 susroums.
1813 3631 1889 3691 16
