2553 3960
942 260 1360 310 PRAEFA'rlo.
1640 243 1649 250 '
1872 263 2042 310 xmx

209 416 398 473 Orelli
413 416 667 472 -lienzen
697 415 970 490 inscriptt.
1005 433 1097 473 no.
1136 424 1274 478 5429
1311 412 1322 494 Ι
1359 426 1393 480 9
1432 419 1733 475 Taricheas
1766 421 1873 478 cod
1887 421 2037 479 Fril».

212 519 249 557 a
273 516 392 556 sec.
425 517 607 564 manu,
633 500 888 557 Ursinus.
924 501 1253 556 Taricheam
1288 503 1452 558 Herm
1467 504 1743 559 Barbarus
1772 521 1877 576 pro
1897 504 2041 559 Tra-

214 583 374 638 chias
414 584 507 640 vel
546 583 824 638 Thracias
875 576 887 662 Ι
951 591 1019 645 18
1071 583 1192 640 VII
1227 594 1677 658 propuqnatores
1719 588 1789 643 ed
1823 588 2038 644 Iuntina

218 674 361 725 1510
396 659 407 744 Ι
456 672 525 726 19
546 681 615 721 ea
646 666 860 723 nemm.
898 667 1143 738 Guyetns
1176 685 1281 740 pro
1315 685 1435 725 eam
1485 662 1498 748 Ι
1547 675 1617 730 36
1646 671 1726 725 ad
1748 685 1809 725 se
1839 670 2043 727 omittit
2078 684 2088 695 ··

219 747 376 807 Paris
391 755 530 809 6116
562 767 592 805 a
628 750 806 821 prima
835 767 993 807 manu
1036 743 1067 831 ΙΙ
1108 757 1244 823 238,
1290 760 1358 813 18
1383 752 1769 826 cognitionibus
1798 754 2041 810 Torren-

221 832 333 888 tius
364 848 472 904 pro
502 834 840 889 contionibus
877 827 887 913 Ι
926 841 994 894 33
1033 837 1280 890 celeriter
1319 835 1647 893 Calderinus
1678 853 1784 909 pro
1811 837 2039 893 celebri·

215 907 361 996 ter-ss
390 922 513 984 239,
546 924 576 976 1
599 923 728 973 rata
761 918 984 991 supplet
1003 918 1271 990 Egnatius
1312 913 1322 997 Ι
1360 926 1429 981 30
1438 919 1657 991 publice
1680 922 1787 976 cod
1800 921 2042 977 Torren-

219 999 310 1055 tii.
349 999 569 1070 publice
605 1004 715 1056 nisi
739 1001 952 1057 Mamm.
985 1002 1110 1057 Med
1123 1008 1173 1060 3.
1219 1002 1314 1057 Pal
1327 1009 1378 1060 2.
1437 1005 1548 1058 nisi
1571 1004 1676 1058 sibi
1691 1004 1908 1075 publice
1929 1005 2034 1060 cod

218 1084 386 1139 Bern.
435 1082 596 1142 Pall.
637 1084 907 1155 Egnatius
939 1101 1043 1157 pro
1070 1087 1180 1139 nisi
1205 1087 1311 1140 sibi
1325 1089 1547 1158 perisse
1575 1092 1797 1143 testatus
1825 1095 1908 1143 est
1922 1104 2037 1159 pu-

219 1167 357 1220 blice
386 1157 415 1244 ΙΙ
457 1172 589 1237 240,
624 1174 694 1228 33
721 1170 953 1239 pallulis
977 1170 1188 1224 Memm.
1238 1170 1363 1226 Med
1379 1177 1429 1230 3.
1470 1170 1541 1227 al.
1574 1172 1678 1227 cfr.
1711 1171 1930 1227 Seneca
1967 1170 2036 1227 de

219 1249 308 1305 ira
339 1255 408 1319 3,
462 1255 564 1320 22,
609 1257 661 1308 2.
704 1253 1002 1323 paludibus
1042 1252 1197 1308 Paris
1217 1259 1373 1314 6116.
1433 1253 1623 1311 neda.
1668 1255 1738 1310 al.
1791 1255 2036 1327 paluda-

217 1335 420 1387 mentis
460 1333 648 1394 Medl.
696 1334 898 1407 Copes.
949 1338 1110 1392 Bern.
1165 1337 1334 1392 Basil.
1371 1338 1441 1393 al.
1472 1328 1502 1416 ΙΙ
1532 1343 1669 1407 241,
1699 1346 1767 1397 10
1798 1345 2036 1410 quantas

218 1418 493 1487 conqessit
529 1417 599 1473 ed
620 1418 786 1476 Venl
837 1412 850 1498 Ι
898 1425 967 1480 26
1000 1421 1192 1475 variae
1223 1420 1436 1475 Memm.
1483 1421 1673 1481 Med3.
1706 1420 1861 1477 Paris
1876 1427 2034 1482 6116.

219 1501 294 1556 al.
336 1514 519 1555 vanae
553 1501 677 1556 Med
691 1509 741 1559 1.
776 1501 929 1558 Huls.
987 1503 1059 1559 al.
1109 1502 1248 1559 Edd.
1287 1501 1298 1581 Ι
1335 1511 1400 1564 31
1433 1521 1564 1560 nam
1592 1505 1684 1560 lac
1699 1504 2036 1560 Gronovius.

216 1585 357 1654 quia
401 1585 488 1639 vel
529 1601 695 1655 quam
745 1585 864 1640 Exc
890 1585 1077 1642 Cuiac.
1134 1589 1390 1658 quoniam
1447 1587 1877 1659 Oudendorpius
1930 1603 2037 1658 pro

218 1683 387 1737 quam
417 1659 444 1744 ΙΙ
484 1672 619 1737 242,
661 1674 695 1728 9
740 1669 931 1739 opibus
965 1670 1178 1725 Menum.
1224 1670 1550 1731 Paris6116.
1596 1671 1668 1725 al.
1718 1685 1823 1742 pro
1852 1672 2036 1740 operi-

220 1751 340 1820 bus,
378 1750 481 1806 cfr.
512 1768 567 1823 p.
598 1755 688 1820 67,
712 1757 785 1811 35
823 1746 834 1830 Ι
873 1757 939 1812 27
973 1755 1278 1825 palamque
1313 1753 1591 1809 codBern.
1622 1753 1770 1809 Frib.
1803 1754 1926 1808 Bas.
1962 1753 2033 1808 al.

220 1834 359 1889 Edd.
406 1834 510 1889 cfr.
557 1851 612 1906 p.
646 1839 745 1902 32,
783 1842 870 1896 32.
916 1843 969 1890 et
995 1837 1191 1909 palam
1218 1836 1392 1895 Meda
1418 1838 1739 1909 propalam
1789 1828 1799 1915 Ι
1848 1841 1916 1896 32
1936 1836 2040 1891 sibi

220 1923 437 1988 tempus
464 1917 733 1973 horarum
763 1919 871 1975 cod
883 1921 1048 1976 Bern.
1098 1911 1109 1990 Ι
1157 1926 1227 1980 38
1264 1922 1621 1976 consalutavit
1647 1936 1776 1993 ego.
1834 1935 2034 1976 consu·

220 2003 339 2057 latu
376 2002 553 2072 filium
589 2004 670 2057 uit
704 2004 913 2060 Menun.
984 2006 1144 2061 Bern.
1220 2006 1537 2061 consulatus
1568 2007 1745 2077 filium
1785 2011 1837 2059 et
1879 2004 2033 2061 Paris

221 2090 378 2145 6116.
410 2085 532 2141 ned
546 2091 595 2142 2.
627 2086 701 2143 al.
733 2089 1171 2144 consalutaverat
1191 2094 1252 2144 ut
1281 2089 1387 2144 cod
1400 2089 1551 2145 Frib.
1587 2088 1756 2145 Basil.
1790 2088 1861 2144 al.
1894 2087 2033 2145 Edd.

220 2167 502 2225 vocabulo
525 2170 698 2239 filium
729 2172 878 2242 qnod
907 2187 980 2227 ex
1006 2172 1302 2243 superiore
1325 2172 1607 2229 versiculo
1632 2172 1925 2244 repetitum
1949 2178 2036 2226 est

219 2258 379 2308 recte
412 2252 598 2308 deleto
641 2247 670 2330 ΙΙ
709 2259 844 2323 243,
880 2260 948 2312 21
991 2253 1264 2309 Maecium
1312 2254 1739 2329 Oudendorpius
1775 2271 1878 2327 pro
1910 2254 2031 2311 Me-

220 2338 355 2390 tium
389 2329 405 2413 Ι
440 2340 507 2395 27
549 2337 618 2390 iis
646 2336 929 2392 codBern.
965 2337 1114 2393 Frib.
1147 2355 1252 2410 pro
1280 2338 1366 2393 Izis
1403 2330 1413 2409 Ι
1450 2344 1520 2398 34
1547 2341 1783 2411 virqines
1813 2337 2031 2409 Lipsius

220 2433 328 2490 pro
366 2420 592 2490 virqinis
631 2411 659 2498 ΙΙ
699 2424 832 2489 244,
879 2426 915 2479 3
953 2421 1283 2494 ederentque
1315 2422 1529 2477 Meum.
1576 2421 1898 2477 Torrentius
1926 2436 2033 2493 pro

220 2500 624 2573 redderentque
658 2496 672 2582 Ι
708 2508 744 2562 8
781 2518 947 2559 sacro
976 2505 1319 2562 Torrentius.
1359 2520 1525 2560 sacro
1553 2521 1677 2560 cum
1709 2505 1802 2559 Iac
1817 2503 2031 2559 Grono-

222 2584 373 2642 vius.
419 2599 712 2641 sacrorum
741 2587 954 2659 quidem
990 2589 1076 2643 die
1106 2587 1421 2644 Sabellicus
1450 2603 1555 2660 pro
1586 2603 1877 2643 sacrorum
1913 2579 1925 2663 Ι
1966 2592 2031 2646 19

219 2673 277 2723 et
304 2669 484 2724 odium
517 2669 727 2725 Merum.
774 2669 930 2726 Paris
945 2676 1098 2730 6116.
1151 2671 1458 2728 Beroaldus
1492 2687 1598 2742 pro
1629 2671 1914 2725 melodium
1940 2670 2032 2724 vel

223 2757 278 2805 et
305 2752 703 2807 exmethodium
732 2745 759 2831 ΙΙ
788 2759 909 2824 241,
937 2761 965 2811 1
986 2756 1260 2809 communi
1286 2768 1475 2809 rerum
1501 2768 1605 2808 usu
1634 2754 1844 2809 Momm.
1877 2750 2036 2808 Paris

223 2840 377 2894 6116.
420 2836 726 2891 Beroaldus
772 2852 878 2909 pro
916 2853 1227 2893 communes
1256 2852 1446 2893 rerum
1491 2852 1623 2892 usus
1670 2828 1682 2914 Ι
1727 2843 1763 2897 3
1802 2851 2032 2909 qrequm

223 2918 532 2974 Beroaldus
561 2933 665 2989 pro
691 2934 919 2991 qreeum
957 2913 968 2999 Ι
1005 2927 1073 2981 36
1100 2921 1384 2998 Scantinia
1415 2920 1728 2978 Sabellicus
1758 2937 1860 2993 pro
1892 2936 2033 2976 can-

222 3002 356 3055 tinia
383 3002 477 3056 vel
526 3004 727 3057 catinia
757 2995 786 3081 ΙΙ
814 3007 955 3074 246,
1007 3012 1035 3064 1
1078 3004 1329 3061 ocellatis
1377 3004 1684 3061 Beroaldus
1723 3001 1734 3082 Ι
1772 3011 1837 3063 17
1875 3019 1905 3059 e
1946 3004 2029 3059 di·

224 3099 383 3139 verso
411 3085 566 3141 delet
593 3084 817 3142 Ernesti
864 3079 876 3166 Ι
923 3093 988 3146 21
1033 3090 1101 3144 iis
1133 3090 1240 3145 cod
1256 3091 1418 3146 Bern.
1448 3088 1717 3159 Egnatius
1760 3102 1864 3159 pro
1901 3086 1988 3142 his
2017 3080 2031 3167 Ι

222 3172 292 3228 37
319 3169 652 3239 impuberem
688 3170 758 3226 ed
771 3171 922 3227 Basil
954 3178 1091 3232 1533
1131 3188 1236 3244 pro
1280 3173 1543 3242 puberem
1572 3162 1602 3250 ΙΙ
1629 3176 1753 3241 247,
1781 3177 1815 3231 9
1841 3172 1899 3225 in
1927 3185 2029 3226 ex-

218 3253 314 3307 aio
351 3252 680 3309 Torrentius
720 3270 826 3325 pro
868 3254 1033 3310 exilio
1082 3245 1095 3333 Ι
1142 3262 1210 3316 12
1247 3256 1534 3311 abductam
1578 3255 1884 3311 Beroaldus
1928 3268 2035 3329 pro

224 3334 515 3390 adductam
553 3339 564 3406 Ι
603 3342 669 3396 16
699 3337 1131 3409 Pompusianum
1162 3356 1272 3411 ego
1309 3354 1413 3411 pro
1442 3340 1889 3410 Pompusianum,
1926 3338 2029 3393 cfr.

223 3437 279 3491 p.
313 3423 445 3488 232,
475 3425 511 3479 9
545 3412 558 3498 Ι
596 3425 666 3480 18
696 3422 1014 3479 membrana
1046 3423 1382 3480 Seriverius.
1431 3423 1761 3478 membranis
1802 3422 2034 3478 Beroal-

220 3503 330 3558 dus
378 3518 485 3574 pro
523 3504 881 3561 membranas
924 3499 937 3584 Ι
985 3515 1054 3569 32
1102 3509 1389 3579 investiqat
1438 3506 1748 3640 Stephagus
1797 3520 1901 3577 pro
1944 3504 2029 3557 in·

308 3600 584 3639 mmm.

1979 3699 2020 3736 5
2056 3707 2062 3712 ,
