2553 3960
252 728 493 783 orthem

304 780 448 837 putea.

541 231 763 278 xxxvl
1229 231 1647 281 PRAEFATIO.

541 391 731 463 utqui
758 420 839 431 —-
888 391 1151 464 oblnyaret
1182 421 1267 432 —-
1321 397 1375 447 et
1420 393 1780 449 descenderit.
1873 393 1970 450 Sic
2026 391 2173 450 enim
2214 393 2367 452 libri.

545 475 700 544 Quae
743 476 995 547 exempla
1029 493 1098 533 eo
1132 475 1398 532 libentius
1431 478 1733 549 congessi,
1776 478 1924 549 quod
1973 477 2238 535 nonnulla
2283 485 2374 534 te-

543 577 697 617 mere
740 560 797 615 in
842 561 949 617 hac
979 577 1201 632 quoque
1248 560 1500 618 editione
1545 562 1616 618 ad
1655 562 1907 633 regulam
1944 562 2082 618 artis
2111 568 2369 620 correcta

545 651 689 703 sunt.

667 730 728 786 ln
775 729 1230 802 orthographicis
1265 730 1435 787 rebus
1480 747 1589 787 non
1619 731 1909 801 vulgarem
1953 731 2230 789 rationem
2266 733 2370 788 ob-

544 813 792 886 servavi,
824 820 885 869 ut
909 820 1120 870 certum
1149 813 1393 887 aliquem
1418 814 1704 872 scribendi
1729 806 1949 872 modum
1973 816 2065 873 vel
2093 815 2369 872 vetustio-

543 917 662 957 rem
697 900 788 956 vel
819 899 1194 955 recentiorem
1237 899 1519 956 mordicus
1552 899 1856 955 retinerem
1897 906 1955 955 et
1994 899 2367 972 ludimagistri

543 983 722 1041 instar
749 999 854 1056 per
885 988 1052 1040 totam
1082 982 1384 1039 editionem
1426 983 1768 1059 inculearem
1801 979 1943 1057 (hoc
1986 983 2131 1040 enim
2169 985 2370 1054 legen-

545 1068 696 1124 tibus
732 1066 1155 1138 rclinquendum
1188 1067 1365 1137 duco,
1409 1068 1504 1139 qui
1534 1067 1805 1140 quidquid
1839 1068 2037 1124 oculos
2068 1068 2370 1126 offenderit

545 1152 844 1208 emendare
874 1150 1099 1207 scilicet
1127 1146 1418 1227 poterunt)
1449 1153 1551 1208 sed
1579 1153 1787 1225 ubique
1819 1152 2090 1209 librorum
2119 1152 2370 1209 auctori-

545 1235 646 1293 tati
689 1235 994 1292 obsecutus
1039 1252 1178 1291 sum.
1270 1234 1485 1301 Quodsi
1530 1237 1726 1308 negari
1768 1253 1878 1294 non
1922 1243 2147 1310 potest,
2204 1253 2366 1293 unum

545 1320 890 1391 eundemque
919 1319 1255 1393 scriptorem
1283 1320 1431 1377 intra
1463 1321 1625 1377 unius
1654 1322 1899 1393 paginae
1934 1321 2172 1394 spatium
2204 1321 2368 1376 deum

546 1409 604 1461 ct
636 1404 864 1459 deorum
880 1444 898 1474 ,
934 1405 1270 1476 vectiyalium
1313 1411 1371 1461 et
1410 1406 1815 1478 vectiqaliorum
1831 1446 1849 1477 ,
1889 1405 2084 1478 quibus
2124 1411 2182 1460 et
2224 1407 2367 1477 φάε,

543 1489 712 1545 aedes
760 1493 819 1546 et
859 1488 1046 1559 aedis,
1087 1494 1200 1544 tres
1241 1495 1299 1545 et
1337 1492 1469 1561 tris,
1514 1495 1694 1546 vetere
1735 1496 1793 1547 et
1835 1490 2027 1560 veteri,
2067 1490 2271 1545 dextra
2313 1495 2370 1546 et

541 1574 799 1643 dextera,
811 1573 1129 1630 adolescere
1157 1575 1599 1631 etadulescentes
1628 1581 1685 1630 et
1705 1574 1872 1631 multa
1903 1573 2107 1631 similia
2136 1574 2205 1630 ad
2220 1573 2368 1630 idem

543 1659 856 1731 exemplum
904 1657 1240 1730 scripsisse,
1288 1659 1483 1729 quidni
1528 1663 1728 1715 nactus
1758 1674 1983 1731 quoque
2026 1664 2082 1713 et
2108 1664 2368 1729 nanctus,

539 1742 642 1798 sed
670 1748 727 1798 et
750 1748 865 1812 set,
901 1745 1129 1815 conleqa
1162 1749 1220 1799 et
1247 1743 1561 1816 colleyium,
1598 1741 1837 1815 adferre
1876 1749 1933 1798 et
1963 1743 2186 1814 allatus,
2221 1757 2370 1799 com-

533 1828 745 1899 paravi
770 1833 827 1882 et
855 1831 1273 1898 conponantur,
1306 1829 1531 1884 coloniis
1567 1834 1623 1883 et
1651 1829 1890 1899 colonis,
1934 1828 2060 1883 obiit
2088 1834 2145 1883 et
2174 1827 2281 1883 obit
2312 1833 2370 1883 et

541 1909 968 1968 innumerabilia
1002 1910 1060 1967 id
1093 1927 1271 1983 genus
1308 1913 1419 1968 alia
1455 1912 1601 1968 idem
1638 1912 1885 1987 scriptor
1920 1912 2242 1984 admiserit,
2273 1911 2367 1968 vel

543 1996 774 2054 auribus
813 1995 907 2053 vel
948 1996 1163 2053 iudicio
1197 1998 1289 2054 vel
1336 1997 1489 2054 casui
1529 1989 1966 2072 obtemperans?
2013 1997 2146 2055 Nam
2177 1998 2365 2053 admo-

543 2082 670 2137 dum
704 2096 882 2153 pauca
915 2079 971 2136 in
999 2081 1088 2137 his
1119 2082 1291 2139 rebus
1325 2082 1531 2138 scimus
1562 2089 1619 2138 et
1646 2083 1807 2156 plura
1841 2082 2097 2139 discendi
2131 2082 2369 2138 facultas

542 2165 1038 2238 tamdiu-adempta
1072 2165 1198 2236 erit,
1236 2168 1496 2237 quamdiu
1529 2172 1939 2238 consequentes
1976 2183 2137 2237 esse,
2174 2172 2235 2221 ut
2260 2167 2369 2221 ho·

544 2251 743 2306 dierno
776 2250 953 2307 verbo
984 2255 1143 2320 utar,
1176 2250 1234 2306 id
1264 2258 1355 2307 est
1383 2251 1682 2324 opiniones
1714 2257 1771 2305 et
1805 2248 2154 2322 praeiudicia
2183 2249 2370 2321 sequi,

548 2351 707 2406 quam
758 2339 1088 2391 vetustatem
1148 2336 1452 2407 explorare
1506 2334 1789 2390 malemus.
1877 2332 2180 2406 Numquam
2236 2350 2372 2408 per-

546 2425 743 2491 specta
779 2424 934 2475 esset
975 2417 1209 2476 Notkeri
1254 2426 1313 2475 et
1349 2417 1794 2490 sangallensium
1838 2415 1935 2475 illa
1979 2418 2213 2489 regula,
2260 2434 2369 2490 qua

545 2502 713 2560 modo
733 2503 978 2559 bruader
999 2503 1195 2559 dohter
1210 2510 1319 2576 yot,
1341 2504 1505 2560 modo
1525 2502 1782 2582 pruadetj
1801 2501 1976 2558 tohter
2003 2508 2091 2557 cot
2115 2501 2373 2574 scripse-

545 2593 693 2658 runt,
725 2587 833 2644 nisi
863 2603 1071 2644 summa
1103 2605 1224 2644 cum
1256 2589 1365 2644 lide
1392 2603 1584 2643 eorum
1610 2585 1822 2657 scripta
1854 2602 2125 2659 expressa
2152 2591 2368 2642 essent.

545 2672 647 2728 Est
692 2672 867 2744 igitur
908 2674 1269 2728 vehementer
1314 2671 1643 2745 optandum,
1697 2676 1757 2725 ut
1804 2670 2024 2727 tandem
2064 2668 2370 2741 aliquando

546 2757 767 2831 puerile
806 2756 945 2813 illud
984 2755 1422 2828 consequentiae
1460 2754 1703 2812 studium
1744 2755 1939 2813 valere
1973 2754 2264 2811 iubeamus
2312 2760 2372 2810 et

545 2843 649 2898 has
693 2857 914 2913 quoque
960 2840 1221 2898 minutias
1270 2840 1340 2896 ad
1383 2840 1563 2897 libros
1616 2840 1926 2912 exigamus.
2015 2838 2370 2895 Fidissimum

546 2925 745 2983 ducem
779 2926 1045 2982 habemus
1076 2926 1132 2980 in
1158 2923 1433 2981 Suetonio
1464 2920 1843 2981 Memmiannm
1879 2922 2167 2994 codicem,
2206 2922 2368 2979 cuius

547 3009 987 3081 orthographica
1010 3009 1359 3065 consuetudo
1391 3009 1462 3065 ad
1485 3009 1666 3067 libros
1688 3009 2087 3083 palimpsestos
2109 3007 2368 3079 proxime

548 3093 798 3158 accedit3
840 3109 964 3149 eum
992 3093 1166 3164 igitur
1200 3093 1433 3164 ducem,
1475 3093 1809 3166 ubicumque
1839 3091 1961 3150 fleri
1988 3085 2249 3167 posse²⁸)
2279 3090 2368 3148 vi-

685 3255 778 3320 25)
818 3254 974 3320 Sequi
1006 3255 1149 3307 nolui
1190 3258 1240 3307 iu
1271 3267 1447 3324 aperte
1476 3257 1624 3310 falsis
1651 3265 1710 3309 ut
1741 3260 2030 3320 provintia,
2070 3256 2209 3322 quod
2246 3255 2366 3306 Nie-

547 3323 679 3375 buhr
711 3324 974 3393 probavit,
1010 3327 1204 3376 nummi
1234 3327 1532 3393 lapidesque
1566 3328 1823 3379 damnant.
1897 3326 2178 3379 Admittere
2206 3340 2364 3376 ausus

548 3408 649 3443 non
695 3409 835 3456 sum,
879 3393 1099 3446 fortasse
1135 3396 1346 3459 iniuria,
1378 3396 1737 3449 hrinocerotem
1770 3396 2024 3449 Hn‘anum
2057 3394 2289 3445 Hrodum
2317 3400 2368 3443 et

546 3463 805 3521 limatos,-
844 3465 918 3514 sic
958 3464 1095 3515 enim
1132 3467 1184 3516 ln
1224 3466 1530 3517 Memmiano
1564 3467 1779 3531 aliisque
1821 3468 1963 3518 libris
2004 3465 2249 3531 scriptum
2283 3478 2367 3512 re·

548 3532 707 3597 perio,
739 3533 827 3596 qui
860 3533 1015 3585 iidem
1039 3537 1286 3589 rhetorem
1310 3535 1528 3587 Rhenum
1557 3535 1850 3587 Rhodanum
1878 3537 2025 3588 solito
2051 3549 2192 3585 more
2216 3546 2365 3599 prae·
