2553 3960
983 214 1554 263 VITELLIUS.
2131 202 2251 262 217

257 373 458 449 tenuit,
494 369 635 432 Gaio
669 388 778 449 per
809 369 1135 446 aurigandi,
1180 367 1422 429 Claudio
1460 386 1569 447 per
1609 368 1775 429 aleae
1814 369 2058 429 studium
2095 369 2253 429 iami-

258 458 441 533 liaris,
478 454 582 515 sed
620 455 911 534 aliquanto
956 453 1176 514 Neroni
1220 455 1550 532 acceptior,
1605 469 1732 512 cum
1772 463 2014 533 propter
2054 453 2254 513 eadem

258 541 425 618 haec,
458 548 574 598 tum
603 539 885 617 peculiari
916 539 1153 614 merito,
1188 537 1343 616 quod
1372 536 1714 615 praesidens
1747 539 2041 598 certamini
2069 536 2254 597 Nero-

260 643 405 701 neo,
450 623 775 701 cupientem
809 625 961 682 inter
1006 621 1379 682 citharoedos
1420 620 1803 698 contendere,
1846 639 1958 682 nec
1997 622 2256 700 quamvis

213 727 238 767 ⁵
260 705 652 786 flagitantibus
687 707 910 767 cunctis
953 706 1293 805 promittere
1328 705 1631 765 audentem
1666 704 1917 784 ideoque
1951 723 2255 782 egressum

260 792 485 853 theatro
512 799 917 867 revocaverat,
942 792 1104 869 quasi
1130 789 1563 867 perseverantis
1588 788 1792 911 populi
1813 789 2108 866 legatione
2132 806 2254 848 sus-

261 884 454 955 cepta,
487 873 955 974 exorandumque
979 872 1348 952 praebuerat.

382 958 576 1020 Trium
610 960 802 1037 itaque
833 958 1154 1038 principum
1184 955 1538 1034 indulgentia
1568 973 1682 1016 non
1722 956 1908 1018 solum
1940 956 2257 1017 honoribus
2287 966 2320 1018 5

259 1061 459 1104 verum
492 1051 552 1102 et
579 1042 926 1103 sacerdotiis
951 1041 1319 1121 amplissimis
1347 1048 1568 1116 auctus,
1604 1041 2074 1120 proconsulatum
2102 1041 2254 1101 Afri·

190 1145 241 1189 ιο
263 1146 367 1190 cae
413 1136 550 1207 post
591 1128 739 1188 haec
779 1144 1089 1205 curamque
1131 1143 1375 1205 operum
1417 1123 1781 1204 publicorum
1820 1125 2257 1202 administravit,

260 1222 319 1274 et
343 1213 636 1272 voluntate
661 1211 878 1290 dispari
910 1219 969 1270 et
993 1211 1433 1270 existimatione.
1486 1207 1552 1268 In
1584 1209 1883 1289 provincia
1906 1210 2258 1288 singularem

258 1297 644 1356 innocentiam
670 1295 956 1375 praestitit
984 1293 1215 1355 biennio
1241 1295 1604 1370 continuato,
1632 1312 1758 1354 cum
1783 1294 2120 1355 succedenti
2142 1294 2257 1354 fra-

259 1380 333 1439 tri
353 1379 583 1456 legatus
610 1377 991 1448 substitisset3
1023 1387 1080 1438 at
1111 1380 1169 1438 in
1203 1377 1424 1438 urbano
1461 1377 1658 1438 officio
1702 1377 1852 1439 dona
1893 1388 2066 1456 atque
2090 1395 2257 1438 orna-

259 1472 450 1523 menta
468 1462 815 1541 templorum
841 1460 1201 1540 subripuisse
1231 1470 1290 1520 et
1318 1469 1700 1522 commutasse
1726 1462 2004 1539 quaedam
2028 1460 2258 1521 fereba-

191 1566 240 1610 15
260 1559 380 1625 tur,
416 1564 646 1628 proque
678 1563 818 1608 auro
854 1555 912 1605 et
950 1554 1193 1621 argento
1231 1552 1491 1604 stannum
1528 1553 1585 1604 et
1620 1543 2009 1605 aurichalcum
2043 1561 2258 1625 suppo-

260 1635 471 1693 suisse.

388 1715 651 1775 Uxorem
680 1709 876 1770 habuit
897 1710 1227 1771 Petroniam
1259 1711 1588 1772 consularis
1620 1711 1726 1771 viri
1750 1711 1957 1789 filiam,
1997 1721 2054 1772 et
2087 1731 2162 1772 ex
2190 1731 2258 1773 ea
2290 1718 2324 1772 6

261 1799 439 1860 filium
474 1795 878 1856 Petronianum
927 1804 1154 1875 captum
1188 1795 1374 1856 altero
1417 1795 1610 1856 oculo.
1690 1795 1856 1856 Hunc
1903 1796 2180 1857 heredem
2227 1814 2261 1857 a

262 1891 446 1944 matre
473 1878 579 1939 snb
615 1878 958 1939 condicione
980 1879 1327 1956 institutum,
1371 1881 1419 1939 si
1454 1880 1526 1940 de
1566 1881 1859 1958 potestate
1894 1881 2073 1960 patris
2108 1881 2258 1940 exis-

129 2009 132 2010 ν
190 1988 244 2028 20
264 1977 375 2045 set,
400 1983 569 2025 manu
594 1963 781 2024 emisit
803 1961 1106 2043 brevique,
1138 1972 1199 2024 ut
1225 1963 1502 2024 creditum
1521 1972 1640 2042 est,
1675 1964 1990 2041 interemit,
2031 1965 2258 2025 insimu-

260 2053 438 2113 latum
473 2051 711 2127 insuper
748 2047 1039 2127 parricidii
1074 2057 1132 2109 et
1160 2049 1324 2127 quasi
1356 2057 1615 2128 paratum
1638 2048 1709 2108 ad
1746 2050 1940 2110 scelus
1979 2067 2260 2109 venenum

262 2154 339 2197 ex
384 2132 745 2195 conscientia
784 2132 1092 2193 hausisset.
1178 2132 1356 2193 Duxit
1409 2150 1547 2193 mox
1601 2132 1888 2194 Galeriam
1929 2131 2258 2194 Fundanam

261 2217 559 2300 praetorio
600 2224 800 2295 patre,
849 2234 921 2276 ac
955 2216 1027 2276 de
1068 2216 1179 2277 hac
1218 2234 1453 2295 quoque
1495 2216 1718 2277 liberos
1747 2219 2046 2296 utriusque
2081 2236 2258 2278 sexus

209 2303 223 2314 ⁶
261 2302 422 2378 tulit,
454 2300 560 2361 sed
589 2317 805 2360 marem
838 2300 1134 2361 titubantia
1168 2302 1288 2361 oris
1318 2319 1508 2380 prope
1538 2310 1750 2362 mutum
1779 2312 1836 2361 et
1872 2302 2183 2380 elinguem.

192 2406 245 2445 25
391 2382 446 2444 A
474 2382 657 2445 Galba
685 2386 742 2443 in
773 2384 1109 2445 inferiorem
1143 2383 1502 2446 Germaniam
1535 2395 1736 2446 contra
1766 2387 2097 2466 opinionem
2125 2388 2256 2446 mis·
2286 2395 2316 2453 7

266 2488 364 2531 sus
397 2477 506 2528 est.
565 2467 838 2540 Adiutum
869 2476 1070 2546 putant
1101 2467 1166 2528 T.
1198 2469 1331 2529 Vini
1364 2469 1675 2547 suffragio,
1709 2479 1842 2530 tunc
1874 2470 2257 2548 potentissimi

266 2562 326 2614 et
359 2554 448 2612 cui
478 2555 588 2612 iam
625 2551 850 2630 pridem
888 2569 996 2630 per
1027 2569 1386 2612 communem
1408 2554 1679 2613 factionis
1702 2555 1975 2615 Venetae
1994 2554 2258 2614 favorem

268 2635 612 2706 conciliatus
646 2644 838 2704 esset;
869 2637 979 2695 nisi
1010 2636 1165 2714 quod
1200 2634 1380 2697 Galba
1397 2653 1553 2716 prae
1579 2655 1645 2697 se
1670 2637 1828 2714 tulit,
1856 2638 2048 2699 nullos
2073 2638 2258 2697 minus

267 2719 609 2780 metuendos
640 2736 808 2797 quam
840 2720 937 2797 qui
969 2719 1042 2779 de
1073 2720 1205 2779 solo
1238 2721 1393 2781 victu
1425 2722 1772 2799 cogitarent,
1805 2740 1875 2782 ac
1910 2740 2089 2801 posse
2123 2738 2256 2801 pro-

193 2821 249 2866 so
268 2802 609 2864 vincialibus
646 2803 834 2881 copiis
872 2804 1213 2881 profundam
1256 2804 1451 2882 gulam
1494 2806 1619 2865 eius
1667 2806 1926 2884 expleri,
1972 2815 2032 2865 ut
2077 2806 2260 2865 cuivis

267 2887 509 2949 evidens
552 2888 625 2947 sit
669 2895 1001 2965 contemptu
1043 2889 1229 2965 magis
1267 2906 1438 2967 quam
1493 2890 1680 2966 gratia
1735 2889 2004 2950 electum.
2105 2889 2259 2949 Satis

268 2980 515 3050 constat,
552 2973 778 3032 exituro
808 2973 1077 3032 viaticum
1108 2972 1385 3049 defuisse,
1418 2980 1573 3033 tanta
1607 2983 1871 3050 egestate
1901 2976 1987 3034 rei
2020 2973 2256 3034 familia-

266 3058 380 3134 ris,
413 3065 475 3117 ut
503 3073 688 3117 uxore
720 3064 779 3115 et
807 3054 1044 3133 liberis,
1083 3074 1229 3135 quos
1259 3057 1481 3117 Romae
1519 3056 1917 3135 relinquebat,
1959 3057 2257 3118 meritorio

270 3140 589 3202 caenaculo
619 3140 856 3217 abditis,
901 3139 1128 3201 domum
1158 3142 1216 3199 in
1256 3140 1538 3219 reliquam
1579 3150 1802 3220 partem
1845 3143 1979 3202 anni
2022 3142 2257 3202 abloca-

197 3246 249 3288 ss
266 3234 581 3304 ret,·utque
614 3243 691 3285 ex
723 3243 861 3285 aure
890 3224 1088 3286 matris
1118 3224 1439 3285 detractum
1470 3228 1736 3285 unionem
1768 3228 2164 3304 pigneraverit
2186 3224 2258 3285 ad

265 3308 488 3369 itineris
516 3310 830 3388 impensas.
894 3307 1255 3369 Creditorum
1290 3308 1520 3387 quidem
1552 3310 2022 3388 praestolantium
2058 3327 2129 3369 ac
2160 3309 2255 3369 de-

268 3392 561 3454 tinentium
592 3393 815 3454 turbam
847 3402 907 3452 et
947 3394 1004 3453 in
1044 3393 1115 3452 iis
1164 3394 1554 3453 Sinuessanos
1584 3391 2072 3472 Formianosque,
2116 3407 2252 3469 quo-

270 3494 394 3537 rum
424 3477 656 3556 publica
692 3477 1007 3555 vectigalia
1053 3477 1496 3557 interverterat,
1556 3479 1787 3538 nonnisi
1827 3488 2056 3538 terrore
2103 3473 2254 3534 calu-
