2553 3960
442 233 539 284 bx
1114 232 1533 282 PRAEFATIO.

566 390 680 447 Iam
719 390 940 447 collatis
987 389 1132 447 inter
1175 409 1237 448 se
1279 392 1440 449 libris
1484 391 1667 448 indice
1709 394 1799 449 vel
1844 390 2121 464 praeditis
2162 391 2255 449 vel

444 474 725 531 destitutis
759 474 807 530 si
844 473 969 546 quis
998 474 1349 547 inquisierit,
1391 476 1501 531 utri
1547 476 1861 533 universam
1892 475 2258 547 scriptionem

445 558 665 615 fidelius
697 566 754 614 et
781 559 1057 628 integrius
1082 560 1351 630 referant,
1383 561 1487 616 hos
1518 560 1868 632 posteriores
1901 556 2086 613 multis
2107 557 2259 614 locis

442 642 693 715 reperiet
720 642 933 714 pariter
962 657 1152 698 omnes
1183 648 1481 714 corruptos
1524 645 1633 713 ita,
1680 650 1742 698 ut
1770 641 2092 699 necessario
2126 657 2253 697 cor·

442 725 555 797 rigi
600 726 840 782 debeant
891 731 947 780 et
1000 727 1325 799 plerumque
1376 726 1595 797 possint
1634 743 1707 782 ex
1757 725 2076 798 prioribus,
2122 725 2263 780 illos

445 825 604 879 vero,-
629 809 734 865 etsi
762 825 873 865 non
906 808 1285 882 incorruptos,
1316 816 1371 866 at
1398 816 1506 865 tam
1538 810 1808 880 egregios
1836 813 2165 878 cognoscet,
2195 813 2257 861 ut

440 909 516 949 ex
549 893 744 950 alteris
780 899 934 948 certe
973 892 1186 963 corrigi
1225 892 1445 966 possint
1473 909 1740 964 nusquam
1758 888 1853 965 ³⁷).
1942 890 2255 960 Distingui-

445 993 563 1031 mus
595 976 770 1047 igitur
799 977 908 1033 duo
948 975 1216 1033 librorum
1253 993 1495 1047 genera,
1530 993 1760 1048 quorum
1803 977 2035 1032 alterum
2065 974 2260 1030 indice

443 1061 693 1131 praefixo
725 1058 972 1116 notabile
996 1059 1226 1115 codices
1249 1060 1552 1116 vaticanos
1584 1066 1720 1120 1518
1748 1064 1804 1114 et
1837 1063 1993 1128 1862,
2022 1057 2256 1114 Leiden-

445 1160 593 1213 sem,
649 1143 980 1207 Gudianum,
1029 1143 1484 1215 Neapolitanum,
1538 1150 1836 1215 praeterea
1881 1141 2256 1198 Florentinum

447 1225 749 1282 editionem
779 1227 1166 1299 complectitur
1205 1227 1479 1298 simulque
1511 1226 1727 1282 interna
1767 1242 1867 1282 sua
1910 1223 2260 1299 praestantia

447 1311 891 1380 commendatur,
933 1310 1164 1365 alterum
1206 1311 1385 1366 libros
1428 1311 1717 1366 continens
1743 1308 2069 1367 Vaticanum
2095 1313 2261 1377 4498,

443 1393 816 1449 Florentinum
835 1435 853 1464 ,
881 1393 1181 1464 Venetam,
1213 1393 1633 1450 Berolinensem
1652 1435 1669 1465 ,
1698 1392 2069 1461 Harleianum‚
2100 1389 2257 1446 Pari-

445 1476 624 1533 sinum
658 1493 780 1532 cum
806 1476 1144 1533 editionibus
1167 1477 1384 1539 Incerta
1415 1495 1481 1533 ac
1497 1478 1712 1534 Veneta
1746 1494 1795 1534 a.
1824 1480 1962 1536 1474
1992 1481 2049 1531 et
2069 1473 2260 1529 indice

448 1568 604 1616 caret
637 1568 693 1615 et
734 1560 1085 1617 auctoritate.
1172 1561 1241 1616 Et
1279 1561 1519 1617 iudicem
1552 1561 1772 1632 quidem
1802 1576 1904 1632 per
1940 1576 2003 1616 se
2034 1564 2260 1630 specta-

444 1650 558 1701 tum
589 1646 658 1700 ad
686 1645 955 1701 librorum
983 1644 1287 1700 bonitatem
1316 1644 1455 1699 nibil
1489 1643 1700 1714 facere,
1728 1644 2048 1700 Florentina
2080 1641 2260 1697 editio

446 1735 504 1784 et
538 1726 842 1785 Vaticanus
879 1729 1026 1785 liber
1055 1734 1194 1789 4498
1236 1728 1605 1797 convincunt,
1659 1744 1890 1800 quorum
1930 1727 2026 1782 illa
2069 1725 2261 1780 indice

447 1829 647 1868 carens
675 1810 897 1868 meliori
928 1813 1192 1869 librorum
1222 1811 1455 1882 generi,
1497 1812 1589 1867 hic
1617 1811 1804 1868 indice
1837 1809 2124 1883 praeditus
2155 1808 2260 1862 de-

447 1893 647 1951 teriori
696 1895 1064 1965 assignandus
1115 1895 1234 1950 fuit.
1325 1894 1439 1951 Sed
1490 1895 1713 1952 facilius
1764 1897 1875 1952 hoc
1932 1896 2262 1963 argumento

442 1978 551 2036 tibi
610 1979 1013 2051 persuadebiS,
1076 1979 1389 2035 deteriores
1450 1978 1629 2036 libros
1699 1994 1891 2035 omnes
1950 1993 2022 2033 ex
2069 1971 2261 2046 aliquo

448 2063 705 2134 exemplo
736 2062 985 2119 melioris
1016 2063 1244 2133 generis
1275 2064 1382 2119 iam
1415 2064 1551 2119 satis
1576 2065 1903 2137 depravata,
1935 2060 2115 2133 qualis
2143 2058 2261 2114 Va-

446 2146 663 2201 ticanus
698 2150 837 2206 4498
867 2153 985 2216 est,
1025 2147 1170 2201 facta
1199 2147 1429 2220 insuper
1468 2147 1671 2202 indicis
1709 2146 1954 2214 iactura,
1998 2159 2124 2199 esse
2155 2140 2260 2196 de-

445 2230 677 2286 rivatos.

571 2313 702 2368 Rem
733 2319 792 2367 ut
830 2307 998 2385 paulo
1030 2312 1357 2384 diligentius
1394 2314 1665 2386 exemplis
1709 2312 2084 2378 illustremus,
2123 2307 2260 2363 libri

449 2396 831 2452 Berolinensis
859 2395 1187 2452 Harleianus
1218 2397 1521 2467 Parisinus,
1549 2398 1791 2468 itemque
1822 2394 1931 2450 nisi
1964 2391 2258 2450 fallorVa-

450 2480 666 2536 ticanus
700 2484 839 2539 4498
885 2486 940 2535 et
981 2480 1366 2552 Florentinus,
1405 2488 1688 2554 postremo
1720 2480 1934 2535 Veneta
1978 2475 2151 2533 editio
2188 2489 2259 2531 ac

449 2579 774 2636 pierumque
805 2556 1105 2637 Incertaoe)
1141 2565 1413 2621 vocabula
1432 2565 1711 2642 ⁸omittunt
1738 2564 1940 2619 scilicet
1977 2556 2034 2633 p.
2063 2564 2188 2628 257,
2222 2564 2266 2617 3

452 2653 509 2703 et
542 2652 664 2717 259,
704 2653 802 2712 15;
836 2648 912 2702 ita
943 2664 997 2718 p.
1029 2652 1153 2716 264,
1182 2654 1282 2713 2ος
1317 2663 1379 2703 eo
1410 2665 1466 2720 p.
1497 2654 1623 2718 265,
1649 2653 1749 2713 23;
1779 2659 1921 2719 quae
1948 2662 2003 2718 p.
2022 2648 2145 2711 268,
2160 2645 2261 2705 17:

452 2736 715 2802 corrupte
743 2732 1020 2801 praebent
1055 2749 1108 2803 p.
1136 2736 1260 2801 263,
1293 2738 1358 2791 15
1387 2746 1569 2803 nuper
1592 2730 1835 2803 factum,
1872 2734 1942 2788 26
1966 2730 2269 2799 praesente

449 2816 610 2884 scire,
643 2822 708 2873 31
738 2813 981 2870 habuero
994 2836 1014 2875 ,·
1058 2832 1112 2888 p.
1148 2819 1283 2885 264,
1323 2821 1391 2875 30
1434 2815 1674 2871 liberalis
1719 2815 2003 2885 antiquum,-
2041 2828 2097 2883 p.
2134 2814 2268 2880 265,

589 3043 679 3107 37)
716 3045 845 3095 Nam
888 3059 939 3109 p.
977 3044 1108 3105 271,
1146 3045 1215 3094 14
1244 3047 1490 3107 incipere,
1537 3046 1673 3110 quod
1708 3044 1847 3094 solus
1878 3041 2139 3091 Parisinus
2176 3052 2265 3087 co·-

453 3113 555 3162 dex
585 3112 736 3162 habet
771 3126 864 3178 pro
898 3114 952 3161 in
992 3127 1170 3175 opere,
1225 3112 1364 3163 felici
1400 3114 1714 3164 coniecturae
1755 3111 1930 3162 deberi
1965 3107 2270 3157 Harleianus

454 3188 626 3246 aperte
674 3181 1000 3233 demonstrat.
1074 3179 1285 3231 Obstare
1328 3182 1528 3232 videtur
1574 3182 1715 3233 locus
1759 3196 1810 3247 p.
1865 3177 1999 3238 270,
2060 3173 2127 3225 26
2174 3174 2266 3223 ubi

454 3249 594 3301 Leid.
634 3248 761 3299 Gud.
800 3249 1006 3299 edFlor.
1039 3266 1072 3299 a
1099 3250 1155 3302 0.
1180 3248 1366 3299 habent
1387 3264 1481 3317 pro
1517 3250 1581 3301 ab
1598 3267 1622 3309 ,-
1657 3250 1798 3314 atqui
1828 3248 1892 3297 de
1918 3243 2179 3296 Vaticanis
2215 3249 2267 3291 et

453 3316 784 3383 Neapolitano
820 3317 1046 3368 noudum
1085 3323 1296 3367 constat.

589 3418 680 3483 38)
717 3418 925 3470 Duobus
961 3419 1215 3471 codicibus
1253 3419 1299 3470 is
1335 3420 1422 3484 qui
1464 3423 1712 3471 Incertam
1755 3418 2029 3469 editionem
2064 3412 2267 3480 paravit

450 3502 578 3539 usus
615 3503 729 3538 esse
759 3489 977 3543 videtur.
