2553 3960
924 207 1341 256 PRAEFATIO.
1891 212 2023 259 LIII

314 367 378 422 In
408 368 517 422 hac
549 365 787 422 raritate
819 366 1153 438 scriptorum
1190 367 1572 439 exemplorum
1604 369 1753 441 typis
1787 387 2008 442 quoque
2040 379 2274 423 mutuom-0

195 452 600 523 impressorum
635 449 784 505 ratio
818 450 1071 506 habenda
1105 455 1224 520 est,
1266 467 1448 522 eoque
1481 452 1660 523 magis
1693 455 1838 523 quod
1868 455 2013 510 scri-
2039 433 2272 486 principe·

197 535 307 608 ptis
332 539 519 589 aetate
547 533 815 604 supparia
846 539 971 588 suut
1000 540 1057 589 et
1090 550 1164 589 ex
1189 534 1419 605 scriptis
1445 535 1738 591 codicibus
1771 537 2015 593 lideliter

200 617 459 690 repetita.
551 616 996 686 Diligentissima
1034 617 1206 687 igitur
1231 617 1672 689 investigatione
1710 636 1812 690 per
1839 620 2016 692 pluri·

197 717 314 757 mas
345 700 733 756 bibliothecas
779 699 923 756 facta
957 716 1066 770 ego
1099 706 1157 756 et
1185 701 1348 756 amici
1385 707 1502 757 tres
1538 701 1821 758 editiones
1859 703 2022 758 inve-

200 785 379 838 nimus
438 783 848 855 principum
906 783 1131 839 nomine
1192 784 1587 856 appellandas,
1649 786 1797 855 quod
1867 802 2023 841 suum

201 883 457 938 quaeque
515 865 782 937 scriptum
842 866 1043 922 librum
1092 867 1379 937 sequitur,
1439 868 1761 923 rarissimas
1809 883 2021 924 omnes.

200 950 555 1006 Nominamus
590 948 898 1019 Incertam,
929 951 1232 1018 Venetam,
1266 950 1662 1006 Florentinum.

324 1033 673 1088 Incertae
713 1033 1020 1103 editionis,
1079 1050 1221 1105 quae
1275 1034 1467 1088 urbem
1512 1051 1708 1090 annum
1750 1040 2019 1106 typogra-
2076 1045 2243 1091 Incert-

197 1118 365 1189 phum
400 1131 668 1186 nusquam
708 1115 932 1186 prodit,
976 1118 1230 1189 exempla
1269 1117 1428 1172 foliis
1467 1117 1567 1173 XV
1595 1124 1852 1176 constant
1883 1135 2020 1189 qua-

198 1199 469 1255 ternariis
500 1198 902 1254 versiculorum
927 1199 1123 1255 XXIV.
1214 1200 1428 1255 Titulus
1460 1201 1783 1257 maiusculis
1814 1201 2021 1259 litteris

196 1284 291 1339 hic
330 1288 446 1338 est:
494 1280 739 1337 Suetonii
767 1281 1080 1354 Tranquilli
1123 1284 1191 1338 de
1227 1278 1237 1359 Ι
1272 1287 1650 1355 yrammaticis
1701 1291 1754 1339 et
1795 1284 2017 1354 rhetori]

198 1367 301 1421 bus
328 1366 654 1421 clarissimis
683 1365 892 1421 libellus
917 1365 1194 1437 foeliciter
1223 1370 1428 1437 incipit.
1493 1375 1809 1440 postremus
1837 1370 2017 1425 versi-

200 1450 361 1505 culus
395 1449 522 1504 hic:
568 1448 701 1506 cibo,
763 1448 984 1504 FINIS
1022 1449 1263 1505 AME'N.
1331 1449 1699 1522 Gottingense
1732 1452 2019 1523 exemplar

203 1531 395 1589 Osann
430 1531 788 1603 comparavit,
822 1532 1248 1604 stuttgartinum
1292 1534 1672 1589 Francisci
1705 1535 1787 1588 Pr
1797 1535 1901 1589 eir
1911 1534 2019 1588 fer

202 1616 269 1671 V.
314 1615 376 1671 G.
433 1614 815 1670 benivolentia
861 1617 1242 1673 transmissum
1289 1632 1429 1688 ego;
1499 1623 1792 1688 praeterea
1838 1622 2022 1671 exstat

200 1699 459 1755 Venetiis
489 1698 546 1752 in
576 1697 717 1753 bibl.
745 1699 1039 1756 Marciana.
1120 1699 1386 1756 Prodisse
1418 1699 1802 1771 bibliographi
1837 1700 2021 1753 Vene-

201 1783 297 1839 tiis
327 1782 562 1837 circiter
587 1794 638 1835 a.
671 1787 807 1842 1472
844 1799 914 1839 ex
956 1783 1179 1840 officina
1207 1780 1424 1837 Nicolai
1465 1782 1666 1838 lenson
1705 1777 2022 1855 opinantur,

202 1866 413 1922 mavult
434 1864 858 1922 humanissimus
886 1867 1242 1939 Iosephus
1280 1865 1779 1922 valentinelli
1813 1866 2023 1924 Medio-

204 1952 490 2007 lanensem
525 1947 785 2005 arbitrari
799 1943 888 2024 ⁸¹).

332 2036 677 2090 Venetam
722 2034 1023 2091 editionem
1067 2050 1186 2089 cum
1220 2035 1475 2091 Modesto
1506 2036 1576 2090 de
1616 2051 1680 2090 re
1708 2034 1934 2090 militari
1967 2040 2024 2089 et
2071 2043 2238 2089 Veneta

204 2118 405 2174 libello
448 2117 518 2172 de
552 2116 967 2187 magistratibus
1003 2118 1353 2174 coniunctam
1391 2118 1793 2191 impresserunt
1833 2118 2018 2173 Barth.

205 2200 602 2257 Cremonensis
651 2214 716 2254 ac
757 2200 941 2256 Barth.
1002 2201 1071 2257 de
1117 2199 1285 2258 Carlo
1331 2201 1714 2257 vercellensis
1768 2200 2021 2257 consocii

200 2283 461 2340 venetiis
494 2300 542 2340 a.
576 2287 715 2343 1474
727 2278 820 2355 ⁸²),
845 2285 1136 2358 inscripsit
1167 2284 1643 2341 Reverendissimo
1672 2284 1888 2339 domino
1925 2284 2023 2339 do-

202 2448 325 2498 bibl.
360 2446 483 2497 bibl.
518 2445 543 2495 1
579 2461 631 2512 p.
663 2447 787 2498 524.
842 2472 911 2484 ·-
960 2447 1281 2497 Florentinus
1327 2449 1381 2497 in
1418 2447 1760 2498 Laurentiana
1789 2447 1918 2514 plut.
1954 2445 2025 2497 89

202 2516 318 2566 eod.
351 2514 388 2565 8
423 2514 667 2565 Caesares
699 2529 898 2579 quoque
932 2513 1155 2565 Suetonii
1190 2518 1430 2577 continet,
1467 2517 1558 2565 sed
1590 2516 1643 2565 in
1674 2513 2023 2566 Grammaticis

199 2601 254 2652 p.
285 2583 391 2635 265
408 2619 423 2643 ,
459 2585 484 2633 l
518 2591 636 2649 post
669 2583 772 2632 Hic
793 2586 936 2633 initio
970 2582 1156 2637 deficit.
1202 2611 1266 2622 —
1308 2584 1702 2650 Neapolitanus,
1746 2584 1864 2634 olim
1901 2584 2023 2633 Far·

200 2653 450 2703 nonianus
485 2652 612 2712 121,
655 2650 808 2701 hodie
839 2651 1134 2701 inscribitur
1166 2653 1298 2702 Bibl.
1335 2652 1464 2717 Reg.
1500 2653 1586 2701 lv.
1636 2667 1682 2703 c.
1717 2653 1803 2703 21.
1836 2675 1903 2687 --
1948 2650 2023 2700 De

200 2720 510 2780 nantensi,
542 2719 629 2783 qui
661 2720 778 2769 olim
809 2720 1015 2769 Ioannis
1044 2718 1288 2770 Grammii
1325 2719 1436 2780 fuit,
1470 2719 1562 2771 cfr.
1601 2720 1828 2768 Arntzen
1856 2716 2020 2783 praef.

202 2791 271 2840 ad
300 2791 429 2839 Aur.
467 2789 740 2840 Victorem.

341 2856 436 2920 31)
475 2857 724 2906 Venetam
762 2855 896 2905 enim
933 2857 1222 2922 exemplum
1263 2857 1426 2909 class.
1464 2856 1604 2920 X1v‚
1645 2857 1746 2909 176
1796 2870 1899 2907 uno
1932 2869 2024 2906 vo-

203 2927 396 2977 lumine
430 2925 727 2991 colligatum
758 2933 836 2975 est
871 2940 985 2974 eum
1022 2925 1386 2976 Mediolanensi
1416 2926 1586 2990 aliqua
1610 2927 1829 2976 editione
1866 2924 2023 2991 (Hain

203 3011 292 3049 no.
332 2992 500 3057 6964)
537 2994 682 3043 cuius
722 2992 1146 3060 typographicam
1184 3008 1387 3057 quoque
1419 2995 1641 3061 speciem
1678 2994 1853 3045 refert.
1928 2993 2024 3044 Ce-

200 3076 368 3116 terum
412 3063 657 3128 repetivit
697 3070 747 3111 et
789 3061 1078 3112 emendavit
1115 3065 1362 3113 Incertam
1411 3063 1678 3113 editionem
1727 3062 2022 3120 Beroaldus,

200 3143 259 3183 ut
293 3132 466 3182 ferunt
496 3130 759 3181 Bononiae
795 3146 844 3180 a.
888 3129 1050 3191 1504;
1101 3146 1264 3195 neque
1306 3130 1443 3181 enim
1492 3132 1612 3182 novi
1653 3131 1752 3181 nisi
1786 3130 2021 3195 Friburgi

200 3205 462 3251 inventam
488 3200 855 3266 repetitionem,
883 3213 1034 3262 quam
1065 3199 1130 3250 Μ.
1154 3199 1452 3250 Schurerius
1472 3200 1801 3266 Argentorati
1821 3213 1869 3249 a.
1891 3197 2026 3249 1510

201 3271 368 3319 emisit
395 3285 470 3319 ea.-
493 3270 830 3331 castigatione
860 3267 1087 3331 Philippi
1106 3269 1379 3323 Beroaldi,-
1409 3268 1503 3322 cfr.
1533 3267 1767 3318 Sabi-oter
1800 3268 1865 3316 ad
1890 3266 2020 3320 Aur.

205 3339 462 3389 Victorem
500 3338 567 3388 de
602 3336 730 3385 viris
764 3336 1044 3386 illustribus
1082 3353 1132 3403 p.
1163 3336 1284 3388 XII.
1325 3337 1562 3387 Beroaldi
1593 3338 1753 3402 igitur
1784 3333 2023 3385 emenda-

205 3409 368 3458 tiones
401 3424 434 3458 a
466 3405 675 3456 nemine
706 3413 1122 3455 commemoratas
1154 3420 1219 3455 ex
1254 3405 1351 3455 hac
1381 3406 1679 3471 repetitione
1712 3404 1948 3469 cognovi.

336 3476 433 3541 32)
468 3477 613 3526 Idem
646 3473 934 3537 exemplum
965 3474 1213 3524 Maittaire
1246 3474 1541 3539 descripsit,
1570 3472 1628 3525 P.
1651 3472 1895 3522 Pithoeus
1920 3468 2022 3516 nisi
