2553 3960
337 249 460 311 226
491 260 551 309 c.
583 260 884 308 somom
915 260 1172 320 TRANQ.
1205 261 1300 306 De
1333 260 1500 307 vrrA
1539 259 1913 308 CAESARUM
1937 261 2076 309 Lm.
2100 262 2251 310 v111.

337 417 534 477 tiliam.
601 416 785 478 Uxori
817 433 887 475 ac
924 415 1077 475 filiae
1107 423 1411 494 superstes
1442 415 1576 492 fuit,
1609 424 1783 493 atque
1815 424 2116 494 utramque
2148 416 2341 478 adhuc

337 502 595 581 privatus
627 500 831 561 amisit.
902 499 1041 559 Post
1070 499 1272 559 uxoris
1305 516 1613 558 excessum
1648 496 2009 576 Caenidem,
2045 499 2337 562 Antoniae

334 586 600 647 libertam
623 594 680 644 et
703 603 737 645 a
760 601 951 660 manu,
987 583 1257 644 dilectam
1283 582 1568 662 quondam
1596 582 1706 643 sibi
1729 585 2032 644 revocavit
2055 585 2111 643 in
2138 594 2335 645 contu-

334 670 627 745 bernium,
653 667 965 748 habuitque
989 669 1158 728 etiam
1181 667 1500 746 imperator
1524 684 1715 746 paene
1740 668 1927 727 iustae
1951 669 2151 728 uxoris
2175 668 2334 729 loco.

278 769 313 823 4
457 753 698 815 Claudio
738 752 1002 831 principe
1033 750 1295 813 Narcissi
1325 752 1512 829 gratia
1542 752 1773 829 legatus
1804 751 2060 829 legionis
2103 753 2159 812 in
2190 753 2375 813 Ger-5

336 839 580 900 maniam
609 838 817 897 missus
848 845 966 906 est;
1002 836 1134 896 inde
1166 837 1223 896 in
1244 836 1593 897 Britanniam
1616 835 1950 912 translatus,
1983 835 2182 896 tricies
2208 854 2335 896 cum

336 924 507 984 hoste
552 922 828 982 conflixit.
905 921 1064 982 Duas
1109 920 1493 982 validissimas
1532 928 1745 998 gentes
1789 936 2086 1000 superque
2133 920 2337 998 viginti

338 1006 555 1087 oppida
589 1014 647 1066 et
670 1005 911 1066 insulam
940 1007 1189 1067 Vectem
1223 1006 1548 1067 Britanniae
1579 1006 1902 1084 proximam
1945 1005 2004 1063 in
2049 1003 2337 1065 dicionem

339 1091 601 1169 redegit,
633 1091 840 1169 partim
872 1089 1006 1150 Auli
1040 1089 1224 1151 Plauti
1267 1088 1451 1167 legati
1491 1088 1815 1149 consularis
1862 1090 2065 1166 partim
2111 1086 2335 1149 Claudii

339 1177 521 1256 ipsius
556 1174 764 1250 ductu..
809 1174 1001 1250 Quare
1033 1173 1400 1253 triumphalia
1424 1181 1758 1234 ornamenta
1788 1180 1847 1232 et
1894 1172 1951 1231 in
1995 1171 2165 1232 brevi
2201 1191 2330 1252 spa·
2354 1189 2407 1230 ιο

338 1261 418 1321 tio
449 1257 669 1339 duplex
695 1257 1080 1318 sacerdotium
1109 1258 1363 1336 accepit,
1403 1265 1707 1335 praeterea
1743 1256 2132 1334 consulatum,
2167 1275 2337 1336 quem

339 1345 531 1422 gessit
571 1360 679 1421 per
726 1340 873 1402 duos
915 1343 1267 1402 novissimos
1309 1340 1439 1402 anni
1478 1358 1732 1401 menses.
1820 1341 2068 1403 Medium
2106 1349 2375 1422 tempus³

338 1427 410 1490 ad
441 1426 916 1508 proconsulatum
946 1427 1212 1506 usquein
1239 1425 1361 1486 otio
1389 1442 1750 1503 secessuque
1776 1426 1916 1503 egit,
1950 1425 2335 1505 Agrippinam

340 1514 548 1574 timens
589 1519 887 1590 potentem
932 1509 1121 1571 adhuc
1153 1509 1305 1590 apud
1335 1509 1511 1569 lilium
1543 1518 1601 1569 et
1631 1508 1886 1570 defuncti
1922 1527 2159 1589 quoque
2189 1509 2333 1570 Nar-

342 1598 478 1658 cissi
508 1596 676 1656 amici
704 1613 996 1674 perosam.
2098 1591 2105 1594 ’
2354 1607 2407 1649 1⁵

462 1679 630 1741 Exim
666 1680 905 1740 sortitus
935 1678 1227 1760 Africam,
1274 1679 1653 1757 integerrime
1688 1697 1800 1738 nec
1829 1679 1952 1740 sine
1999 1695 2206 1756 magna
2252 1677 2333 1737 di-

341 1766 616 1844 gnatione
644 1763 1079 1840 administravit,
1111 1764 1219 1822 nisi
1247 1763 1402 1842 quod
1424 1762 1759 1825 Hadrumeti
1781 1762 2066 1823 seditione
2092 1761 2333 1841 quadam

341 1868 483 1929 rapa
517 1851 575 1908 in
619 1867 747 1908 eum
792 1849 942 1908 iacta
987 1856 1134 1907 sunt.
1208 1846 1402 1909 Rediit
1439 1856 1601 1908 certe
1643 1846 1822 1908 nihilo
1865 1846 2230 1927 opulentior,
2274 1854 2334 1905 ut

344 1935 456 2016 qui,
487 1949 677 2014 prope
710 1931 1058 1994 labefactata
1089 1932 1200 1992 iam
1232 1930 1369 2009 lide,
1405 1933 1594 1993 omnia
1623 1930 1862 2011 praedia
1902 1932 2066 1993 fratri
2109 1929 2331 2008 obliga-

341 2021 415 2079 rit
445 2018 903 2095 necessarioque
939 2016 1010 2077 ad
1039 2018 1419 2094 mangonicos
1445 2025 1720 2096 quaestus
1749 2016 2118 2077 sustinendae
2146 2014 2328 2093 digni·
2349 2033 2405 2075 20

342 2104 475 2164 tatis
508 2119 681 2162 causa
718 2100 1116 2170 descenderit;
1151 2109 1399 2179 propter
1431 2100 1587 2180 quod
1615 2100 1792 2179 vulgo
1824 2101 2052 2163 mu'lio
2079 2098 2332 2161 vocaba·
2422 2117 2431 2125 ·

342 2196 451 2247 tur.
522 2184 837 2246 Convictus
867 2202 1105 2263 quoque
1135 2184 1345 2245 dicitur
1373 2185 1622 2246 ducenta
1658 2186 1927 2247 sestertia
1960 2185 2333 2264 expressisse

343 2270 552 2348 iuveni,
586 2269 677 2329 cui
717 2267 893 2329 latum
940 2268 1165 2329 clavum
1206 2267 1490 2329 adversus
1534 2270 1717 2348 patris
1758 2271 2111 2331 voluntatem
2152 2268 2332 2348 impe-

343 2361 542 2431 trarat,
574 2370 765 2431 eoque
795 2353 1024 2419 nomine
1056 2353 1320 2431 graviter
1349 2354 1687 2432 increpitus.

467 2436 948 2515 Peregrinatione
980 2436 1235 2499 Achaica
1266 2438 1420 2498 inter
1451 2438 1695 2498 comites
1725 2437 2006 2516 NeroniS‚
2042 2457 2166 2499 cum
2198 2456 2329 2497 can·
2349 2462 2405 2503 25

343 2531 501 2584 tante
533 2539 605 2582 eo
643 2530 737 2582 aut
764 2520 1097 2582 discederet
1124 2522 1362 2602 saepius
1398 2531 1492 2584 aut
1522 2540 1807 2601 praesens
1851 2521 2335 2600 obdormisceret,

344 2606 744 2686 gravissimam
770 2606 1055 2667 contraxit
1084 2606 1386 2683 offensam,
1419 2605 1860 2685 prohibitusque
1884 2625 2000 2667 non
2025 2605 2333 2667 contuber-

346 2693 442 2752 nio
472 2691 646 2752 modo
677 2690 783 2751 sed
814 2690 984 2750 etiam
1013 2689 1244 2769 publica
1275 2689 1656 2767 salutatione,
1703 2693 1954 2752 secessit
1993 2693 2051 2751 in
2097 2707 2334 2770 parvam

348 2794 416 2837 ac
448 2776 671 2836 deviam
705 2775 1010 2852 civitatem,
1048 2774 1239 2854 quoad
1280 2774 1478 2834 latenti
1520 2777 1807 2854 etiamque
1851 2785 2111 2836 extrema
2151 2782 2332 2834 metu-

348 2860 463 2920 enti
491 2858 794 2939 provincia
825 2876 952 2918 cum
988 2858 1250 2919 exercitu
1280 2857 1475 2919 oblata
1507 2867 1615 2919 est.
2349 2880 2407 2923 ao

473 2942 897 3006 Percrebuerat
926 2940 1163 3004 Oriente
1197 2951 1322 3004 toto
1357 2951 1523 3003 vetus
1552 2951 1610 3003 et
1641 2951 1916 3004 constans
1944 2945 2166 3024 opinio,
2197 2960 2334 3003 esse

347 3031 404 3087 in
436 3028 567 3090 fatis
597 3035 658 3088 ut
688 3045 762 3088 eo
792 3035 1056 3106 tempore
1088 3026 1302 3087 Iudaea
1332 3026 1586 3105 profecti
1624 3044 1817 3087 rerum
1864 3029 2209 3106 potirentur.
2268 3025 2335 3087 Id

349 3111 420 3171 de
449 3114 804 3191 imperatore
835 3110 1119 3188 Romano,
1151 3118 1422 3190 quantum
1454 3120 1658 3190 postea
1683 3120 1898 3172 eventu
1921 3114 2131 3191 paruit,
2165 3130 2334 3191 prae·

351 3195 559 3255 dictum
585 3195 783 3256 Iudaei
817 3193 888 3257 ad
922 3213 988 3254 se
1019 3194 1315 3256 trahentes
1344 3194 1720 3274 rebellarunt,
1753 3213 2051 3275 caesoque
2082 3213 2333 3275 praepo-

351 3278 463 3338 sito
496 3279 750 3356 legatum
781 3280 1020 3358 insuper
1051 3274 1264 3355 S‘yriae'
1287 3279 1650 3341 consularem
1681 3281 1983 3359 suppetias
2027 3281 2409 3357 ferentem‚as

350 3370 514 3438 rapta
551 3362 773 3439 aquila,
813 3364 1183 3440 fugaverunt.
1253 3363 1348 3425 Ad
1396 3363 1548 3424 hunc
1591 3371 1805 3424 motum
1846 3362 2336 3444 comprimendum

354 3460 479 3501 cum
512 3445 772 3505 exercitu
801 3447 1082 3526 ampliore
1112 3457 1171 3509 et
1198 3467 1315 3510 non
1348 3449 1644 3509 instrenuo
1674 3447 1846 3527 duce,
1879 3450 1973 3510 cui
2000 3456 2189 3509 tamen
2209 3457 2334 3508 tuto

349 3531 504 3584 tanta
533 3543 631 3584 res
664 3531 1144 3611 committeretur,
1177 3550 1327 3612 opus
1363 3541 1552 3610 esset,
1597 3534 1729 3611 ipse
1773 3534 2132 3612 potissimum
2175 3531 2334 3593 dele-
