2553 3960
953 240 1369 289 PRAEFATIO.
1395 231 1401 236 ’
1807 259 1810 262 -
1907 243 2050 292 xcv

227 403 298 457 28
325 397 498 453 libello
525 410 629 452 suo
663 412 777 453 non
808 396 1080 464 intelligo.
1124 397 1379 454 Ceterum
1412 402 1603 456 aedem
1637 441 1653 456 .
1686 441 1702 457 .
1735 401 2044 459 inchoatam

229 497 399 554 supra
425 496 649 553 quoque
682 497 738 552 p.
764 485 855 551 65,
890 488 958 538 10
987 481 1270 539 habemus.

342 562 1226 621 Libellanil'l'erentiarum
1255 566 2042 640 Sermonum‚quiexSue-

230 647 371 703 tonii
387 646 700 718 Tranquilli
712 646 878 703 Prato
896 655 1191 719 excerptus
1208 665 1335 704 esse
1352 650 1576 721 dicitur,
1591 654 1658 707 ab
1675 654 1779 708 hac
1794 652 2041 711 editione

231 730 537 787 excludere
570 730 745 800 nolui,
777 747 1101 802 quamquam
1122 739 1321 803 sponte
1359 734 1630 791 confiteor
1664 736 1828 791 talem
1861 737 2039 807 qualis

231 820 319 870 est
348 831 379 869 a
409 814 682 870 Suetonio
719 829 900 885 neque
935 814 1111 870 scribi
1146 831 1327 886 neque
1360 834 1390 872 a
1428 818 1674 874 Remmio
1705 818 2038 876 Palaemone

231 897 449 953 desumi
483 897 754 969 potuisse.
829 897 942 953 Sed
975 913 1096 953 cum
1127 900 1300 954 semel
1335 905 1537 957 tantum
1571 902 1763 957 formis
1799 903 2038 976 impres-

228 997 324 1036 sus
373 981 450 1036 sit
494 980 727 1051 eiusque
774 980 1039 1036 editionis
1092 982 1346 1053 exempla
1398 990 1455 1039 et
1497 985 1780 1042 rarissima
1821 987 1933 1043 sint
1982 993 2040 1044 et

228 1062 686 1135 corruptissima,
727 1064 882 1125 nolui
924 1064 1125 1120 lectori
1154 1067 1348 1122 harum
1377 1083 1562 1122 rerum
1592 1069 1846 1126 studioso
1878 1070 2037 1142 quasi

227 1146 583 1204 abscondere
632 1146 878 1203 libellum
923 1164 1101 1219 nuper
1145 1148 1446 1220 aliquoties
1490 1151 1546 1206 in
1576 1152 2036 1224 disceptationem

226 1225 487 1287 vocatum
517 1235 574 1285 et
613 1231 809 1286 saltem
843 1231 1001 1287 titulo
1035 1231 1104 1286 de
1138 1234 1376 1289 meliore
1407 1240 1535 1290 nota
1581 1238 2032 1307 commendatum,

223 1313 472 1385 denique
510 1330 540 1369 a
568 1314 751 1384 nobis,
785 1314 894 1370 nisi
927 1314 1136 1371 animus
1166 1316 1343 1386 fallit,
1377 1317 1660 1388 aliquanto
1692 1322 2035 1378 emendatio-

223 1414 344 1453 rem
385 1397 607 1453 iactum.

355 1481 554 1536 Exstat
584 1480 810 1537 libellus
842 1487 1098 1551 quantum
1123 1482 1422 1553 explorare
1447 1483 1622 1554 potui,
1656 1502 1764 1541 non
1796 1486 2032 1558 amplius

225 1565 400 1620 semel
432 1580 594 1619 manu
625 1563 902 1636 scriptus,
932 1565 987 1618 in
1017 1565 1214 1621 codice
1236 1565 1412 1621 Sacc.
1446 1566 1542 1635 IX,
1579 1568 1673 1638 qui
1711 1567 1842 1623 olim
1871 1569 2035 1623 Ioan-

225 1649 312 1703 nis
342 1647 587 1703 Bouhier
614 1647 853 1703 Divione
882 1646 1017 1718 ruit,
1052 1663 1196 1703 nunc
1229 1648 1751 1720 Montepessulanus
1785 1656 1900 1720 est,
1932 1667 2035 1705 nu-

226 1747 380 1786 mero
418 1736 524 1791 306
564 1731 877 1786 distinctus.
965 1731 1025 1785 In
1073 1747 1142 1787 eo
1189 1721 1423 1801 codice,
1471 1738 1529 1786 ut
1573 1732 1890 1803 singulatim
1933 1750 2034 1789 ex-

225 1815 453 1885 ponitur
484 1815 540 1869 in
583 1814 889 1884 Catalogue
920 1816 1153 1884 general
1191 1816 1291 1871 des
1322 1815 1652 1871 manuscrits
1699 1817 1799 1872 des
1829 1818 2031 1889 depar-

225 1903 464 1953 tements
497 1905 525 1956 1
558 1915 608 1968 p.
642 1903 766 1968 409,
799 1896 1171 1967 Synonymica
1205 1899 1474 1970 opuscula
1505 1900 1786 1970 complura
1825 1901 2031 1970 insunt,

223 1998 335 2037 non
372 1988 579 2038 tantum
602 1982 871 2052 Agroecii
904 1989 961 2038 et
981 1982 1184 2038 Isidori
1218 1982 1481 2053 genuina,
1513 1985 1614 2040 sed
1638 1984 1802 2041 Probi
1817 1985 2031 2041 Valerii

226 2080 451 2136 quoque
483 2065 776 2135 etVirgilii
800 2063 1160 2122 etCiceronis
1187 2067 1280 2122 vel
1311 2067 1609 2123 subditicia
1627 2068 1717 2122 vel
1741 2074 2026 2140 suspecta,

223 2155 522 2220 praeterea
559 2148 806 2203 eiusdem
828 2148 1195 2218 generis'alia
1220 2148 1342 2204 sine
1374 2157 1658 2206 auctorum
1692 2151 2026 2208 nominibus.

222 2232 308 2287 Ex
350 2246 420 2287 eo
467 2231 664 2287 codice
718 2248 838 2287 cum
879 2230 987 2288 alia
1030 2237 1140 2287 tum
1183 2235 1326 2288 hanc
1369 2233 1695 2305 particulam
1727 2235 2030 2307 descripsit

221 2315 513 2387 Philippus
541 2313 814 2370 d'Orville
846 2315 1132 2386 ediditque
1175 2333 1222 2372 a.
1260 2322 1394 2377 1749
1436 2317 1489 2372 in
1520 2317 1893 2374 Miscellaneis
1925 2319 2029 2374 ob-

221 2398 641 2455 servationibus
665 2399 827 2455 novis
855 2405 890 2458 9
937 2416 991 2470 p.
1026 2404 1127 2458 977
1158 2416 1281 2470 sqq.
1366 2400 1626 2456 Eiusdem
1657 2400 2027 2475 antiquissimi

223 2481 443 2537 codicis
474 2482 692 2554 copiam
737 2499 769 2539 a
797 2481 1085 2538 Friderico
1116 2483 1343 2539 Diibner
1382 2485 1582 2540 factam
1614 2485 1871 2555 donoque
1916 2483 2027 2541 sibi

222 2566 407 2621 datam
470 2565 905 2643 Fridericus
945 2565 1235 2622 Bitschl
1279 2567 1410 2622 mihi
1460 2568 1715 2623 utendam
1753 2568 2030 2639 permisit,

223 2648 387 2704 cuius
421 2647 679 2705 beneficii
714 2649 979 2705 maximas
1012 2650 1248 2720 egregio
1275 2642 1398 2706 viro
1432 2649 1643 2720 gratias
1675 2666 1803 2720 ago.
1875 2650 2030 2706 Titu-

222 2727 402 2805 lusoe)
451 2738 562 2787 est:
608 2731 1041 2787 INCIPIVNT
1088 2732 1586 2790 differentiae
1632 2749 2028 2789 sermonum

222 2816 413 2870 Remi
457 2814 863 2873 Palemonis
910 2833 994 2871 ex
1032 2815 1228 2872 libro
1263 2815 1634 2887 Suetonii,
1688 2817 2029 2890 subscriptio

361 3010 455 3073 93)
496 3011 601 3076 Ipsi
634 3010 778 3060 titulo
811 3011 958 3074 quasi
997 3011 1199 3077 prologi
1230 3012 1392 3061 instar
1417 3011 1543 3061 haec
1570 3014 1850 3078 praemissa
1880 3004 2024 3063 sunt-¹

220 3084 240 3113 θ
253 3077 495 3129 Palemon
540 3078 797 3128 vicetinus
847 3079 1067 3145 insignis
1120 3080 1477 3144 grammaticus
1529 3081 1719 3131 Romae
1777 3079 2023 3141 habeturg

220 3147 311 3211 qui
343 3148 599 3211 quondam
636 3147 977 3213 interrogatus
1015 3147 1135 3210 quid
1169 3149 1299 3198 inter
1339 3148 1522 3199 stillam
1561 3157 1609 3198 et
1631 3157 1822 3215 guttam
1867 3149 2022 3199 inter-

219 3224 373 3275 esset,
406 3214 554 3265 Gutta
586 3215 748 3278 inquit
783 3224 898 3274 stat,
935 3215 1068 3265 stilla
1100 3216 1261 3266 cadit’
1296 3231 1424 3281 quae
1459 3217 1613 3268 verba
1639 3232 1704 3266 ex
1737 3215 2025 3282 Hieronymi

218 3284 456 3333 chronico
504 3283 755 3349 descripta
795 3298 949 3348 supra
993 3283 1164 3335 adnot.
1205 3283 1274 3335 60
1319 3286 1835 3336 commemoravimus.
1921 3284 2024 3337 Sed

217 3366 389 3402 errore
429 3351 618 3401 factum
650 3359 726 3401 est
753 3359 808 3401 ut
837 3352 1112 3402 Dor-villius
1138 3367 1353 3416 eumque
1390 3360 1594 3403 secutus
1626 3353 1854 3404 Handius
1888 3352 2022 3403 hune

215 3420 490 3488 prologum
515 3420 685 3471 libello
719 3419 949 3486 proxime
978 3422 1292 3486 praescripto
1318 3428 1572 3484 tamquam
1603 3422 1861 3487 epilogum
1899 3421 2018 3470 sub·

215 3490 503 3555 iungerent.
