2553 3960
1217 284 1427 332 Nmm.
2224 271 2341 331 197

347 440 644 518 libellique
679 457 806 499 cum
853 438 1191 517 quibusdam
1230 438 1544 498 notissimis
1582 437 1882 514 versibus,
1928 439 2110 516 ipsius
2154 437 2341 498 chiro·

347 523 573 602 grapho
605 523 867 602 scriptiS,
911 532 971 582 ut
1002 522 1176 582 facile
1211 530 1528 602 appareret
1556 539 1672 581 non
1694 521 1939 583 tralatos
1967 531 2063 582 aut
2092 521 2342 593 dictante

348 607 884 685 aliquo-exceptos,
923 606 1223 686 sed2plane
1250 607 1415 685 quasi
1441 624 1473 667 a
1500 606 1794 683 cogitante
1819 615 1993 684 atque
2019 614 2341 683 generante

351 700 649 758 exaratos3
675 691 754 750 ita
770 688 945 750 multa
963 699 1027 750 -et
1047 689 1239 750 deleta
1262 700 1321 750 et
1342 689 1572 750 inducta
1597 699 1657 748 et
1675 691 2075 768 superscripta
2098 689 2338 749 inerant.

305 791 329 828 5
348 774 555 835 Habuit
579 782 637 832 et
662 772 937 853 pingendi
968 773 1338 850 fingendique
1369 791 1484 833 non
1513 772 1808 833 mediocre
1833 771 2094 832 studium.
2356 779 2426 832 53

472 857 721 918 Maxime
751 864 942 917 autem
964 856 1354 935 popularitate
1384 856 1758 933 efferebatur,
1783 857 2032 916 omnium
2058 857 2338 934 aemulus,

351 945 443 1021 qui
467 958 705 1020 quoquo
729 939 913 1000 modo
936 941 1179 1000 animum
1200 939 1361 1017 vulgi
1387 948 1708 1000 moverent.
1776 939 1934 1000 Exiit
1959 942 2180 1018 opinio,
2208 951 2341 1020 post

348 1028 650 1086 scaenicas
673 1042 925 1086 coronas
950 1025 1214 1102 proximo
1238 1022 1421 1084 lustro
1447 1023 1860 1085 descensurum
1885 1042 2012 1084 eum
2049 1026 2123 1085 ad
2147 1023 2338 1099 Olym-

347 1111 443 1189 pia
465 1110 616 1170 inter
638 1109 913 1177 athletas;
951 1126 1081 1168 nam
1105 1117 1163 1167 et
1185 1107 1510 1168 luctabatur
1537 1108 1790 1185 assidue,
1822 1126 1937 1168 nec
1959 1108 2128 1169 aliter
2154 1118 2337 1169 certa·

279 1212 325 1253 20
347 1195 496 1254 mina
531 1195 801 1271 gymnica
838 1200 960 1252 tota
1007 1191 1250 1252 Graecia
1305 1201 1676 1270 spectaverat
1717 1211 1884 1272 quam
1933 1192 2338 1253 brabeutarum

346 1296 507 1340 more
540 1280 595 1336 in
616 1278 800 1338 stadio
825 1276 975 1337 humi
1004 1275 1265 1336 assidens
1291 1294 1380 1354 ac,
1408 1278 1455 1335 si
1480 1294 1591 1355 qua
1613 1277 1773 1354 paria
1798 1276 2029 1354 longius
2050 1279 2337 1337 recessis-

347 1370 493 1438 sent,
521 1362 576 1419 in
599 1361 841 1420 medium
866 1359 1126 1420 manibus
1151 1362 1269 1420 suis
1300 1360 1665 1438 protrahens,
1711 1360 2123 1420 Destinaverat
2146 1363 2337 1438 etiam,

347 1447 480 1524 quia
502 1442 834 1522 Apollinem
857 1452 1048 1520 cantu,
1074 1443 1271 1503 Solem
1296 1444 1615 1521 aurigando
1642 1447 2026 1523 aequiperare
2051 1445 2339 1506 existima·

344 1538 524 1604 retur,
549 1528 753 1587 imitari
778 1537 836 1588 et
856 1526 1125 1599 Herculis
1147 1528 1329 1595 facta:
1364 1536 1888 1607 praeparatumque
1914 1527 2143 1587 leonem
2168 1532 2337 1605 aiunt,

279 1630 326 1671 ιε
348 1629 518 1692 quem
541 1611 636 1670 vel
662 1611 828 1672 clava
852 1610 947 1670 vel
973 1610 1340 1671 brachiorum
1364 1610 1609 1670 nexibus
1643 1612 1699 1669 in
1736 1610 2139 1691 amphitheatri
2166 1630 2338 1672 arena

348 1703 651 1774 spectante
686 1695 908 1775 populo
930 1694 1111 1754 nudus
1136 1694 1399 1754 elideret.
1472 1693 1590 1753 Sub
1616 1697 1772 1754 exitu
1808 1693 2036 1774 quidem
2064 1694 2216 1755 vitae
2243 1713 2339 1775 pa·
2355 1705 2422 1756 54

348 1780 461 1839 lam
492 1788 755 1855 voverat,
780 1779 828 1838 si
846 1776 953 1836 sibi
974 1777 1280 1838 incolumis
1303 1786 1484 1849 status
1515 1780 1948 1858 permansisset,
1987 1778 2339 1857 proditurum

348 1880 412 1922 se
438 1871 638 1940 partae
662 1863 943 1921 victoriae
966 1860 1115 1921 ludis
1139 1865 1308 1923 etiam
1331 1861 1667 1938 hydraulam
1689 1870 1747 1922 et
1772 1862 2106 1922 choraulam
2128 1872 2185 1922 et
2203 1864 2337 1922 utri-

347 1945 658 2024 cularium,
691 1964 761 2007 ac
781 1947 1097 2007 novissimo
1137 1945 1230 2008 die
1267 1945 1606 2007 histrionem
1641 1946 2090 2026 saltaturumque
2126 1947 2338 2025 virgili

276 2047 326 2088 20
351 2030 620 2091 Turnum.
685 2029 760 2090 Et
782 2038 913 2089 sunt
938 2032 1031 2107 qui
1055 2032 1299 2108 tradant,
1320 2030 1584 2092 Paridem
1613 2030 1949 2091 histrionem
1975 2033 2231 2092 occisum
2264 2030 2338 2092 ab

347 2131 419 2175 eo
446 2116 606 2192 quasi
629 2131 869 2192 gravem
895 2112 1305 2175 adversarium.
1347 2115 1489 2176 Erat
1511 2115 1596 2175 illi
1613 2115 1967 2175 aeternitatis
1994 2124 2339 2194 perpetuae·
2352 2119 2420 2169 55

345 2215 459 2277 que
499 2198 685 2259 famae
729 2198 961 2277 cupido,
998 2197 1103 2257 sed
1140 2200 1483 2261 inconsulta.
1550 2198 1812 2279 Ideoque
1845 2199 2035 2259 multis
2071 2198 2246 2259 rebus
2269 2216 2340 2260 ac

343 2282 511 2359 locis,
537 2292 739 2343 vetere
766 2281 1163 2361 appellatione
1191 2281 1485 2359 detracta,
1525 2300 1735 2343 novam
1768 2284 1973 2344 indixit
2008 2302 2082 2344 ex
2107 2300 2211 2343 suo
2237 2300 2337 2343 no·

345 2366 527 2441 mine,
549 2383 806 2425 mensem
844 2382 1075 2444 quoque
1111 2365 1376 2445 Aprilem
1407 2366 1740 2427 Neroneum
1776 2368 2124 2447 appellavit;
2165 2366 2338 2426 desti-

278 2457 328 2497 25
347 2457 583 2509 naverat
608 2458 665 2507 et
685 2450 926 2509 Romam
946 2448 1291 2528 Neropolim
1312 2469 1664 2529 nuncupare.

469 2530 838 2609 Religionum
854 2550 1038 2610 usque
1056 2550 1286 2612 quaque
1314 2543 1703 2614 contemptor,
1727 2543 1964 2614 praeter
1987 2535 2151 2594 unius
2172 2533 2333 2593 Deae
2353 2529 2421 2582 56

263 2609 267 2615 ’
347 2615 570 2689 Syriae.
614 2613 778 2675 Hanc
800 2633 936 2676 mox
958 2617 1036 2676 ita
1051 2618 1349 2695 sprevitut
1363 2620 1524 2678 urina
1542 2619 1984 2694 contaminaret,
2011 2619 2122 2680 alia
2136 2636 2335 2697 super-

347 2700 579 2758 stitione
606 2708 840 2777 captus,
874 2700 932 2757 in
956 2717 1066 2778 qua
1108 2700 1234 2761 sola
1268 2703 1731 2781 pertinacissime
1769 2702 1973 2762 haesit.
2042 2702 2336 2781 Siquidem

347 2781 666 2842 icunculam
701 2782 1041 2861 puellarem,
1082 2802 1208 2843 cum
1234 2788 1398 2865 quasi
1433 2786 1746 2846 remedium
1780 2785 2110 2846 insidiarum
2147 2805 2179 2846 a
2211 2785 2335 2865 ple-

277 2877 328 2918 30
350 2865 483 2925 beio
514 2865 758 2943 quodam
779 2875 837 2926 et
871 2867 1077 2943 ignoto
1112 2872 1332 2930 muneri
1367 2872 1726 2949 accepisset,
1762 2869 1992 2931 detecta
2030 2870 2336 2931 confestim

346 2951 757 3026 coniuratione,
780 2968 891 3029 pro
917 2968 1138 3013 summo
1161 2953 1388 3015 numine
1410 2956 1690 3033 trinisque
1712 2958 1769 3014 in
1794 2953 1887 3013 die
1911 2955 2212 3014 sacrificiis
2239 2970 2334 3013 co-

343 3032 468 3094 lere
507 3036 946 3113 perseveravit,
990 3035 1344 3116 volebatque
1395 3037 1554 3098 credi
1602 3039 1918 3098 monitione
1967 3039 2090 3097 eius
2148 3038 2337 3098 futura

344 3134 755 3197 praenoscere.
805 3118 962 3179 Ante
997 3138 1219 3199 paucos
1261 3139 1430 3200 quam
1472 3123 1691 3201 periret
1727 3139 1960 3181 menses
1999 3121 2238 3182 attendit
2278 3128 2338 3180 et

344 3203 675 3280 extispicio,
701 3219 812 3262 nec
833 3220 1100 3281 umquam
1125 3204 1328 3265 litavit.

278 3300 327 3341 35
473 3284 628 3344 Obiit
649 3286 980 3348 tricensimo
1007 3297 1065 3348 et
1088 3288 1345 3348 secundo
1377 3289 1579 3348 aetatis
1598 3305 1768 3367 anno,
1791 3288 1884 3349 die
1906 3306 2021 3367 quo
2049 3288 2334 3368 quondam
2351 3286 2417 3341 57

346 3366 641 3428 Octaviam
669 3370 1073 3449 interemerat,
1106 3380 1439 3451 tantumque
1472 3371 1740 3450 gaudium
1780 3372 2013 3453 publice
2051 3370 2334 3450 praebuit,

344 3459 404 3509 ut
428 3452 596 3529 plebs
634 3451 868 3529 pilleata
896 3464 1018 3516 tota
1054 3454 1199 3515 urbe
1236 3455 1608 3516 discurreret.
1667 3455 1743 3516 Et
1775 3466 1965 3516 tamen
1997 3471 2113 3513 non
2137 3452 2332 3512 defue-

345 3542 473 3591 runt
496 3536 589 3613 qui
612 3552 718 3613 per
747 3536 982 3615 longum
1007 3548 1234 3619 tempus
1263 3540 1460 3599 vernis
1496 3541 1850 3620 aestivisque
1886 3536 2126 3598 floribus
2155 3545 2331 3594 tumu-
