2553 3960
840 215 845 220 ”
946 247 1155 296 mths
1204 245 1570 295 CLAUDIUS.
1591 203 1596 204 ⁷
2138 241 2256 304 151

248 423 323 467 ac
356 403 617 464 damnum
659 400 1010 463 liberalitate
1053 421 1155 463 sua
1199 411 1551 463 resarturum
1594 404 1932 484 pollicente.
2023 408 2132 482 Qui
2175 418 2260 469 ta-

248 507 382 550 men
416 488 671 546 moriens
701 495 758 545 et
786 486 843 544 in
875 488 1060 547 tertiis
1089 485 1405 546 heredibus
1438 505 1570 547 eum
1598 506 1674 549 ex
1709 497 1875 568 parte
1914 493 2082 552 tertia
2113 510 2255 552 nun·

253 580 553 652 cupatum,
599 570 797 648 legato
830 573 1000 631 etiam
1036 572 1193 630 circa
1223 572 1474 630 sestertii
1505 573 1689 632 vicies
1724 584 2072 652 prosecutus
2105 593 2258 636 com·

248 656 539 717 mendavit
580 656 818 732 insuper
863 654 1218 714 exercitibus
1261 672 1335 714 ac
1374 657 1597 716 senatui
1640 657 1976 737 populoque
2004 659 2075 719 R.
2108 660 2259 719 inter

205 768 232 808 5
253 749 483 802 ceteras
514 737 974 798 necessitudines
1003 740 1351 798 nominatim.

377 823 495 884 Sub
540 821 681 884 Gaio
705 820 929 881 demum
971 822 1169 882 fratris
1213 822 1366 899 filio,
1431 823 1741 884 secundam
1781 825 2260 885 existimationem
2288 832 2324 889 7

251 910 406 970 circa
452 908 610 967 initia
657 907 884 983 imperii
927 904 1192 966 omnibus
1242 906 1549 967 lenociniis
1592 906 1943 985 colligente,
2002 908 2258 969 honores

248 993 583 1070 auspicatus
619 990 974 1050 consulatum
999 991 1185 1066 gessit
1224 1007 1335 1049 una
1379 1008 1486 1069 per
1528 990 1674 1051 duos
1711 1009 1977 1069 menses,
2040 996 2257 1052 evenit·

251 1094 362 1156 que
391 1084 452 1134 ut
481 1074 740 1153 primitus
774 1073 1119 1151 ingredienti
1153 1091 1282 1133 cum
1309 1073 1569 1134 fascibus
1597 1075 1784 1134 forum
1816 1076 2258 1156 praetervolans

178 1186 232 1229 ιο
249 1159 441 1240 aquila
478 1158 812 1218 dexteriore
852 1174 1052 1217 umero
1099 1156 1452 1217 consideret.
1541 1159 1789 1219 Sortitus
1832 1169 1923 1220 est
1963 1168 2021 1219 et
2065 1159 2136 1220 de
2177 1160 2256 1220 al-

128 1244 137 1250 ’
246 1255 376 1306 tero
443 1241 744 1303 consulatu
799 1242 857 1302 in
914 1250 1174 1321 quartum
1220 1259 1454 1312 annum;
1513 1242 1923 1322 praeseditque
1982 1261 2255 1303 nonnum-

249 1344 418 1407 quam
453 1326 810 1405 spectaculis
838 1328 895 1385 in
922 1325 1024 1386 Gai
1056 1328 1281 1401 vicem,
1330 1325 1686 1386 adclamante
1729 1327 1980 1406 populo:
2034 1326 2259 1389 Felici-

248 1420 342 1473 τοι·
398 1411 603 1489 partim
647 1415 879 1488 patruo
934 1408 1336 1487 imperatoris
1380 1411 1586 1488 partim
1628 1410 1984 1472 Germanici
2027 1409 2258 1489 fratri!

245 1495 377 1557 Nec
412 1511 484 1554 eo
515 1494 699 1553 minus
730 1493 1092 1554 contumeliis
1134 1492 1421 1553 obnoxius
1452 1495 1613 1553 vixit.
1699 1494 1848 1554 Nam
1886 1504 1945 1553 et
1987 1497 2035 1554 si
2084 1495 2255 1573 paulo
2289 1496 2325 1550 8

177 1581 436 1646 usserius
490 1577 562 1639 ad
612 1577 969 1656 praedictam
1026 1595 1241 1638 caenae
1312 1576 1513 1638 horam
1577 1581 1959 1655 occurrisset,
2026 1579 2258 1637 nonnisi

248 1681 431 1739 aegre
464 1670 523 1720 et
569 1661 811 1720 circuito
844 1660 1067 1720 demum
1110 1661 1363 1721 triclinio
1407 1660 1827 1739 recipiebatur,
1892 1670 1950 1721 et
1993 1663 2259 1741 quotiens

247 1754 388 1827 post
420 1743 606 1803 cibum
638 1742 1118 1821 addormisceret,
1180 1744 1337 1822 quod
1364 1745 1417 1804 ei
1447 1746 1575 1805 fere
1616 1745 1952 1821 accidebat,
2003 1745 2261 1806 olearum
2299 1784 2303 1788 <

249 1838 347 1889 aut
401 1825 777 1905 palmularum
832 1826 1059 1887 ossibus
1113 1829 1544 1908 incessebatur,
1588 1829 1871 1890 interdum
1921 1829 2107 1890 ferula
2159 1829 2259 1890 fla-

245 1929 440 1991 grove
485 1910 646 1970 velut
690 1928 796 1989 per
839 1910 1030 1970 ludum
1073 1913 1434 1973 excitabatur
1465 1931 1499 1973 a
1533 1914 1787 1993 copreis.
1878 1911 2158 1973 Solebant
2202 1920 2262 1972 et

172 1995 511 2060 zomanibus
563 1997 858 2055 stertentis
910 1996 1072 2056 socci
1127 1997 1350 2075 induci,
1414 2006 1474 2057 ut
1512 2008 1756 2077 repente
1805 1998 2260 2078 expergefactus

243 2081 457 2142 faciem
488 2078 719 2140 sibimet
751 2080 1116 2140 confricaret.

372 2163 491 2224 Sed
545 2182 619 2224 ne
672 2164 1092 2225 discriminibus
1144 2164 1375 2243 quidem
1431 2167 1628 2225 caruit.
1716 2165 1964 2226 Primum
2019 2167 2075 2225 in
2125 2166 2257 2244 ipso
2288 2174 2324 2229 9

246 2248 579 2325 consulatu,
614 2248 779 2328 quod
808 2248 1059 2309 Neronis
1091 2256 1149 2306 et
1175 2247 1381 2326 Drusi,
1427 2249 1662 2309 fratrum
1695 2248 1998 2326 Caesaris,
2044 2259 2259 2310 statuas

246 2334 485 2410 segnius
514 2332 792 2393 locandas
823 2332 1241 2413 ponendasque
1278 2342 1567 2411 curasset,
1629 2351 1815 2411 paene
1858 2334 2079 2394 honore
2112 2352 2258 2393 sum·

172 2424 440 2481 amotus
483 2424 601 2485 est;
667 2415 871 2478 deinde
917 2425 1196 2477 extraneo
1240 2414 1337 2476 vel
1373 2419 1541 2477 etiam
1583 2416 2026 2477 domesticorum
2062 2417 2258 2495 aliquo

245 2499 551 2560 deferente
598 2500 825 2561 assidue
869 2502 1143 2578 varieque
1190 2501 1555 2579 inquietatus.
1646 2498 1786 2561 Cum
1832 2517 1974 2560 vero
2029 2498 2260 2560 detecta

136 2602 142 2605 ·
246 2591 407 2643 esset
445 2582 647 2662 Lepidi
697 2593 753 2644 et
806 2584 1087 2646 Gaetulici
1143 2585 1497 2661 coniuratio,
1548 2585 1758 2643 missus
1798 2584 1857 2642 in
1901 2582 2260 2644 Germaniam

244 2670 397 2726 inter
448 2666 681 2744 legatos
723 2668 796 2729 ad
846 2667 1272 2746 gratulandum,
1334 2669 1504 2728 etiam
1543 2668 1697 2728 vitae
1744 2666 2064 2746 periculum
2107 2665 2259 2742 adiit,

244 2749 583 2826 indignante
620 2770 691 2812 ac
720 2753 1002 2811 fremente
1037 2750 1180 2812 Gaio
1222 2761 1486 2830 patruum
1528 2752 1883 2831 potissimum
1925 2749 1997 2810 ad
2029 2766 2095 2808 se
2126 2750 2257 2808 mis-

166 2855 225 2899 so
247 2852 375 2894 sum
409 2835 571 2911 quasi
604 2835 676 2896 ad
705 2853 945 2915 puerum
972 2835 1322 2912 regendum,
1364 2835 1512 2895 adeo
1544 2845 1605 2895 ut
1634 2854 1749 2897 non
1791 2833 2109 2910 defuerint,
2163 2833 2260 2910 qui

242 2917 544 2979 traderent
573 2920 1015 2998 praecipitatum
1048 2937 1280 2998 quoque
1318 2921 1376 2978 in
1412 2919 1651 2996 flumen,
1695 2922 1845 2979 sicut
1877 2918 2123 2979 vestitus
2163 2916 2259 2977 ad-

242 3011 508 3063 venerat.
597 3002 790 3082 Atque
838 3021 915 3062 ex
968 3018 1040 3062 eo
1088 3021 1391 3082 numquam
1422 3021 1538 3063 non
1571 3005 1627 3062 in
1672 3012 1874 3064 senatu
1913 3002 2262 3062 novissimus

245 3086 635 3147 consularium
678 3086 1019 3147 sententiam
1060 3085 1234 3163 dixit,
1280 3088 1627 3164 ignominiae
1675 3103 1847 3148 causa
1892 3094 2029 3166 post
2076 3087 2261 3146 omnis

241 3171 659 3248 interrogatus.
747 3170 935 3231 Etiam
967 3171 1227 3247 cognitio
1253 3170 1386 3230 falsi
1415 3172 1739 3232 testamenti
1770 3178 2014 3249 recepta
2047 3179 2159 3247 est,
2202 3171 2263 3228 in

167 3270 364 3332 aquo
402 3263 462 3315 et
515 3257 645 3334 ipse
684 3256 1038 3332 signaverat.
1124 3255 1430 3315 Postremo
1475 3255 1803 3315 sestertium
1848 3256 2115 3330 octogies
2148 3269 2255 3332 pro

244 3338 481 3398 introitu
509 3341 643 3399 novi
686 3339 1001 3408 sacerdotii
1043 3349 1285 3399 coactus
1326 3339 1692 3418 impendere,
1735 3338 1806 3398 ad
1841 3357 1942 3398 eas
1982 3340 2070 3397 rei
2100 3337 2259 3396 fami-

242 3421 407 3482 liaris
462 3425 758 3501 angustias
823 3421 1069 3499 decidit,
1136 3432 1198 3482 ut
1252 3441 1380 3483 cum
1437 3422 1751 3501 obligatam
1797 3421 2022 3484 aerario
2089 3417 2260 3478 fidem

242 3504 503 3568 liberare
556 3525 673 3568 non
725 3515 958 3588 posset,
1005 3507 1062 3566 in
1114 3525 1358 3568 vacuum
1411 3507 1550 3585 lege
1602 3505 1986 3587 praediatoria
2037 3500 2260 3562 venalis
