2553 3960
1105 226 1293 273 NERO
2037 195 2044 201 ⁵
2075 214 2197 278 1⁷3

189 380 415 458 floruit,
471 388 530 440 ut
586 389 877 441 emanaret
922 383 976 441 in
1026 381 1262 459 vulgus,
1321 383 1529 442 missos
1584 400 1616 442 a
1650 384 1961 446 Messalina
2012 404 2195 447 uxore

191 464 447 541 Claudii,
493 466 589 544 qui
646 484 772 524 eum
822 466 1246 544 meridiantem,
1302 469 1465 546 quasi
1521 466 1833 528 Britannici
1893 470 2194 548 aemulum,

189 547 640 625 strangularent.
692 549 960 610 Additum
989 551 1240 628 fabulae,
1266 560 1325 610 at
1352 550 1592 610 eosdem
1623 553 1874 612 dracone
1901 571 1935 612 e
1956 553 2192 632 pulvino

190 652 259 694 se
292 632 633 711 proferente
668 636 1015 696 conterritos
1058 635 1371 712 refugisse.
1420 636 1582 710 Quae
1617 636 1812 697 fabula
1844 646 2050 697 exorta
2080 646 2192 714 est,

142 716 501 795 edeprensis
540 718 597 776 in
634 717 790 778 lecto
827 720 950 779 eius
982 721 1195 780 circum
1246 720 1560 779 cervicalia
1601 722 1893 800 serpentis
1937 723 2190 792 exuviis3

192 818 337 881 quas
371 809 559 861 tamen
592 820 803 862 aureae
834 805 1093 864 armillae
1126 822 1201 862 ex
1222 803 1519 863 voluntate
1542 807 1740 865 matris
1772 804 2024 864 inclusas
2054 804 2193 865 dex·

189 894 283 946 tro
316 885 552 945 brachio
594 887 845 963 gestavit
889 887 1242 974 aliquandiu,
1291 904 1362 946 ac
1405 887 1595 947 taedio
1638 888 1865 949 tandem
1899 897 2191 949 maternae

191 969 502 1029 memoriae
531 968 772 1047 abiecit,
807 989 1119 1051 rursusque
1153 961 1425 1031 extremis
1470 973 1587 1031 suis
1635 972 1810 1032 rebus
1843 972 2059 1033 frustra
2098 991 2189 1032 re-

195 1054 408 1133 quisiit.

119 1155 175 1198 10
321 1137 514 1198 Tener
566 1138 751 1199 adhuc
804 1140 1044 1200 necdum
1087 1150 1307 1201 matura
1349 1142 1593 1219 pueritia
1648 1141 2003 1201 circensibus
2044 1140 2244 1201 ludis?

192 1221 425 1283 Troiam
456 1224 916 1284 constantissime
948 1225 1463 1302 favorabiliterque
1493 1224 1646 1284 lusit.
1693 1225 2011 1286 Undecimo
2038 1236 2190 1285 aeta-

191 1306 266 1366 tis
315 1323 465 1366 anno
512 1325 545 1367 a
596 1305 840 1368 Claudio
883 1308 1185 1388 adoptatus
1230 1318 1321 1369 est
1364 1308 1725 1388 Annaeoque
1779 1310 2042 1369 Senecae
2083 1312 2192 1370 iam

191 1398 329 1451 tunc
352 1391 606 1449 senatori
632 1393 686 1449 in
706 1391 1064 1469 disciplinam
1080 1393 1339 1453 traditus.
1365 1392 1604 1469 Ferunt,
1630 1393 1913 1454 Senecam
1929 1396 2193 1474 proxima

191 1482 368 1534 nocte
398 1474 584 1533 visum
615 1474 723 1535 sibi
756 1493 862 1554 per
886 1477 1139 1553 quietem'
1162 1475 1227 1536 C.
1261 1474 1499 1537 Caesari
1531 1477 1904 1554 praecipere,
1936 1486 1993 1535 et
2023 1477 2194 1535 fidem

120 1578 174 1620 ιε
194 1559 420 1618 somnio
448 1556 608 1617 Nero
647 1558 811 1618 brevi
844 1558 1013 1635 fecit,
1063 1559 1290 1637 prodita
1332 1559 1677 1619 immanitate
1717 1567 1951 1617 naturae
1987 1560 2194 1635 quibus

193 1645 436 1722 primum
480 1641 666 1719 potuit
706 1643 1139 1719 experimentis
1201 1640 1464 1718 Namque
1508 1640 1891 1699 Britannicum
1939 1640 2191 1719 fratrem,

194 1722 352 1802 quod
378 1741 442 1781 se
466 1731 602 1802 post
620 1722 987 1800 adoptionem
1012 1724 1065 1783 A
1081 1743 1113 1783 e
1132 1741 1215 1783 no
1234 1723 1269 1781 b
1286 1742 1319 1784 a
1338 1724 1416 1782 rb
1435 1741 1538 1783 um
1569 1741 1644 1782 ex
1669 1723 2080 1783 consuetudine
2104 1744 2192 1785 sa-

194 1807 465 1883 lutasset,
522 1813 582 1865 ut
631 1806 978 1865 subditivum
1027 1806 1177 1886 apud
1235 1815 1457 1886 patrem
1501 1824 1751 1884 arguere
1801 1815 2040 1867 conatus
2084 1818 2192 1868 est.

192 1890 445 1950 Amitam
472 1896 659 1949 autem
686 1889 959 1969 Lepidam
988 1910 1145 1952 ream
1177 1893 1503 1951 testimonio
1553 1907 1750 1952 coram
1792 1891 2023 1969 afflixit,
2063 1910 2193 1993 gra-

134 1999 191 2042 20
205 1975 430 2037 tiflcans
458 1976 651 2053 matri,
683 1993 717 2036 a
752 1994 864 2055 qua
894 1994 995 2035 rea
1029 1975 1415 2056 premebatur.

323 2058 618 2119 Deductus
652 2062 707 2120 in
735 2060 925 2120 forum
957 2061 1067 2120 tiro
1110 2060 1333 2140 populo
1379 2060 1764 2139 congiarium,
1809 2061 1969 2121 militi
2011 2059 2190 2120 dona-

193 2145 371 2204 tivum
407 2144 742 2222 proposuit,
790 2145 1117 2224 indictaque
1160 2144 1507 2204 decursione
1542 2145 1926 2222 praetorianis
1968 2154 2192 2205 scutum

196 2246 298 2288 sua
330 2245 496 2287 manu
531 2228 828 2307 praetulit3
883 2230 1015 2287 exin
1057 2229 1205 2307 patri
1235 2229 1455 2305 gratias
1488 2230 1544 2286 in
1577 2237 1781 2288 senatu
1814 2229 1955 2306 egit.
2019 2227 2193 2308 Apud

197 2311 439 2371 eundem
473 2313 769 2372 consulem
805 2329 910 2391 pro
937 2311 1401 2372 Bononiensibus
1431 2311 1661 2390 Latine,
1710 2330 1817 2392 pro
1848 2311 2068 2373 Rhodis
2110 2323 2190 2373 at-

124 2410 178 2451 25
200 2413 315 2473 que
351 2394 656 2454 Iliensibus
704 2394 927 2457 Graece
970 2397 1150 2456 verba
1196 2396 1357 2455 fecit.
1421 2395 1772 2475 Auspicatus
1816 2405 1904 2455 est
1951 2405 2008 2455 et
2052 2398 2191 2457 iuris

197 2477 508 2538 dictionem
540 2480 872 2558 praefectus
902 2479 1026 2538 urbi
1063 2495 1232 2539 sacro
1263 2479 1615 2557 Latinarum,
1663 2480 2058 2539 celeberrimis
2092 2500 2189 2560 pa-

198 2564 384 2623 tronis
414 2580 527 2622 non
562 2563 875 2623 tralaticias
907 2572 965 2622 ut
996 2563 1216 2623 assolet
1246 2573 1304 2623 et
1343 2563 1570 2640 brevis,
1618 2563 1723 2623 sed
1753 2565 2027 2623 maximas
2065 2563 2188 2643 plu-

197 2647 489 2724 rimasque
522 2646 943 2723 postulationes
975 2648 1233 2707 certatim
1265 2646 1694 2725 ingerentibus,
1729 2649 1990 2726 quamvis
2016 2649 2188 2706 inter-

201 2727 411 2788 dictum
445 2747 478 2788 a
515 2727 753 2790 Claudio
791 2739 967 2790 esset.
1024 2728 1151 2790 Nec
1181 2731 1360 2791 multo
1397 2740 1533 2811 post
1564 2730 1720 2792 duxit
1748 2749 1991 2791 uxorem
2023 2729 2191 2790 Octa·

131 2836 182 2879 30
199 2813 384 2888 viam,
421 2811 710 2891 ediditque
749 2832 856 2892 pro
892 2813 1093 2874 Claudi
1128 2815 1314 2874 salute
1357 2816 1653 2875 circenses
1704 2824 1762 2876 et
1808 2816 2196 2875 venationem

327 2895 749 2973 Septemdecim
790 2907 955 2958 natus
999 2915 1209 2975 annOS,
1271 2907 1330 2958 ut
1369 2899 1442 2959 de
1475 2896 1715 2960 Claudio
1760 2900 1948 2978 palam
1982 2898 2192 2957 factum
2220 2908 2257 2965 8

200 2989 321 3058 est,
353 2980 503 3039 inter
528 2979 728 3041 horam
763 2991 981 3042 sextam
1016 2982 1431 3061 septimamque
1465 2985 1756 3061 processit
1789 2983 1860 3044 ad
1894 2980 2191 3041 excubito-

198 3084 325 3141 res,
348 3068 488 3124 'cum
517 3064 592 3123 ob
626 3067 800 3138 totius
837 3066 948 3125 diei
976 3065 1259 3127 diritatem
1283 3085 1398 3126 non
1431 3066 1581 3126 aliud
1611 3066 1941 3146 auspicandi
1967 3074 2192 3142 tempus

199 3147 686 3209 accommodatius
721 3148 1040 3219 videretur3
1094 3168 1319 3231 proque
1355 3150 1536 3210 Palati
1578 3150 1854 3229 gradibus
1877 3151 2194 3228 imperator

133 3231 619 3310 asconsalutatus,
667 3232 876 3293 lectica
910 3233 966 3292 in
1001 3243 1188 3294 castra
1218 3245 1276 3294 et
1302 3234 1433 3293 inde
1466 3236 1672 3313 raptim
1704 3233 2014 3313 appellatis
2047 3232 2191 3310 mili-

198 3314 347 3378 tibus
380 3317 436 3374 in
470 3318 682 3377 curiam
717 3316 940 3376 delatus
976 3325 1093 3393 est,
1126 3317 1515 3396 discessitque
1547 3320 1657 3378 iam
1689 3318 1953 3396 vesperi,
1988 3335 2063 3376 ex
2091 3317 2190 3374 im-

198 3399 442 3477 mensis,
481 3399 686 3479 quibus
720 3400 1135 3479 cumulabatur,
1169 3398 1486 3462 honoribus
1515 3411 1727 3462 tantum
1757 3403 1936 3481 patris
1967 3400 2190 3479 patriae

197 3485 428 3543 nomine
464 3492 736 3544 recusato
768 3494 1013 3565 propter
1044 3492 1309 3545 aetatem.
