2553 3960
470 203 1026 252 annnmwonnu
1067 203 1434 251 mmmmm
1476 201 1878 263 lin-mouns..
2053 188 2175 253 319

292 360 609 435 Simulare,
639 357 1025 436 dissimulare]
1051 356 1382 419 simulamus
1397 374 1546 437 quae
1574 357 1886 433 nescimus,
1914 355 2173 420 dissimu-

171 445 355 506 lamus
385 462 533 524 quae
565 444 798 503 scimus.

296 529 603 589 Servitium
634 535 692 587 et
716 524 1076 605 servitutem]
1103 525 1355 585 servitus
1379 533 1468 585 est
1500 526 1826 586 necessitas
1857 527 2173 605 serviendi,

170 614 469 673 servitium
503 611 875 672 servientium
909 627 1200 670 numerus.
1318 657 1319 668 ,
1638 677 1644 682 ,

117 726 143 766 5
297 698 542 757 Sensum
570 703 629 755 et
656 694 1035 773 intellectum]
1062 710 1269 754 sensus
1301 693 1576 753 naturalis
1607 701 1727 770 est,
1752 694 2086 755 intellectus
2118 695 2177 755 in

167 779 347 841 rebus
381 779 667 841 obscuris.
1222 852 1228 857 ι

292 864 645 942 Sanguinem
693 879 961 923 cruorem
993 870 1049 921 et
1080 862 1297 923 saniem
1347 860 1463 922 hoc
1505 860 1720 939 differt]
1766 863 2004 939 sanguis
2035 862 2176 923 dici-

167 957 260 1009 tur
301 964 428 1010 cum
459 949 608 1009 intra
646 963 861 1026 corpus
891 955 1020 1023 est,
1082 963 1153 1006 eo
1185 946 1342 1025 qnod
1372 962 1479 1005 nos
1520 946 1773 1022 sanciat,
1817 945 1875 1005 id
1917 955 2007 1007 est
2038 963 2176 1007 con-

168 1033 376 1102 tineat;
415 1048 588 1091 cruor
638 1048 763 1092 cum
803 1029 1084 1107 funditur,
1119 1029 1308 1090 dictus
1339 1026 1409 1089 ab
1447 1046 1521 1089 eo
1557 1027 1715 1109 quod
1745 1046 1856 1089 nos
1898 1046 2177 1091 corruere

92 1141 146 1188 ω
167 1124 375 1194 cogat;
408 1116 603 1176 sanies
634 1131 807 1175 cruor
839 1113 1117 1194 putridus.

298 1198 506 1260 Scelus
558 1207 616 1259 et
655 1197 911 1277 facinus]
952 1196 1150 1258 scelus
1194 1198 1413 1257 crimen
1456 1204 1579 1272 est,
1630 1196 1854 1258 facinus
1900 1200 2072 1260 etiam
2117 1199 2176 1259 in

166 1281 339 1345 laude
374 1284 621 1363 ponitur.

295 1367 497 1427 Solum
533 1368 759 1428 unicum
803 1367 1121 1427 solitarium
1176 1375 1235 1427 et
1276 1367 1473 1447 unum]
1517 1368 1681 1429 solus
1729 1386 1763 1429 a
1811 1369 2023 1429 ceteris
2081 1385 2173 1428 re-

170 1452 370 1527 lictus,
416 1469 560 1510 unus
591 1450 806 1511 initium
839 1450 1164 1528 multorum,
1208 1450 1503 1511 solitarius
1533 1453 1660 1512 sine
1700 1452 1938 1529 ceteris,
1970 1452 2175 1512 unicus

93 1560 145 1602 15
169 1536 268 1615 qui
299 1544 544 1615 propter
573 1536 827 1614 inopiam
854 1534 1098 1595 aliorum
1128 1534 1183 1594 id
1214 1534 1402 1612 ipsum
1434 1544 1522 1595 est
1556 1535 1710 1613 quod
1742 1535 1925 1596 solus.

298 1619 721 1679 soloecismum
768 1628 825 1679 et
855 1618 1297 1697 barbarismum]
1347 1617 1736 1679 soloecismus
1771 1620 1828 1679 in
1871 1637 2048 1680 sensu
2090 1619 2171 1696 fit,

167 1702 556 1764 barbarismus
585 1705 642 1763 in
679 1721 846 1764 voce.

302 1787 494 1865 Super
536 1796 595 1847 et
644 1788 844 1866 supral
884 1804 1060 1865 super
1117 1787 1391 1866 superior
1444 1787 1752 1866 inferiore,
1799 1806 1977 1868 supra
2018 1785 2174 1867 quod

169 1870 518 1932 substratum
552 1870 766 1949 aliquid
796 1869 971 1931 habet
1000 1878 1094 1930 aut
1123 1869 1282 1949 quod
1313 1889 1488 1950 supra
1520 1872 1657 1950 quid
1684 1874 1956 1932 imminet.

93 1977 148 2020 20
300 1954 479 2015 Simul
512 1963 570 2014 et
613 1954 825 2033 simitu]
873 1952 1036 2015 simul
1079 1972 1189 2016 una
1231 1956 1566 2035 pariterque
1611 1974 1710 2018 res
1753 1956 2049 2033 declarat,
2114 1963 2174 2017 nt

169 2039 335 2100 simul
368 2040 613 2116 legimus
642 2039 736 2099 vel
773 2039 1106 2109 scribimus;
1150 2040 1338 2099 simitu
1379 2040 1498 2157 loci
1540 2042 1751 2122 recipit
1794 2041 2172 2119 significatio·

165 2142 319 2199 nem,
344 2132 628 2203 tamquam
660 2123 823 2183 simul
858 2125 955 2185 itu.
1019 2170 1032 2183 ι

290 2208 537 2268 Saevum
569 2216 629 2268 et
671 2207 1001 2287 crudelem]
1043 2225 1254 2268 saevus
1284 2207 1442 2271 circa
1475 2208 1724 2271 verbera
1755 2218 1878 2287 est,
1918 2208 2172 2271 crudelis

164 2299 512 2352 monstratur
544 2293 843 2369 sanguine.

92 2390 146 2430 25
295 2376 394 2436 Sic
424 2384 482 2435 et
523 2376 622 2453 ita]
664 2377 750 2436 sic
778 2377 874 2455 qui
898 2375 1038 2436 dicit
1067 2376 1322 2438 ostendit
1364 2377 1724 2456 exemplum,
1763 2379 1841 2438 ita
1880 2376 1953 2437 ad
1992 2377 2168 2436 ratio-

163 2477 295 2519 nem
323 2460 594 2520 refertur.

295 2544 515 2604 Stillam
550 2553 608 2604 et
642 2543 884 2621 guttam]
913 2552 1075 2620 gutta
1105 2545 1368 2605 imbrium
1405 2553 1513 2622 est,
1550 2545 1702 2606 stilla
1736 2545 1852 2606 olei
1876 2542 1972 2603 vel
1996 2543 2168 2603 aceti.

288 2627 613 2688 Terminum
644 2636 703 2686 et
736 2626 930 2707 finem]
962 2630 1238 2689 terminus
1267 2629 1497 2689 nonnisi
1535 2647 1702 2690 manu
1739 2630 1969 2709 ponitur
1989 2671 2008 2704 ,
2041 2627 2168 2687 finis

166 2713 450 2771 sermonis
478 2712 574 2771 vel
606 2711 916 2791 voluptatis
947 2721 1041 2773 aut
1073 2713 1313 2774 alicuius
1338 2714 1424 2773 rei
1457 2713 1721 2790 intellegi
1753 2719 1968 2793 potest.

89 2818 145 2860 30
213 2838 218 2842 -
290 2794 484 2873 Terga
540 2804 599 2855 et
638 2797 898 2874 tergoral
946 2805 1114 2875 terga
1158 2797 1473 2874 hominum,
1520 2806 1761 2874 tergora
1811 2794 2164 2864 animalium;

168 2887 225 2937 et
258 2880 313 3023 ln
345 2897 585 2941 numero
617 2881 893 2957 singulari
924 2890 1151 2959 tergum
1182 2880 1428 2942 hominis
1460 2881 1701 2942 dicimus
1732 2889 1791 2941 et
1814 2889 2019 2958 tergus
2048 2879 2163 2940 ani·

163 2980 255 3023 ma
281 2981 347 3023 is.

291 3046 433 3107 Tum
465 3056 525 3108 et
542 3047 702 3127 tunc]
728 3057 842 3108 tum
877 3049 1096 3110 ordinis
1123 3048 1312 3110 habet
1331 3050 1839 3127 significationem,
1866 3058 2001 3110 tunc
2025 3057 2164 3109 tem-

166 3149 344 3211 pons.
1180 3159 1191 3169 ·

90 3240 144 3283 35
289 3215 517 3277 Tenere
549 3224 609 3275 et
642 3234 871 3276 sumere
896 3226 953 3277 et
986 3217 1284 3297 accipere]
1323 3226 1586 3278 tenemus
1625 3235 1775 3296 quae
1810 3225 1941 3278 sunt
1973 3218 2031 3277 in
2061 3234 2164 3277 no-

166 3308 283 3360 stra
321 3309 642 3379 potestate,
687 3303 955 3362 sumimus
991 3302 1218 3380 posita,
1263 3302 1584 3380 accipimus
1621 3301 1750 3363 data
1798 3301 1895 3361 vel
1935 3301 2007 3362 ab
2044 3300 2164 3361 alio

166 3393 441 3460 accepta;
473 3385 568 3444 vel
597 3395 859 3446 tenemus
892 3394 947 3445 et
978 3386 1251 3445 sumimus
1282 3403 1316 3446 a
1344 3385 1535 3462 nobis,
1573 3387 1890 3465 accipimus
1921 3384 1992 3445 ab
2026 3385 2161 3444 alio.

290 3466 536 3529 Tardum
590 3472 814 3548 pigrum
871 3471 1112 3529 inertem
1160 3478 1219 3529 et
1266 3471 1535 3548 segnem]
1577 3470 1776 3530 tardus
1818 3469 2024 3529 dicitur
2069 3468 2164 3546 qui
