2553 3960
503 238 729 287 XXVIII
1189 237 1603 286 PRAEFATIO.

509 397 627 454 Hoc
656 413 835 467 genus
876 398 1021 455 haud
1068 397 1235 454 dubie
1267 399 1625 454 vehementer
1669 389 1986 469 corruptum
2031 401 2151 466 est,
2194 412 2318 453 cum

508 482 652 538 intra
680 497 889 554 paucas
917 482 1181 554 paginas,
1212 488 1272 537 ut
1306 480 1562 553 exemplo
1596 485 1748 549 utar,
1795 496 1851 551 p.
1884 485 2007 550 244,
2042 485 2111 539 23
2140 481 2319 538 verba

504 572 695 637 sponte
746 566 805 619 in
862 564 1081 621 Catthos
1133 571 1190 620 et
1234 581 1378 636 quae
1432 569 1735 635 sequuntur
1780 580 1955 636 usqne
2011 564 2082 620 ad
2138 565 2320 628 duas,-

506 666 560 721 p.
597 653 720 719 249,
746 656 783 707 5
810 654 868 704 et
898 665 953 720 p.
987 654 1122 718 250,
1161 655 1214 708 3.
1248 655 1286 706 4
1319 646 1529 704 Graeca
1566 646 1781 714 omniu
1825 663 1879 720 p.
1917 654 2042 718 250,
2071 654 2141 708 32
2170 665 2318 705 com-

506 733 791 788 mendanti
837 732 1077 798 omittat3
1146 749 1200 804 p.
1243 737 1377 802 248,
1432 737 1502 792 34
1550 733 1699 787 intra
1747 731 1935 787 urbem
1977 730 2319 804 interpolet:

506 836 561 891 p.
592 822 727 888 243,
757 822 827 874 24
851 816 909 871 in
937 816 1183 878 thermus,-
1225 833 1281 888 p.
1314 820 1449 886 247,
1479 819 1550 875 34
1585 828 1616 869 c
1643 815 2020 871 remotioribus
2055 821 2112 870 et
2142 817 2289 871 tribu

507 915 637 964 ηοω
667 918 721 973 p.
756 906 879 969 248,
906 905 977 960 28
1007 904 1063 956 et
1086 901 1339 956 accusati
1362 906 1413 956 ct
1441 904 1795 954 accusatores
1821 899 2091 972 scriptum
2121 905 2319 955 osten-

513 986 625 1042 dat.
713 983 900 1040 Nihilo
953 984 1129 1040 minus
1180 990 1359 1040 tamen
1417 998 1525 1038 non
1578 983 1742 1054 plane
1792 982 2161 1055 spernendum
2205 989 2316 1053 est,

505 1069 668 1124 immo
734 1083 855 1122 cum
916 1067 1300 1139 antiquissimo
1356 1083 1459 1140 per
1508 1081 1571 1121 se
1626 1066 1950 1124 cohaesisse
2006 1066 2316 1138 intelliges,

506 1157 796 1223 postquam
838 1151 1190 1223 reputaveris
1221 1167 1332 1207 non
1376 1151 1539 1207 modo
1568 1150 1876 1207 Memmiani
1906 1149 2037 1206 libri
2068 1150 2317 1224 scriptu-

508 1251 622 1291 ram
671 1251 842 1306 saepe
894 1250 963 1290 eo
1018 1235 1142 1291 solo
1187 1234 1535 1304 confirmari,
1596 1235 1697 1290 sed
1740 1236 1830 1291 vel
1876 1234 2200 1291 Memmiano
2256 1240 2317 1290 et

506 1430 652 1481 densi
701 1428 1001 1479 bibliotheca
1048 1428 1305 1479 Cuiaciani
1362 1430 1550 1481 codicis
1605 1431 1803 1481 collatio
1850 1430 2012 1498 Lipsii
2051 1445 2204 1481 mauu
2244 1432 2313 1481 ad

506 1498 764 1564 margines
795 1498 1030 1548 editionis
1066 1498 1200 1548 1574
1230 1499 1498 1565 apposita,
1548 1508 1604 1549 ut
1641 1499 1959 1550 collationem
1992 1515 2023 1549 a
2058 1498 2310 1550 Groslotio

505 1568 679 1634 Lipsio
715 1567 1063 1618 transmissam
1103 1582 1169 1633 ap
1205 1575 1346 1618 areat
1387 1581 1488 1618 non
1524 1569 1738 1634 perisse.
1810 1571 1916 1618 lam
1949 1577 1997 1618 et
2032 1567 2312 1619 Groslotius

507 1638 586 1703 (in
612 1636 899 1687 Burmanni
919 1636 1118 1703 sylloge
1150 1583 1204 1687 lp
1209 1652 1262 1703 p.
1304 1635 1436 1700 358)
1461 1636 1800 1703 Bougarsium
1839 1637 1909 1686 ait
1938 1651 2030 1703 pro
2062 1645 2311 1688 senatum-

505 1722 601 1773 que
635 1720 685 1771 p.
726 1704 845 1767 175,
892 1706 962 1756 24
993 1705 1269 1757 coniecisse
1295 1721 1603 1771 scenamque,
1653 1712 1702 1756 et
1725 1705 2052 1757 casaubonus
2084 1706 2310 1757 citharae

505 1791 556 1843 p.
585 1774 699 1834 175,
726 1774 793 1824 26
817 1774 936 1824 dicit
957 1774 1296 1840 Bougarsium
1332 1790 1360 1825 e
1385 1775 1555 1826 codice
1578 1774 1844 1826 Cuiaciano
1872 1782 2102 1826 enotasse
2139 1775 2313 1840 (item-

507 1858 604 1910 que
626 1857 677 1908 p.
704 1845 836 1904 224,
861 1841 936 1906 7).
1011 1843 1168 1907 Atqui
1202 1844 1400 1910 reperio
1430 1839 1501 1894 l'o.
1536 1858 1830 1909 scenamque
1858 1851 1906 1893 et
1936 1845 2162 1895 citharae
2185 1846 2313 1895 scri-

504 1919 648 1980 ptum
699 1921 747 1962 et
793 1914 1028 1962 incertum
1060 1921 1240 1976 sponte
1280 1913 1500 1964 deletum
1535 1913 1588 1962 in
1625 1912 1887 1978 Excerptis
1925 1912 2310 1979 Bongarsiauis,

504 1982 559 2033 id
589 1989 666 2032 est
697 1980 750 2031 in
776 1980 1020 2032 Bernensi
1060 1982 1292 2050 exemplo
1336 1982 1569 2033 editionis
1597 1980 1749 2044 1574,
1782 1982 1926 2031 cuius
1950 1982 2016 2031 ad
2050 1985 2311 2049 margines

505 2050 820 2117 Bongarsius
855 2058 1153 2117 perpetuam
1186 2051 1505 2102 collationem
1543 2049 1730 2100 codicis
1770 2049 1980 2099 alicuius
2020 2051 2309 2118 adscripsit.

505 2122 635 2171 Eum
674 2119 898 2169 codicem
931 2121 985 2169 in
1014 2119 1260 2171 Beruensi
1301 2119 1532 2185 exemplo
1556 2118 1869 2184 Bongarsius
1906 2132 2060 2185 saepe
2097 2120 2310 2170 obscure

506 2187 758 2256 significat
782 2186 869 2237 Sic
898 2189 964 2243 V.
995 2190 1049 2241 0.
1082 2189 1391 2252 adscribens,
1426 2188 1503 2237 bis
1538 2194 1732 2236 tantum
1761 2186 1827 2236 ad
1844 2200 1895 2251 p.
1927 2188 2040 2250 164,
2082 2188 2145 2239 14
2170 2199 2219 2240 et
2240 2190 2309 2238 24

498 2261 738 2324 proxima
759 2263 810 2307 et
835 2261 1110 2323 gestatione
1134 2259 1340 2308 adnotat
1366 2256 1453 2306 Sic
1480 2255 1568 2308 eu.
1627 2255 1950 2306 Cuiacianum
1981 2257 2139 2323 igitur
2169 2258 2310 2309 codi-

504 2342 614 2381 cem
643 2342 675 2376 a
697 2326 979 2393 Bongarsio
1012 2342 1146 2379 anno
1178 2327 1376 2377 circiter
1411 2323 1544 2376 1580
1575 2324 1810 2376 collatum
1842 2325 2054 2390 eiusque
2085 2327 2310 2376 collatio-

504 2398 583 2447 nis
637 2396 869 2461 exempla
922 2398 986 2447 ad
1033 2395 1336 2448 Groslotium
1354 2430 1368 2456 ‚
1410 2393 1638 2459 Lipsiutn
1651 2431 1666 2456 ,
1719 2393 2073 2445 Casaubonum
2127 2409 2307 2461 perve-

504 2467 643 2516 nisse
695 2464 946 2518 existimo.
1018 2468 1075 2517 In
1120 2471 1260 2515 tanto
1313 2464 1520 2513 testium
1577 2470 1786 2513 numero
1827 2464 2067 2514 nonnulla
2113 2463 2306 2512 turbata

505 2548 619 2584 esse
658 2546 760 2582 non
796 2540 874 2583 est
900 2533 1211 2595 miundum,
1250 2532 1342 2584 sed
1379 2532 1505 2581 alter
1540 2532 1696 2582 altero
1732 2533 1942 2599 propius
1984 2533 2049 2582 ad
2078 2532 2308 2597 Bongar-

504 2604 649 2654 siana
681 2614 795 2651 mea
829 2601 1066 2653 accedere
1097 2601 1241 2653 solet.
1314 2599 1398 2650 Sic
1419 2615 1471 2666 p.
1499 2599 1617 2662 240,
1641 2598 1709 2653 33
1739 2601 2053 2667 Bongarsius
2077 2616 2105 2650 e
2137 2600 2307 2649 codice

505 2677 825 2737 excerpserat
851 2671 1063 2732 pellibus
1084 2673 1151 2721 al.
1172 2668 1445 2733 paludibus
1457 2687 1479 2728 ,-
1503 2669 1558 2719 id
1587 2670 1756 2736 ipsum
1782 2670 1939 2720 refert
1960 2677 2103 2719 vetus
2126 2667 2304 2732 Lipsii,

500 2740 713 2804 pedibus
742 2742 821 2789 vel
848 2740 1120 2803 paludibus
1152 2738 1340 2790 habere
1375 2737 1537 2788 fertur
1570 2738 1873 2790 Cuiacianus
1886 2776 1903 2800 ,
1937 2737 2122 2788 Lislaei
2157 2735 2305 2786 codd.

540 2824 624 2859 ars
652 2809 868 2871 pellibus
894 2824 1014 2875 pars
1041 2809 1327 2871 paludibus.
1399 2811 1526 2859 Item
1554 2823 1605 2873 p.
1648 2806 1773 2868 139,
1810 2807 1879 2858 23
1913 2804 2309 2869 speculatoribus

504 2825 656 2927 Kabet
688 2877 957 2943 Bongarsii
980 2875 1333 2943 autographon
1357 2883 1407 2926 et
1430 2874 1729 2927 Cuiacianus
1765 2876 1901 2944 apud
1936 2873 2305 2934 Casaubonum,

503 2946 961 3011 sae-peculatoribus
1003 2944 1190 2995 habere
1234 2945 1470 2995 dicuutur
1516 2953 1754 3012 excerpta
1807 2942 2122 2995 Groslotiana
2171 2942 2308 3008 apud

502 3015 852 3067 casaubonum
891 3022 940 3066 et
965 3012 1235 3065 Cuiaciana
1266 3013 1403 3080 apud
1427 3014 1786 3064 Burmannum.
1841 3010 2096 3074 Quidquid
2131 3010 2185 3061 id
2209 3019 2307 3073 est,

500 3085 547 3135 is
579 3086 741 3134 codex
776 3084 945 3134 multis
993 3083 1281 3134 nominibus
1317 3082 1606 3135 nobilitatus
1649 3081 1933 3133 simillimus
1969 3087 2047 3130 est
2076 3075 2308 3130 Parisino

501 3153 638 3206 6116
676 3159 727 3202 et
755 3153 920 3218 magis
964 3152 1113 3201 etiam
1148 3152 1371 3202 Mediceo
1402 3153 1642 3203 secundo.
1677 3180 1747 3189 —
1774 3149 2066 3213 Eademque
2105 3164 2187 3199 res
2231 3158 2308 3199 est

444 3269 447 3274 .
503 3237 617 3273 cum
653 3222 903 3288 excerptis
935 3220 1200 3271 Vossianis
1214 3257 1230 3280 ‚
1273 3236 1403 3284 quae
1432 3222 1635 3272 Isaacus
1665 3219 1886 3270 Vossius
1928 3218 1995 3268 ad
2037 3218 2307 3269 editionem

503 3307 550 3342 a.
585 3291 718 3343 1592
756 3291 809 3340 in
841 3289 1079 3340 Leidensi
1122 3289 1421 3340 bibliotheca
1457 3297 1707 3340 servatam
1742 3288 2030 3354 adscripsit.
2095 3287 2168 3337 Ea
2199 3285 2309 3335 sive

504 3375 533 3409 e
565 3359 786 3409 Mediceo
817 3359 986 3422 aliquo
1021 3358 1193 3409 codice
1227 3365 1284 3408 ut
1318 3357 1712 3425 Oudendorpius
1741 3357 2077 3418 existimavit,
2114 3356 2222 3406 sive
2251 3364 2307 3404 ut

505 3426 740 3491 equidem
775 3433 955 3492 putare
983 3428 1116 3478 malo
1158 3443 1224 3478 ex
1253 3427 1468 3494 Anglico
1501 3427 1672 3491 aliquo
1706 3426 1974 3493 desumpta
2005 3431 2148 3487 sunt,
2191 3439 2306 3490 per-

503 3494 664 3542 tinent
698 3494 762 3542 ad
793 3494 846 3543 id
875 3497 1075 3547 tertium
1105 3512 1298 3564 genus.
1335 3497 1398 3546 de
1428 3509 1527 3559 quo
1559 3495 1726 3546 dicere
1755 3495 2080 3546 instituimus.
