2553 3960
879 236 1293 284 PRAEFATIO.
1761 232 1987 284 LXXIII

311 392 390 447 Ex
432 408 501 448 eo
539 392 721 462 libro,
764 393 856 464 qui
897 401 1060 450 sexto
1101 396 1230 451 loco
1271 395 1496 467 ponitur
1536 396 1623 450 de
1666 393 1974 450 nomini·
2022 398 2086 441 oe
2113 412 2274 462 genero

200 470 394 546 bns⁵⁴)
448 481 516 529 et
571 492 846 546 genere
903 479 1250 548 vestium,
1304 480 1453 534 haud
1496 478 1616 534 scio
1661 494 1729 532 an
1768 475 1979 534 Nonius
2047 456 2252 495 ”mm

202 559 471 615 Marcellus
501 559 697 630 capite
709 558 856 628 XIV,
886 562 1034 630 quod
1064 568 1152 616 est
1182 562 1251 616 de
1282 579 1494 632 genere
1528 559 1980 617 vestimentorum

204 659 306 697 cum
342 642 710 711 testimoniis,
754 642 1058 714 particulas
1093 645 1445 716 decerpserit
1482 660 1592 700 non
1625 650 1982 700 contemnen-

202 727 316 790 das;
356 726 504 781 solet
544 724 691 780 enim
728 725 826 781 ille
866 732 1151 782 auctorum
1197 743 1424 783 suorum
1467 733 1527 781 ut
1561 726 1725 783 Gellii
1774 726 1981 784 scrinia

203 810 350 864 tacite
387 807 662 879 expilare.
753 808 865 862 Sed
896 825 1017 864 eum
1047 811 1262 879 locum,
1312 811 1404 881 qui
1437 828 1490 881 p.
1521 815 1647 879 281,
1675 815 1743 868 25
1776 811 1983 879 legitur

204 892 263 946 de
292 890 598 946 trabearum
629 891 932 961 generibus
964 911 994 948 a
1024 893 1194 948 Numa
1223 891 1497 966 Pompilio
1527 893 1799 960 inventis,
1840 893 1984 948 Sue-

202 973 322 1030 tonii
352 980 412 1028 ut
455 975 707 1038 credam,
750 975 1041 1043 Byzantini
1077 977 1421 1032 fabulatores
1465 990 1574 1031 non
1613 977 1981 1047 persuadent3

201 1063 337 1111 certe
383 1056 585 1113 Servio
633 1057 819 1128 potius
862 1059 1022 1114 fidem
1056 1060 1239 1115 habeo
1286 1074 1396 1116 non
1444 1058 1663 1114 nimium
1691 1058 1982 1117 dissimilia

201 1157 246 1212 p.
272 1145 399 1210 282,
447 1147 482 1200 3
531 1158 563 1196 e
610 1141 879 1197 Suetonio
919 1141 1260 1213 proferenti,
1305 1158 1409 1197 nec
1454 1142 1849 1212 ignoraverunt
1898 1143 1981 1198 illi

202 1223 435 1278 Graeculi
472 1223 802 1280 Servianum
830 1224 1295 1280 commentarium.
1355 1225 1534 1281 Habet
1567 1223 1785 1294 quidem
1820 1225 1981 1280 Ioan-

203 1322 288 1361 nes
312 1307 485 1375 Lydus
515 1308 632 1362 illis
668 1306 892 1377 similia,
923 1314 981 1362 et
1007 1308 1432 1378 chrysostomus
1463 1323 1683 1378 quoque
1716 1307 1785 1362 ad
1817 1316 1845 1367 1
1874 1308 1982 1364 Co-

202 1390 346 1444 rinth.
377 1390 603 1445 bomilia
637 1389 812 1445 XXVI
843 1407 951 1446 non
983 1391 1160 1446 licere
1209 1392 1290 1447 ait
1330 1392 1452 1447 sine
1484 1391 1709 1460 cingulo
1744 1396 1800 1444 et
1829 1391 1984 1446 chla-

202 1473 345 1541 myde
387 1474 458 1528 ad
502 1473 800 1530 Caesarem
835 1472 1086 1543 ingredi;
1133 1475 1233 1529 sed
1274 1481 1401 1530 ante
1433 1473 1872 1541 Diocletianum,
1912 1474 1981 1527 de

202 1571 296 1625 quo
326 1554 625 1628 Eutropius
667 1563 722 1626 9,
761 1561 831 1615 26
859 1556 1132 1611 videndus
1183 1563 1307 1626 est,
1357 1556 1490 1612 talia
1525 1555 1696 1612 scribi
1729 1554 1981 1625 potuisse

202 1653 344 1707 nego.

311 1722 396 1776 De
456 1721 885 1778 maledictis
938 1722 1141 1778 librum
1192 1721 1405 1778 Graece
1461 1719 1725 1792 scriptum
1776 1718 1979 1789 videri,
2119 1721 2181 1782 De,

202 1804 347 1873 paulo
380 1812 506 1860 ante
537 1805 877 1874 significavi.
963 1806 1045 1860 De
1075 1805 1395 1861 sordidiore
1429 1803 1737 1874 argumenti
1768 1819 1979 1873 genere
2027 1771 2267 1814 'mmmm‘

203 1901 498 1958 comparare
559 1888 698 1942 licet
749 1904 870 1942 cum
923 1888 1157 1944 aliorum
1212 1888 1583 1961 scriptioneS,
1640 1893 1750 1942 tum
1802 1886 1979 1958 ipsius

203 1968 480 2043 Tranquilli
503 1971 759 2027 libellum
782 1971 877 2042 qui
902 1971 1005 2027 ruit
1034 1972 1115 2028 de
1145 1970 1662 2029 meretricibus
1692 1975 1877 2042 ρ.302,
1896 1977 1977 2028 15.

306 2053 390 2109 Ad
416 2056 720 2110 Romana
753 2055 1089 2111 instituta
1121 2055 1323 2111 referri
1350 2072 1415 2111 ea
1440 2072 1583 2126 quae
1612 2056 1681 2109 de
1707 2054 1981 2125 triumpho
2015 2059 2209 2121 Bonitus
2233 2059 2296 2100 in·

202 2142 376 2206 agunt,
417 2137 678 2192 instituto
706 2154 860 2193 mere
893 2139 1134 2194 Romano
1164 2155 1345 2209 neque
1380 2155 1608 2209 usquam
1639 2137 1746 2192 nisi
1780 2137 1985 2193 Romae
2078 2113 2240 2152 ‘mm'

205 2218 281 2287 agi
305 2222 489 2295 solito,
527 2220 725 2275 mirum
748 2228 1111 2276 commentum
1139 2221 1283 2277 dixit
1306 2222 1651 2291 Bernhardy,
1679 2219 1817 2275 mire
1850 2236 1984 2276 sane

206 2301 424 2360 miratus.
515 2304 603 2358 De
644 2304 924 2360 vocabulo
956 2304 1106 2375 quod
1140 2311 1226 2360 est
1264 2306 1571 2376 triumphus
1603 2304 1836 2374 eiusque
1869 2304 1985 2359 ori-

203 2384 315 2450 gine
363 2386 570 2443 similia
628 2402 820 2442 eorum
860 2403 1000 2458 quae
1061 2387 1414 2458 Tranquillus
1468 2386 1731 2443 docuisse
1788 2387 1985 2456 fertur,

206 2465 424 2526 Zonaras
449 2484 681 2541 quoque
708 2469 879 2526 tradit
910 2477 996 2540 12,
1026 2477 1094 2530 32
1127 2477 1166 2525 t.
1199 2477 1232 2527 2
1260 2489 1316 2543 p.
1348 2477 1450 2531 619
1479 2472 1650 2527 Bonn.

308 2552 383 2607 De
422 2551 590 2608 libris
623 2552 704 2607 de
745 2552 895 2609 vita
935 2552 1306 2610 Caesarum
1341 2570 1511 2626 supra
1548 2552 1867 2623 singulatim
1899 2551 1986 2607 di-

206 2637 325 2689 ctum
355 2643 453 2691 est.

306 2719 382 2773 De
438 2720 908 2775 Romanorum
951 2719 1135 2776 viris
1192 2717 1639 2775 illustribus
1694 2718 1788 2789 qui
1852 2717 1985 2773 olim
2030 2719 2115 2812 ulfo
2140 2719 2249 2812 1¹12ss

205 2799 557 2872 scripserant,
600 2802 784 2857 Varro
826 2804 1024 2859 Santra
1063 2802 1252 2874 Nepos
1297 2797 1655 2877 Hyginus”)‚
1707 2818 1805 2858 eos
1844 2801 1987 2858 Sue-
2078 2776 2147 2812 ω
2218 2782 2269 2811 ¹²⁸

321 2994 412 3058 54)
446 2998 687 3063 Ineptum
707 2992 934 3059 κυρίων,
972 2998 1110 3061 quod
1143 2997 1283 3063 apud
1315 2997 1522 3049 Snidam
1552 3007 1669 3063 post
1695 2987 1989 3061 ὀνομάτων

208 3060 382 3127 legitur,
413 3080 502 3115 me
533 3065 693 3113 invito
729 3064 988 3130 typotheta
1014 3067 1202 3119 omisit.
1260 3064 1362 3116 Sed
1389 3082 1524 3117 certe
1550 3065 1644 3116 hac
1670 3067 1723 3115 in
1746 3081 1803 3116 re
1836 3065 1990 3131 plane

206 3128 409 3183 divinum
461 3132 720 3183 hominem
761 3132 980 3193 dixeris,
1025 3134 1112 3197 qui
1157 3149 1272 3183 cum
1318 3136 1652 3201 sagacissimo
1686 3132 1980 3198 Bernhardy

205 3212 308 3248 casu
333 3201 384 3250 in
404 3202 543 3252 idem
579 3201 769 3251 incidit.

321 3268 412 3332 55)
467 3270 574 3320 Hos
622 3270 694 3318 ita
735 3268 1072 3333 Hieronymus
1129 3270 1389 3334 coniungit
1423 3268 1559 3319 infra
1607 3286 1659 3336 p.
1711 3270 1843 3331 287,
1898 3271 1983 3324 ab.

205 3332 352 3386 Verbo
393 3338 865 3388 commemorandus
909 3338 1059 3386 etiam
1108 3346 1185 3387 est
1230 3343 1249 3369 ⁸·
1265 3338 1550 3401 Tarquitius
1592 3339 1657 3389 de
1702 3340 1985 3391 illustribus

204 3401 312 3453 virle
354 3406 638 3457 disserens'
683 3406 824 3471 apud
870 3405 1184 3455 Lactantium
1219 3406 1323 3455 div.
1357 3406 1474 3456 inst.
1509 3408 1538 3457 1
1556 3444 1571 3469 ,
1614 3407 1705 3465 10,
1754 3409 1781 3459 1
1823 3422 1984 3471 eoque

205 3473 349 3536 magis
383 3476 516 3539 quod
562 3473 774 3524 fuerunt
811 3474 897 3537 qui
930 3474 1208 3538 Tranquilli
1258 3488 1442 3524 nornen
1486 3485 1807 3542 reponerent.
1880 3474 1983 3524 Sed
