2553 3960
502 238 596 286 11.
1192 234 1612 284 PRAEFATIO.

507 395 649 452 hedis
689 393 1140 467 qladiatoriisque
1186 393 1501 452 muneribus
1548 391 1997 466 suquentissime
2046 396 2202 452 editis
2238 398 2327 453 in-

509 481 711 535 teriecit
745 480 1075 551 plerumque
1113 479 1407 536 bestiarum
1448 476 1855 547 Africanarum
1897 481 2206 536 venationes
2234 482 2327 536 vel

509 563 734 634 similia,
766 564 869 618 cfr.
901 581 955 635 p.
992 569 1112 632 158,
1144 570 1211 620 10
1240 578 1365 633 sqq.
1408 574 1518 630 ego
1555 553 1565 636 Ι
1603 565 1672 618 22
1699 560 1764 616 L.
1789 560 1967 618 Icium
1998 563 2328 620 Torrentius

510 664 612 721 pro
643 648 849 703 Licium
892 646 979 702 vel
1010 647 1236 717 Lycium
1270 646 1360 701 vel
1404 643 1602 699 Litium
1650 636 1677 723 ΙΙ
1730 652 1828 716 59,
1862 653 1929 705 21
1981 648 2177 702 aberat
2217 651 2326 704 eod

507 731 682 788 Nonn.
717 730 869 787 Cort.
907 731 976 785 ed
994 729 1143 785 Basil
1174 736 1309 789 1533
1342 743 1445 801 pro
1477 729 1675 784 aderat
1702 721 1729 807 ΙΙ
1759 735 1845 798 60,
1879 738 1903 788 1
1934 731 2050 786 loco
2079 732 2151 787 ed
2172 731 2326 788 Basi}

509 823 646 876 1533
667 831 771 888 pro
802 816 955 885 lonqo
993 806 1005 892 Ι
1042 818 1076 870 2
1101 813 1243 868 ludis
1265 818 1318 868 et
1341 826 1508 867 scena
1538 811 1871 886 Stephanus.
1907 815 2049 870 ludis
2077 822 2131 870 et
2154 829 2327 870 scena

508 901 718 956 Memm.
759 915 860 971 pro
895 899 1048 952 ludos
1080 904 1131 952 et
1155 911 1381 953 scenam
1432 888 1442 974 Ι
1499 903 1562 954 12
1593 898 1662 952 ab
1693 913 1754 953 se
1788 899 2111 956 Beroaldus.
2158 900 2237 954 ad
2263 913 2328 953 se

512 983 665 1039 Paris
689 987 844 1042 6116.
892 981 1017 1036 Med
1043 985 1094 1037 2.
1133 979 1250 1036 Exo
1272 981 1439 1037 Voss.
1472 981 1620 1037 Frib.
1656 997 1762 1054 pro
1798 997 1859 1037 se
1900 972 1928 1059 ΙΙ
1969 986 2066 1046 62,
2115 988 2183 1040 10
2223 985 2326 1037 sed

509 1068 790 1123 violentius
831 1065 1091 1120 Pithoeus
1126 1080 1231 1137 pro
1264 1066 1451 1120 sedulo
1484 1066 1677 1120 lentius
1727 1056 1737 1142 Ι
1785 1071 1855 1123 33
1893 1065 2170 1134 adaperta
2212 1068 2323 1122 Be·

512 1150 737 1207 roaldus
794 1165 899 1221 pro
942 1149 1212 1219 adoperta
1259 1139 1287 1227 ΙΙ
1327 1155 1426 1220 63,
1456 1154 1523 1208 12
1563 1151 1648 1204 vir
1687 1150 1861 1204 virum
1890 1148 2214 1205 Torrentius
2260 1158 2356 1227 ut,

510 1252 562 1307 p.
608 1238 707 1302 54,
747 1238 816 1291 20
864 1248 967 1305 pro
1019 1234 1393 1301 triumvirum,
1434 1233 1538 1289 sed
1568 1233 1671 1287 err.
1720 1249 1775 1304 p.
1802 1238 1892 1302 55,
1934 1238 2001 1292 13
2048 1223 2058 1310 Ι
2108 1239 2170 1294 17
2215 1249 2325 1290 nec

507 1333 707 1388 mayna
721 1316 1046 1372 Torrentius
1085 1308 1096 1395 Ι
1134 1322 1202 1376 26
1234 1317 1668 1373 tribuErasmus.
1705 1315 1947 1371 tribubus
1976 1318 2083 1373 eod
2099 1317 2314 1376 Palatl.

507 1401 644 1458 Edd.
677 1416 779 1472 pro
809 1400 979 1455 tribus
1016 1391 1027 1479 Ι
1064 1406 1130 1461 37
1166 1403 1386 1473 eripere
1413 1401 1653 1456 Iuneker
1683 1416 1788 1474 pro
1819 1402 2056 1472 eriperet
2082 1393 2113 1480 ΙΙ
2139 1407 2227 1473 64,
2250 1408 2315 1462 11

505 1499 773 1541 consensu
807 1485 878 1539 ed
902 1485 1035 1540 Rom
1058 1493 1105 1543 1.
1136 1491 1171 1542 2
1200 1501 1306 1558 pro
1342 1498 1606 1541 concessu
1643 1478 1651 1559 Ι
1692 1492 1756 1545 31
1790 1483 1919 1540 huic
1950 1485 2076 1541 urbi
2095 1485 2317 1541 Ouden-

508 1568 738 1641 dorpius
774 1583 878 1640 pro
906 1568 1035 1624 huic
1064 1560 1094 1648 ΙΙ
1121 1574 1210 1639 66,
1237 1575 1307 1628 20
1350 1568 1555 1626 Vinicio
1589 1568 1861 1637 Gil'auius‚
1891 1570 1993 1625 sed
2023 1571 2124 1626 efr.
2153 1568 2316 1625 Orel-

507 1652 569 1708 lii
609 1641 882 1724 inseriptt.
927 1669 1020 1710 no.
1049 1660 1188 1714 3309
1241 1649 1255 1730 Ι
1301 1659 1373 1714 23
1407 1659 1602 1709 notare
1643 1652 1862 1725 Lipsius
1907 1669 2011 1725 pro
2054 1661 2253 1710 natare
2299 1646 2314 1730 Ι

505 1744 576 1796 30
606 1750 849 1791 mensum
878 1752 1009 1806 ego.
1047 1752 1329 1793 mensuum
1343 1738 1555 1793 Memm.
1585 1752 1691 1809 pro
1719 1739 1982 1793 mensium
2009 1729 2037 1817 ΙΙ
2066 1744 2156 1808 67,
2183 1743 2247 1801 2;
2280 1744 2321 1794 3

504 1818 749 1883 Phoebe3
787 1818 1035 1876 Phoebes
1071 1821 1319 1876 Gifanius
1359 1837 1462 1893 pro
1490 1820 1687 1894 foede;
1725 1821 1918 1892 foedes
1967 1816 1975 1899 Ι
2024 1828 2090 1882 25
2136 1821 2313 1877 Salvi-

506 1905 725 1959 dienum
769 1904 839 1959 ed
863 1904 1012 1960 Basil
1047 1911 1182 1964 1533
1214 1920 1319 1976 pro
1354 1903 1719 1960 Salvidenium
1771 1896 1784 1985 Ι
1831 1912 1900 1966 35
1940 1908 2031 1961 sui
2071 1907 2141 1962 ed
2164 1904 2312 1960 Basil

508 1995 646 2048 1533
675 2005 780 2061 pro
811 2003 947 2043 suae
984 1979 995 2067 Ι
1031 1994 1102 2049 38
1129 1987 1364 2059 friqoris
1386 1989 1604 2062 Lipsius
1634 2006 1739 2062 pro
1767 1992 1968 2062 riyoris
1998 1982 2024 2069 ΙΙ
2052 1996 2134 2054 68,
2162 1996 2196 2045 2
2222 1988 2318 2044 hic

508 2072 831 2129 Torrentius
861 2089 967 2144 pro
994 2079 1046 2127 et
1073 2071 1164 2126 hic
1217 2065 1228 2149 Ι
1276 2079 1345 2133 16
1388 2073 1636 2129 Licinum
1667 2074 1993 2131 Torrentius
2033 2090 2136 2146 pro
2165 2073 2311 2129 Lici-

506 2158 656 2211 nium
692 2147 703 2233 Ι
741 2162 792 2211 el
803 2156 1062 2212 Celadum
1085 2154 1445 2213 Casaubonus
1469 2174 1571 2230 pro
1585 2158 1928 2213 Enceladum
1956 2153 1981 2233 ΙΙ
2012 2164 2101 2228 69,
2129 2164 2165 2217 4
2196 2159 2318 2214 viro

508 2239 617 2296 eod
628 2238 796 2295 Basil.
824 2239 1044 2295 Vindob
1063 2246 1109 2297 1.
1144 2240 1448 2296 Beroaldus
1469 2257 1574 2313 pro
1598 2243 1704 2297 viri
1728 2232 1756 2320 ΙΙ
1785 2247 1922 2311 71,6
1951 2242 2314 2313 technyphion

512 2339 619 2394 ego
645 2314 675 2401 ΙΙ
704 2329 804 2394 72,
835 2328 868 2379 2
896 2324 1069 2378 ludios
1097 2325 1405 2380 Beroaldus
1436 2342 1539 2397 pro
1571 2326 1728 2392 ludos
1765 2317 1776 2404 Ι
1814 2332 1882 2385 18
1915 2342 2021 2397 quo
2056 2326 2314 2382 omittunt

509 2412 726 2464 vetusta
741 2406 1017 2479 Excerpta
1049 2407 1410 2479 etEgnatius‚
1443 2409 1546 2464 efr.
1568 2426 1737 2482 supra
1764 2409 2057 2482 p.xxxlu
2088 2400 2116 2488 ΙΙ
2143 2415 2318 2475 73,10

507 2491 865 2562 eviyilandum
882 2489 1240 2547 Casauhonus
1271 2507 1374 2564 pro
1404 2493 1734 2564 viqilandum
1771 2486 1781 2571 Ι
1819 2499 1887 2553 32
1915 2498 1968 2548 et
1992 2510 2029 2547 a
2052 2495 2316 2549 memoria

506 2573 723 2646 Lipsius
762 2590 868 2645 pro
898 2576 1057 2628 etiam
1090 2577 1408 2631 memoriam
1436 2567 1463 2654 ΙΙ
1493 2580 1582 2647 74,
1613 2582 1682 2633 22
1708 2577 1974 2632 subucula
2005 2582 2057 2631 et
2083 2577 2318 2632 Beroal-

507 2658 609 2713 dus
645 2674 747 2729 pro
775 2657 1073 2713 subuculas
1108 2654 1117 2729 Ι
1155 2665 1225 2718 32
1254 2665 1357 2714 aut
1398 2676 1507 2730 ego
1549 2676 1655 2732 pro
1691 2666 1751 2714 at
1786 2651 1814 2740 ΙΙ
1856 2666 1957 2731 75,
1990 2668 2012 2719 l
2049 2663 2316 2732 seyestria

510 2756 635 2811 ego.
669 2747 906 2812 seyestro
932 2740 1190 2798 Cuiaeius
1221 2760 1328 2816 pro
1348 2745 1591 2800 sestercio
1628 2735 1640 2823 Ι
1682 2749 1744 2803 17
1777 2747 2013 2816 scriptos
2037 2745 2143 2801 eod
2157 2743 2309 2800 Cort.

507 2827 843 2880 Burmannus
881 2842 985 2898 pro
1022 2827 1240 2897 scriptis
1283 2819 1310 2907 ΙΙ
1347 2834 1449 2897 76,
1504 2834 1538 2885 2
1569 2827 1825 2899 ανὺίὺιιε,
1858 2829 1957 2886 cfr.
1994 2828 2317 2886 Priscianus

506 2915 594 2977 10,
623 2914 680 2977 8,
714 2914 783 2968 43
819 2903 828 2981 Ι
868 2914 936 2967 14
969 2908 1193 2965 Verrius
1214 2912 1547 2980 Beroaldus,
1576 2911 1849 2967 adversus
1882 2917 2190 2984 temporum
2219 2929 2313 2969 ra-

507 2990 709 3046 tiones.
784 2993 1024 3049 Granius
1053 2992 1416 3051 Casaubonus
1453 2993 1462 3066 Ι
1507 2999 1572 3054 16
1601 2996 1783 3050 inanis
1815 2994 1879 3050 lo
1902 2996 1971 3049 Fr
1993 2994 2315 3052 Gronovius

506 3090 609 3147 pro
638 3077 893 3132 inanibus
928 3069 939 3155 Ι
977 3083 1047 3137 28
1072 3078 1316 3134 bacelum
1342 3079 1600 3134 Erasmus
1640 3070 1649 3157 Ι
1687 3084 1739 3134 et
1758 3094 1874 3150 pro
1899 3079 2055 3149 pullo
2086 3079 2223 3135 Edd.
2252 3086 2319 3134 ut

496 3159 713 3231 pullum
748 3162 1069 3232 pullaceum
1110 3178 1219 3233 ego
1268 3152 1298 3240 ΙΙ
1333 3167 1433 3232 77,
1465 3168 1499 3220 4
1539 3177 1653 3232 per
1679 3163 1818 3217 Arei
1860 3162 2166 3219 Salmasius
2205 3180 2314 3234 pro

500 3247 760 3314 speraret·
798 3237 826 3323 ΙΙ
861 3250 931 3305 79
949 3286 968 3316 ,
999 3251 1033 3302 2
1072 3245 1450 3317 Hierosolyma
1484 3246 1821 3303 Burmannus
1854 3261 1960 3318 pro
1989 3247 2314 3317 Hierosoly-

503 3344 648 3384 mam
687 3322 698 3402 Ι
733 3334 799 3387 21
830 3334 1117 3385 matronae
1144 3330 1494 3401 convenirent
1512 3328 1754 3386 Ernesti.
1786 3335 2072 3386 matronae
2094 3330 2310 3386 domum

500 3416 644 3468 irent
689 3411 959 3471 Graevius
999 3407 1025 3490 ΙΙ
1069 3418 1166 3483 80,
1205 3418 1241 3472 8
1283 3413 1577 3469 Caesarem
1624 3414 1874 3470 Drusum
1921 3412 2119 3469 Mulier
2162 3415 2315 3485 apud

501 3499 726 3570 Baumg.
762 3497 1015 3563 Crusium
1051 3489 1062 3574 Ι
1099 3503 1164 3556 21
1195 3498 1251 3551 in
1282 3498 1398 3552 eius
1423 3499 1604 3553 sinum
1634 3513 1811 3571 remp.
1844 3514 2009 3572 quam
2037 3514 2169 3569 ego,
2202 3497 2302 3555 cfr.
