2553 3960
308 215 389 275 76
478 227 537 275 C.
569 226 868 275 SUE'I'ONI
904 226 1159 286 TRANQ.
1191 226 1288 274 DE
1317 227 1483 274 VITA
1527 224 1894 275 CAESARUM
1920 227 2062 275 Lm.
2091 228 2166 274 11.
2198 295 2202 298 Α

305 380 535 442 facilius
578 382 842 441 efficeret
879 391 974 441 aut
1000 381 1215 441 necubi
1245 382 1529 441 lectorem
1561 381 1658 440 vel
1687 380 2004 442 auditorem
2039 381 2313 442 obturba-

304 473 396 525 ret
439 483 512 525 ac
549 474 906 542 moraretur,
951 483 1140 545 neque
1187 464 1660 544 praepositiones
1694 464 1933 525 urbibus
1964 463 2180 526 addere
2210 483 2315 525 ne·

305 566 420 628 que
468 550 907 610 coniunctiones
954 551 1187 628 saepius
1229 550 1442 609 iterare
1487 547 1791 625 dubitavit,
1834 567 1983 627 quae
2014 548 2314 610 detractae

303 633 550 693 afferunt
579 632 792 712 aliquid
826 633 1225 710 obscuritatis,
1274 634 1384 692 etsi
1412 634 1655 709 gratiam
1686 641 1919 710 augent.
1980 632 2315 693 cacozelos

304 725 363 776 et
391 718 780 796 antiquarios,
814 726 873 777 ut
906 715 1140 776 diverso
1167 733 1391 793 genere
1421 716 1690 793 vitiosos,
1723 716 1852 795 pari
1877 716 2109 776 fastidio
2143 733 2307 795 spre-
2331 743 2355 781 ⁵

305 801 405 877 vit,
432 801 880 879 exagitabatque
910 817 1362 879 nonnumquam
1396 800 1453 857 in
1481 801 1679 877 primis
1700 790 2099 860 Maecenatem
2126 818 2308 877 suum,

305 886 468 946 cuius
507 883 967 964 myrobrechis,
1010 893 1070 944 ut
1107 885 1214 961 ait,
1261 882 1579 944 cincinnos
1621 901 1807 963 usque
1845 901 2075 963 quaque
2108 901 2308 963 perse·

303 970 496 1049 quitur
532 978 591 1028 et
631 968 900 1028 imitando
936 986 1043 1047 per
1071 969 1263 1027 iocum
1294 965 1513 1026 irridet.
1567 966 1685 1026 Sed
1715 985 1826 1028 nec
1853 968 2090 1028 Tiberio
2123 968 2311 1047 parcit

304 1062 363 1113 et
406 1052 673 1113 exoletas
705 1052 986 1112 interdum
1016 1061 1073 1111 et
1103 1049 1440 1111 reconditas
1471 1068 1657 1111 voces
1688 1053 2016 1129 aucupanti.
2076 1052 2153 1113 M.
2186 1051 2306 1131 qui-

299 1135 430 1196 dem
468 1137 778 1196 Antonium
828 1144 888 1195 ut
938 1137 1195 1195 insanum
1246 1137 1545 1213 increpat,
1605 1137 1770 1214 quasi
1823 1153 1893 1196 ea
1937 1135 2308 1212 scribentem,
2328 1153 2383 1194 ιο

301 1237 450 1299 quae
487 1220 765 1278 mirentur
806 1220 1001 1298 potius
1041 1218 1308 1278 homines
1351 1235 1520 1297 quam
1562 1219 1934 1297 intellegant;
1981 1220 2189 1280 deinde
2222 1218 2306 1278 lu-

300 1304 444 1363 dens
491 1302 699 1363 malum
740 1311 799 1362 et
839 1305 1177 1362 inconstans
1220 1303 1276 1361 in
1321 1300 1596 1379 eligendo
1628 1321 1854 1381 genere
1886 1302 2112 1364 dicendi
2143 1305 2305 1381 inge·

300 1389 450 1447 nium
480 1389 638 1464 eius,
674 1386 828 1447 addit
858 1386 1036 1447 haec:
1077 1384 1285 1464 Tuque
1307 1383 1580 1462 dubitas,
1610 1386 1936 1448 Cimberne
1952 1385 2194 1448 Annius
2222 1403 2310 1447 an

308 1470 612 1531 Veranius
650 1468 918 1531 Flaccus
952 1468 1237 1530 imnandi
1272 1470 1399 1529 sint
1439 1468 1586 1546 tibi,
1629 1472 1722 1533 ita
1760 1478 1830 1531 ut
1855 1469 2096 1547 verbis,
2144 1487 2308 1551 quae

301 1555 565 1634 Crispus
591 1553 930 1615 Sallustius
969 1553 1287 1632 excerpsit
1317 1571 1397 1613 ecc
1432 1550 1794 1632 Oriyinibus
1825 1553 2119 1629 Catonis,
2161 1562 2298 1615 uta·
2326 1577 2378 1618 ιι

296 1640 431 1700 ris?
462 1657 546 1699 an
567 1640 776 1718 potius
796 1636 1217 1700 Asiaticorum
1245 1644 1567 1699 oratorum
1595 1638 1806 1699 inanis
1827 1640 2145 1699 sententiis
2163 1656 2300 1699 ver-

300 1723 515 1785 borum
576 1722 936 1784 volubilitas
986 1722 1051 1783 in
1102 1728 1381 1783 nostrwn
1428 1739 1768 1783 sermonem
1817 1720 2305 1799 transferenda?

295 1807 371 1867 Et
413 1806 654 1886 quadam
698 1808 946 1885 epistola
977 1806 1343 1884 Agrippinae
1377 1808 1570 1885 neptis
1603 1807 1893 1885 ingenium
1929 1806 2301 1883 conlaudans,

296 1890 426 1952 Sed
451 1909 609 1969 opus
640 1898 761 1965 est,
811 1891 1021 1970 inquit,
1070 1890 1229 1950 dare
1259 1896 1319 1949 te
1346 1907 1634 1967 operam,
1671 1909 1749 1951 ne
1773 1890 2026 1951 moleste
2052 1889 2305 1952 scribas

301 1982 361 2036 et
396 1975 695 2055 loquaris.
2317 1995 2374 2037 ao

210 2054 277 2110 87
425 2058 726 2120 Cotidiano
789 2075 1057 2118 sermone
1115 2060 1395 2137 quaedam
1447 2060 1805 2139 frequentius
1863 2068 1921 2118 et
1969 2058 2303 2121 notabiliter

298 2160 614 2222 usurpasse
671 2160 826 2219 eum,
885 2142 1112 2202 litterae
1159 2145 1346 2222 ipsius
1396 2142 1798 2221 autographae
1854 2150 2186 2220 ostentant,
2244 2145 2302 2202 in

301 2226 509 2306 quibus
558 2225 867 2287 identidem
890 2272 908 2302 ,
961 2243 1088 2286 cum
1140 2227 1370 2306 aliquos
1417 2244 1719 2307 numquam
1774 2226 2069 2286 soluturos
2125 2228 2300 2304 signi-

300 2313 477 2373 ficare
525 2310 672 2388 vult,
726 2309 815 2370 ad
854 2307 999 2371 Kal.
1045 2309 1332 2372 Graecas
1369 2312 1696 2393 ‚soluturos
1739 2310 1847 2380 ait;
1901 2319 1961 2371 et
1998 2327 2125 2370 cum
2166 2310 2300 2371 hor-

296 2404 447 2455 tatur
489 2395 728 2456 ferenda
774 2412 909 2454 esse
957 2397 1319 2473 praesentia,
1360 2395 1797 2475 qualiacumque
1841 2395 1983 2472 sint,
2037 2400 2374 2456 contentia

298 2480 493 2539 simus
531 2478 649 2540 hoc
682 2477 959 2549 Catone,·
1011 2486 1069 2537 et
1110 2478 1183 2539 ad
1222 2478 1655 2559 exprimendam
1685 2477 1991 2538 festinatae
2020 2479 2107 2538 rei
2136 2478 2300 2538 velo-

299 2566 526 2624 citatem
544 2608 562 2640 ,
606 2562 870 2624 celerius
906 2556 1093 2641 qua'm
1132 2562 1441 2642 asparayi
1478 2569 1777 2624 cocuntur
1793 2586 1819 2631 ,·
1863 2562 2027 2640 ponit
2069 2562 2303 2623 assidue

298 2658 356 2707 et
393 2663 503 2727 pro
548 2647 724 2707 stulto
768 2646 1086 2708 baceolum
1131 2646 1307 2726 apud
1337 2646 1574 2726 pullum
1597 2645 2038 2724 pulleiaceum,
2084 2655 2145 2706 et
2188 2664 2300 2726 pro

298 2732 508 2791 cerrito
534 2747 967 2807 vacerrosum,
1003 2739 1062 2791 et
1087 2731 1320 2811 capide
1346 2749 1411 2790 se
1446 2730 1663 2790 habere
1693 2747 1802 2808 pro
1837 2729 2021 2806 male,
2056 2739 2115 2791 et
2147 2729 2298 2792 beti-

292 2832 447 2875 zare
486 2832 594 2894 pro
641 2815 949 2892 languere,
1001 2815 1158 2894 quod
1198 2815 1380 2893 vulgo
1424 2814 1829 2876 lachanizare
1874 2812 2106 2883 dicitur;
2161 2815 2298 2875 item
2319 2831 2374 2874 ³⁶

292 2899 487 2960 simus
528 2916 637 2978 pro
666 2917 891 2975 sumus,
937 2908 994 2958 et
1024 2898 1243 2960 domos
1275 2900 1538 2977 genitivo
1573 2915 1710 2958 casu
1743 2897 2023 2973 singulari
2055 2914 2164 2976 pro
2195 2897 2301 2959 do-

291 2999 436 3042 mus.
493 2982 621 3044 Nec
664 3001 925 3062 umquam
958 2982 1125 3043 aliter
1161 2983 1311 3044 haec
1343 2982 1488 3057 duo,
1530 2999 1603 3041 ne
1642 2981 1770 3060 quis
1811 2979 2075 3041 mendam
2113 2984 2303 3058 magis

297 3083 463 3143 quam
499 3066 968 3128 consuetudinem
999 3075 1180 3145 putet.

412 3147 627 3209 Notavi
665 3160 722 3210 et
749 3153 806 3209 in
840 3150 1236 3229 chirographo
1269 3151 1395 3210 eius
1422 3149 1522 3211 illa
1556 3151 1906 3229 praecipue:
1947 3167 2065 3209 non
2101 3148 2304 3209 dividit

294 3229 475 3289 verba
516 3248 628 3291 nec
676 3234 748 3292 ab
790 3243 1047 3293 extrema
1089 3243 1255 3313 parte
1299 3252 1570 3294 versuum
1613 3232 1953 3294 abundantis
1985 3231 2210 3293 litteras
2242 3234 2301 3292 in
2322 3256 2377 3297 ss

298 3310 541 3370 alterum
580 3316 883 3393 transfert,
921 3315 1027 3377 sed
1062 3318 1273 3378 ibidem
1319 3319 1507 3378 statim
1548 3317 1757 3378 subicit
1784 3315 2301 3395 circumducitque.

210 3392 813 3475 880rthomaphiam,
865 3401 923 3461 id
973 3410 1066 3461 est
1114 3401 1419 3463 formulam
1469 3403 1868 3480 rationemque
1921 3399 2217 3460 scribendi
2266 3417 2305 3461 a

300 3476 681 3545 grammaticis
726 3480 1058 3562 institutam,
1108 3502 1225 3545 non
1266 3476 1432 3546 adeo‘
1452 3486 1702 3547 custodit
1737 3503 1807 3545 ac
1837 3484 2062 3544 videtur
2098 3500 2306 3544 eorum
