2553 3960
313 198 436 262 29⁵²
859 209 919 257 ο.
967 207 1295 257 summm
1342 205 1770 266 'remquam

313 365 496 428 tribus
544 365 852 429 carminum
891 363 1056 424 libris
1098 381 1173 423 ex
1216 363 1396 440 longo
1435 361 1745 421 intervallo
1779 370 2038 439 quartum
2071 360 2331 433 addere3

313 462 449 530 post
490 451 804 512 Sermones
843 464 987 508 vero
1027 447 1307 527 quosdam
1349 447 1539 506 lectos
1581 445 1791 505 nullam
1843 446 1932 505 sui
1975 446 2333 505 mentionem

312 534 566 595 habitam
596 535 676 594 ita
710 533 786 592 sit
820 541 1091 610 questus:
1135 528 1350 592 Irasci
1374 547 1471 591 me
1510 529 1623 591 tibi
1650 529 1843 607 scito,
1889 528 2058 609 quod
2098 547 2227 591 non
2264 530 2333 590 in

309 619 625 699 plerisque
652 617 787 677 eius
822 615 993 677 modi
1016 615 1278 694 scriptis
1306 632 1541 675 mecum
1576 612 1964 693 potissimum
2000 612 2289 693 loquaris
2303 638 2334 685 ;

313 720 399 765 an
426 701 665 764 vereris
687 719 767 762 ne
798 699 974 780 apud
996 706 1288 778 posteros
1315 698 1549 778 infame
1576 697 1688 759 tibi
1715 697 1830 774 sit,
1862 696 2031 777 quod
2047 696 2336 758 videaris
2358 719 2380 757 s

307 786 654 867 familiaris
676 784 859 846 nobis
888 786 1071 845 esse?
1139 781 1570 861 Expressitque
1602 780 1889 859 Eclogam
1921 782 1994 842 ad
2024 800 2126 858 se,
2165 783 2333 841 cuius

312 873 527 932 initium
560 879 679 931 est:

621 957 753 1014 Cum
793 963 867 1024 tot
891 959 1165 1013 sustineas
1194 963 1245 1011 et
1274 961 1426 1011 tanta
1454 958 1669 1028 neqotia
1697 956 1864 1024 solus,

619 1042 737 1098 Res
765 1040 944 1098 Italas
977 1043 1151 1097 armis
1182 1043 1401 1109 tuteriS,
1438 1039 1893 1109 moribus'ornes,

621 1125 853 1197 Leyibus
882 1125 1134 1181 emendes
1149 1149 1165 1179 .·
1204 1126 1263 1179 in
1281 1124 1510 1196 publica
1539 1124 1821 1180 commoda
1842 1138 2088 1197 peccem,
2359 1136 2408 1176 ιο

621 1208 686 1264 Si
711 1211 868 1281 lonyo
904 1223 1161 1265 sermone
1192 1223 1380 1264 morer
1407 1216 1506 1264 tua
1536 1216 1815 1280 tempora,
1846 1207 2074 1264 Caesar.

439 1286 648 1348 Habitu
704 1290 972 1365 corporis
1026 1288 1132 1347 fuit
1182 1287 1381 1347 brevis
1433 1297 1607 1367 atque
1651 1287 1899 1365 obesus,
1961 1286 2147 1366 qualis
2197 1296 2259 1347 et
2304 1307 2339 1349 a

315 1381 502 1434 semet
530 1372 660 1450 ipso
694 1372 751 1431 in
784 1372 985 1433 Satiris
1019 1371 1370 1431 describitur
1401 1382 1460 1431 et
1496 1372 1567 1432 ab
1599 1372 1865 1449 Augusto
1902 1371 2012 1432 hac
2043 1372 2335 1451 epistola:

316 1455 575 1519 Pertulit
620 1454 710 1516 ad
752 1475 847 1516 me
901 1453 1172 1535 Onysius
1214 1454 1486 1517 libellum
1529 1462 1726 1533 tuum,
1788 1472 1963 1536 quem
2011 1473 2123 1535 eqo
2168 1462 2238 1516 ut
2295 1474 2341 1516 a

320 1546 654 1618 causante,
723 1541 1316 1621 quantuluscumque
1357 1547 1480 1616 est,
1552 1538 1702 1601 boni
1754 1539 2028 1601 consulo.
2119 1538 2342 1601 Vereri
2359 1560 2407 1601 ιε

316 1631 520 1686 autem
548 1624 699 1685 mihi
739 1626 975 1686 videris
1010 1643 1090 1685 ne
1126 1625 1403 1685 maiores
1434 1623 1630 1685 libelli
1667 1624 1759 1684 tui
1792 1624 1946 1700 sint,
1982 1641 2164 1704 quam
2195 1625 2339 1703 ipse

319 1727 432 1779 es‚·
491 1708 605 1768 sed
630 1708 744 1769 tibi
768 1715 1019 1771 statura
1048 1708 1246 1785 deest,
1293 1707 1730 1786 corpusculum
1767 1727 1891 1769 non
1928 1708 2118 1769 deest.
2195 1707 2330 1770 Ita·

313 1810 430 1874 que
484 1791 691 1854 licebit
738 1793 803 1853 in
845 1791 1193 1854 sextariolo
1234 1790 1519 1869 scribas,
1570 1798 1640 1853 ut
1679 1791 1974 1852 circuitus
2002 1793 2336 1854 voluminis

313 1876 404 1938 tui
426 1875 511 1938 sit
536 1866 1066 1956 ὀγκωὸέστατος,
1105 1876 1267 1938 sicut
1300 1883 1395 1937 est
1425 1875 1755 1937 ventriculi
1780 1876 1886 1936 tui.

387 1989 407 1997 -
444 1960 537 2022 Ad
566 1979 665 2021 res
699 1959 986 2022 Venerias
1014 1962 1496 2040 intemperantior
1528 1960 1799 2030 traditur;
1837 1961 1989 2041 [nam
2020 1962 2333 2043 speculato
2350 1990 2396 2030 2⁰

316 2044 585 2106 cubiculo
619 2055 814 2106 scorta
846 2046 1055 2106 dicitur
1081 2044 1357 2105 habuisse
1396 2046 1710 2124 disposita,
1742 2053 1803 2105 ut
1817 2063 2201 2127 quocumque
2236 2067 2332 2108 re·

312 2130 610 2209 spexisset
654 2127 734 2188 ibi
781 2131 835 2190 ei
878 2130 1069 2206 imago
1102 2131 1290 2189 coitus
1324 2129 1693 2209 referi-etun]
1754 2128 1913 2189 Vixit
1942 2131 2247 2209 plurimum
2276 2134 2335 2192 in

311 2230 558 2273 secessu
599 2213 749 2272 ruris
795 2214 879 2273 sui
921 2214 1117 2273 Sabini
1157 2223 1254 2273 aut
1286 2212 1598 2289 Tiburtini,
1642 2214 1961 2292 domusque
2005 2217 2335 2276 ostenditur

313 2299 468 2357 circa
518 2294 754 2356 Tiburni
807 2296 1081 2358 luculum.
1144 2296 1445 2359 Venerunt
1496 2299 1555 2358 in
1601 2315 1802 2358 manus
1853 2317 2013 2360 meas
2056 2308 2115 2359 et
2153 2298 2334 2378 Elegi

311 2379 418 2441 sub
461 2379 629 2440 titulo
673 2381 798 2440 eius
842 2391 901 2442 et
931 2382 1181 2461 epistola
1213 2399 1391 2460 prosa
1422 2383 1685 2444 oratione
1717 2385 1881 2461 quasi
1923 2385 2400 2448 commendan·2s
2490 2374 2503 2391 ’

310 2466 384 2545 tis
416 2482 480 2524 se
512 2462 870 2543 Maecenati,
909 2465 1013 2527 sed
1049 2474 1294 2546 utraque
1326 2466 1474 2527 falsa
1519 2475 1691 2545 puto:
1734 2485 1864 2527 nam
1907 2466 2081 2546 Elegi
2122 2469 2333 2546 vulga-

310 2566 436 2620 reS,
472 2548 723 2627 epistola
758 2551 929 2610 etiam
965 2549 1251 2626 obscura,
1289 2568 1404 2628 quo
1435 2551 1575 2611 vitio
1606 2552 1834 2611 minime
1867 2551 2195 2612 tenebatur.

434 2631 617 2694 Natus
664 2643 754 2694 est
793 2633 894 2694 VI.
942 2634 1078 2697 Idus
1123 2633 1472 2694 Decembris
1511 2635 1572 2695 L.
1619 2632 1787 2696 Cotta
1833 2645 1891 2696 et
1928 2635 1992 2697 L.
2028 2634 2331 2716 Torquato

312 2716 683 2794 consulibua,
727 2718 985 2778 decessit
1026 2717 1098 2776 V.
1130 2716 1224 2777 Kl.
1268 2717 1614 2780 Decembris
1650 2717 1713 2780 C.
1748 2718 1967 2782 Marcio
2001 2718 2330 2782 Censorino

308 2810 370 2863 et
412 2798 478 2861 C.
518 2801 723 2862 Asinio
769 2801 937 2863 Gallo
983 2801 1321 2863 consulibus
1367 2813 1500 2883 post
1550 2821 1761 2864 nonum
1809 2815 1869 2866 et
1914 2805 2393 2885 quinquagesi·³e

308 2904 458 2946 mum
489 2903 729 2962 annum,
760 2886 983 2947 herede
1015 2886 1282 2963 Augusto
1320 2887 1506 2965 palam
1537 2897 1890 2969 nuncupato,
1930 2908 2054 2948 cum
2079 2899 2330 2968 urgente

308 2972 366 3030 vi
398 2970 728 3031 valitudinis
778 2987 893 3030 non
936 2971 1237 3031 sufficeret
1264 2972 1338 3032 ad
1368 2972 1761 3050 obsignandas
1789 2975 2118 3034 testamenti
2159 2973 2327 3034 tabu·

310 3053 417 3114 las.
491 3054 767 3116 Humatus
798 3064 855 3115 et
887 3055 1174 3116 conditus·
1197 3064 1287 3114 est
1330 3058 1605 3117 extremis
1650 3055 1928 3135 Esquiliis
1971 3058 2127 3118 iuxta
2164 3057 2328 3118 Mae-

313 3139 534 3197 cenatis
577 3140 870 3200 tumulum.
916 3137 1151 3200 Exstat
1176 3138 1332 3200 haec
1352 3141 1484 3200 vita
1524 3141 1599 3201 in.
1623 3140 2045 3220 compluribus
2073 3140 2334 3203 Horatii

312 3218 662 3298 codicibus,
716 3223 881 3285 unde
924 3223 1167 3303 primus
1214 3225 1478 3302 protulit
1518 3226 1928 3306 Suetonioque
1983 3225 2333 3288 vindicavit
2347 3248 2398 3290 ss

312 3301 531 3363 Petrus
555 3303 841 3368 Nannius
870 3325 931 3368 a.
967 3316 1144 3369 1548.
1802 3346 1805 3351 -

431 3384 710 3448 Aemilius
738 3389 937 3451 Macer
964 3390 1326 3452 Veronensis
1363 3402 1537 3471 poeta
1573 3394 1630 3452 in
1659 3393 1801 3453 Asia
1832 3394 2071 3454 moritur
2089 3412 2149 3455 a.
2187 3403 2324 3459 738.

442 3464 679 3527 Ovidius
719 3470 874 3532 Naso
907 3477 1164 3535 nascitur
1192 3477 1251 3536 in
1281 3476 1539 3555 Pelignis
1586 3494 1650 3539 a.
1703 3485 1832 3538 712.
1876 3485 1988 3538 713
2027 3521 2043 3538 .
2081 3522 2096 3537 .
2133 3521 2148 3537 .
2189 3477 2328 3537 Ovi-
