2553 3960
1064 182 1125 233 o.
1171 182 1541 233 CALIGULA.
2185 183 2303 248 129

301 334 426 394 sine
454 335 678 413 iurgiis.
763 336 908 398 Nam
939 355 1057 399 vox
1099 340 1493 400 comminantis
1529 340 1717 403 audita
1758 334 1991 406 est:’‘H
2018 336 2090 426 μ’
2132 335 2307 411 α’νοέ-

302 406 452 498 etp-²,
496 405 537 497 ἢ
573 407 701 497 ἐγώ
739 416 842 482 σέ·
898 420 1086 482 donec
1129 432 1438 499 exoratus,
1489 432 1550 484 ut
1595 425 1919 505 referebat,
1967 438 2025 490 et
2065 432 2122 491 in
2166 448 2301 492 con-

299 501 623 561 tubernium
683 503 834 564 ultro
905 505 1203 582 Invitatus,
1286 525 1462 585 super
1522 508 1796 587 templum
1858 509 1990 571 Divi
2054 513 2305 592 Augusti

300 594 478 664 ponte
511 588 884 664 transmisso,
941 588 1216 650 Palatium
1246 588 1706 671 Capitoliumque
1757 595 2065 656 coniunxit.
2140 598 2303 677 Mox,

248 686 279 726 5
304 686 417 749 quo
464 670 709 749 propior
739 680 924 750 esset,
987 674 1044 732 in
1082 691 1216 734 area
1261 671 1587 752 Capitolina
1633 692 1819 736 novae
1863 675 2065 740 domus
2107 680 2302 742 funda-

297 761 488 813 menta
534 755 692 814 iecit.

424 837 728 918 Agrippae
770 857 836 898 se
872 848 1146 917 nepotem
1188 858 1378 920 neque
1427 840 1586 901 credi
1630 859 1818 921 neque
1864 843 1974 905 dici
2020 845 2095 905 ob
2137 848 2386 924 igno-23

299 920 573 981 bilitatem
619 923 743 983 eius
784 922 1050 1001 volebat,
1094 924 1619 1004 suscensebatque,
1676 926 1724 986 si
1766 929 1861 1005 qui
1903 927 1999 988 vel
2040 930 2301 990 oratione

297 1003 394 1066 vel
436 1006 684 1068 carmine
729 1006 1070 1086 imaginibus
1116 1025 1244 1068 eum
1287 1006 1600 1068 Caesarum
1641 1010 1981 1070 insererent.
2070 1011 2298 1073 Praedi-

224 1090 468 1151 meabat
507 1099 694 1152 autem
732 1100 972 1153 matrem
1012 1109 1171 1153 suam
1211 1109 1287 1151 ex
1327 1091 1587 1169 incesto,
1634 1091 1787 1173 quod
1820 1093 2116 1171 Augustus
2173 1114 2300 1157 cum

293 1173 437 1235 Iulia
494 1175 610 1236 filia
671 1174 1022 1254 admisisset,
1062 1184 1482 1255 ·procreatam;
1541 1194 1611 1236 ac
1668 1192 1783 1236 non
1840 1186 2141 1240 contentus
2190 1180 2299 1242 hac

294 1257 546 1336 Augusti
589 1260 1005 1338 insectatione,
1057 1260 1333 1322 Actiacas
1382 1260 1722 1340 Siculasque
1764 1263 2077 1341 victorias,
2123 1271 2184 1322 ut
2212 1264 2296 1324 fu-

293 1350 492 1403 nestas
533 1341 598 1403 P.
627 1344 699 1405 R.
744 1351 802 1402 et
849 1344 1249 1421 calamitosas,
1308 1347 1490 1406 vetuit
1522 1345 1899 1406 sollemnibus
1941 1346 2102 1406 feriis
2144 1346 2296 1407 cele-

292 1424 470 1487 brari.
558 1425 772 1488 Liviam
805 1427 1127 1507 Augustam
1170 1429 1499 1508 proaviam,
1560 1428 1791 1489 Ulixem
1840 1429 2107 1489 stolatum
2138 1428 2296 1489 iden·

220 1520 275 1563 1³
294 1509 468 1571 tidem
528 1510 865 1591 appellans,
943 1512 1112 1572 etiam
1166 1512 1543 1589 ignobilitatis
1606 1512 1847 1591 quadam
1907 1511 1977 1572 ad
2041 1521 2299 1573 senatum

291 1594 541 1673 epistula
602 1613 853 1673 arguere
915 1614 1088 1656 ausus
1139 1604 1258 1672 est,
1314 1597 1478 1675 quasi
1529 1600 1790 1657 materno
1835 1613 1944 1657 avo
1987 1594 2298 1656 decurione

288 1677 567 1738 Fundano
602 1686 783 1738 ortam
796 1702 811 1750 3
864 1697 992 1740 cum
1034 1679 1283 1758 publicis
1318 1681 1696 1740 monumentis
1739 1688 1958 1740 certum
1989 1680 2093 1757 sit,
2141 1679 2296 1739 Aufi-

293 1760 445 1821 dium
473 1759 792 1822 Lurconem
831 1763 1051 1825 Romae
1094 1762 1723 1829 honoribusfunctum.
1784 1763 1970 1823 Aviae
2013 1761 2296 1823 Antoniae

293 1853 581 1906 secretum
612 1847 829 1926 petenti
862 1846 1205 1925 denegavit,
1258 1848 1367 1907 nisi
1397 1855 1456 1907 ut
1489 1846 1866 1908 interveniret
1891 1846 2091 1908 Macro
2126 1863 2293 1926 prae·

217 1930 520 2007 suiectus,
584 1948 653 1991 ac
688 1948 798 2011 per
833 1932 997 1993 istius
1036 1930 1190 1992 modi
1232 1931 1601 2011 indignitates
1643 1940 1703 1993 et
1749 1930 1941 1992 taedia
1984 1946 2157 1991 causa
2198 1947 2295 1990 ex-

289 2014 402 2074 titit
457 2016 694 2092 mortis,
753 2014 886 2076 dato
949 2024 1164 2093 tamen,
1230 2025 1294 2076 ut
1347 2016 1574 2096 quidam
1634 2023 1861 2096 putant,
1917 2022 1976 2076 et
2035 2030 2293 2083 veneno;

286 2115 400 2158 nee
440 2097 748 2159 defunctae
796 2099 970 2161 ullum
1029 2099 1307 2160 honorem
1360 2100 1589 2177 habuit,
1654 2100 2073 2180 prospexitque
2121 2116 2154 2158 e
2201 2097 2295 2157 tri-

289 2182 464 2242 clinio
531 2182 828 2243 ardentem
893 2201 1118 2262 rogum.
1207 2183 1467 2244 Fratrem
1532 2183 1824 2244 Tiberium
1885 2183 2292 2261 inopinantem,

287 2276 536 2346 repente
581 2268 837 2328 immisso
878 2267 1107 2328 tribuno
1166 2267 1434 2345 militum,
1490 2268 1807 2335 inter-emin
1867 2267 2119 2327 Silanum
2163 2265 2295 2324 item

210 2368 562 2413 assocerum
601 2351 672 2413 ad
714 2368 921 2411 necem
967 2350 1369 2430 secandasque
1413 2350 1697 2412 novacula
1746 2351 1948 2411 fauces
1991 2348 2293 2428 compulit:

290 2443 558 2496 causatus
582 2436 657 2495 .in
688 2442 966 2514 utroque,
1032 2434 1188 2514 quod
1225 2434 1320 2494 hic
1364 2434 1690 2512 ingressum
1724 2452 1790 2494 se
1823 2434 2103 2494 turbatius
2134 2448 2293 2491 mare

287 2532 404 2579 non
434 2527 595 2579 esset
621 2526 854 2579 secutus
884 2537 954 2579 ac
984 2537 1093 2599 spe
1125 2516 1452 2598 occupandi
1493 2517 1725 2594 urbem,
1788 2516 1838 2576 si
1879 2514 2015 2596 quid
2046 2515 2154 2575 sibi
2186 2531 2294 2593 per

285 2610 665 2681 tempestates
713 2601 1039 2680 accideret,
1084 2603 1486 2670 remansisset;
1541 2601 1642 2661 ille
1684 2598 1994 2660 antidotum
2038 2596 2290 2658 oboluis-

288 2693 409 2762 set,
469 2687 630 2765 quasi
675 2685 750 2747 ad
793 2685 1199 2764 praecavenda
1253 2702 1480 2745 venena
1530 2702 1633 2745 sua
1682 2690 1994 2763 sumptum;
2058 2698 2183 2740 cum
2235 2686 2293 2737 et

209 2768 518 2835 soSilanus
577 2771 968 2848 inpatientiam
1027 2787 1280 2831 nauseae
1336 2771 1578 2830 vitasset
1635 2775 1694 2827 et
1752 2765 2076 2827 molestiam
2136 2761 2291 2822 navi·

285 2852 491 2931 gandi,
551 2862 615 2914 et
641 2853 904 2914 Tiberius
954 2863 1197 2934 propter
1230 2851 1513 2914 assiduam
1544 2860 1603 2912 et
1643 2852 2149 2928 ingravescentem
2177 2853 2289 2904 tus-

286 2936 394 2996 sim
424 2936 840 3001 medicamento
881 2955 1020 2998 usus
1071 2945 1247 2997 esset.
1334 2935 1480 2996 Nam
1518 2933 1813 2996 Claudium
1846 2941 2109 3013 patruum
2146 2945 2287 2989 non·

283 3021 394 3081 nisi
430 3021 489 3081 iu
523 3021 824 3082 ludibrium
854 3022 1196 3082 reservavit.

413 3103 555 3166 Cum
596 3107 857 3175 omnibus
906 3104 1207 3166 sororibus
1244 3105 1361 3164 suis
1407 3102 1879 3164 consuetudinem
1913 3097 2094 3178 stupri
2126 3096 2287 3172 fecit,
2306 3108 2375 3163 24

207 3185 580 3269 &plenoque
652 3190 924 3250 convivio
976 3188 1233 3266 singulas
1288 3187 1437 3248 infra
1495 3205 1560 3248 se
1617 3185 1869 3246 vicissim
1923 3179 2286 3254 conlocabat,

283 3288 471 3333 uxore
530 3291 704 3353 supra
764 3273 1029 3333 cubante.
1116 3271 1209 3331 Ex
1269 3273 1339 3331 iis
1379 3271 1686 3332 Drusillam
1727 3269 1964 3329 vitiasse
2005 3264 2289 3342 virginem

283 3365 684 3435 praetextatus
743 3356 928 3417 adhuc
990 3355 1244 3416 creditur
1290 3364 1462 3434 atque
1511 3355 1679 3414 etiam
1720 3353 1777 3412 in
1818 3348 2124 3412 concubitu
2164 3343 2288 3402 eius

282 3439 571 3519 quondam
617 3439 1017 3519 deprehensus
1078 3437 1150 3500 ab
1195 3437 1447 3500 Antonia
1501 3437 1662 3514 avia,
1721 3434 1872 3516 apud
1916 3446 2082 3577 qgam
2122 3423 2286 3484 Simul

385 3543 697 3583 sum-omns.
