2553 3960
890 252 1100 301 mvus
1141 252 1506 302 cumolos.
2076 239 2199 302 169

201 409 551 471 conscientia
585 426 850 488 quoque,
882 424 994 468 nec
1026 409 1209 468 minus
1243 408 1540 469 delatores
1569 408 1876 468 multorum
1907 407 2200 467 criminum

199 492 534 571 arguebant.
767 497 773 502 '

319 576 395 636 Et
429 594 656 637 veneno
690 576 917 656 quidem
950 578 1208 639 occisum
1254 576 1528 636 convenit
1541 598 1557 646 ;
1616 574 1714 635 ubi
1758 583 1945 635 autem
1989 583 2048 633 et
2091 592 2200 653 per

200 678 366 740 quem
393 660 556 739 dato,
591 661 904 740 discrepat.
956 659 1196 736 Quidam
1226 659 1482 737 tradunt,
1518 659 1774 739 epulanti
1805 661 1862 717 in
1898 676 2036 718 arce
2070 676 2198 718 cum

158 744 602 805 ssacerdotihus
656 762 764 824 per
805 743 1073 805 Halotum
1116 742 1437 823 spadonem
1487 751 2023 822 praegustatorem;
2080 741 2198 819 alii,

200 827 518 890 domestico
565 828 836 901 convivio
877 847 985 907 per
1036 830 1223 907 ipsam
1264 827 1681 906 Agrippinam,
1746 844 1895 906 quae
1941 824 2198 885 boletum

197 911 534 973 medicatum
574 911 903 973 avidissimo
962 911 1224 971 ciborum
1265 911 1458 970 talium
1508 910 1817 990 optulerat.
1894 910 2082 970 Etiam
2122 908 2198 968 de

200 995 681 1075 subsequentibus
712 996 941 1055 diversa
976 995 1126 1056 fama
1159 1003 1266 1054 est.
1313 995 1477 1055 Multi
1510 995 1699 1055 statim
1726 994 1930 1054 hausto
1964 1010 2196 1053 veneno

200 1080 549 1142 obmutuisse
582 1081 763 1159 aiunt,
799 1081 1306 1158 excruciatumque
1342 1079 1641 1139 doloribus
1672 1088 1848 1139 nocte
1881 1087 2001 1138 tota
2036 1077 2196 1138 defe-

129 1181 180 1223 1o
202 1167 353 1225 cisse
383 1182 571 1244 prope
609 1164 818 1224 lucem.
870 1163 1146 1224 Nonnulli
1176 1165 1327 1223 inter
1358 1164 1516 1223 initia
1549 1165 1949 1242 consopitum,
1988 1161 2200 1222 deinde

201 1248 332 1309 cibo
363 1247 635 1308 affluente
668 1250 997 1309 evomuisse
1028 1248 1248 1325 omnia,
1283 1249 1705 1327 repetitumque
1741 1250 1975 1324 toxico,
2010 1248 2200 1306 incer-

197 1342 311 1393 tum
329 1332 551 1417 pultine
575 1332 766 1393 addito
781 1378 798 1409 ,
830 1351 957 1392 cum
983 1332 1139 1391 velut
1162 1331 1504 1392 exhaustum
1528 1333 1693 1391 refici
1721 1332 1853 1391 cibo
1874 1338 2199 1410 oporteret,

199 1436 269 1477 an
297 1417 553 1477 immisso
591 1433 698 1493 per
730 1416 1022 1496 clystera,
1049 1424 1112 1474 ut
1146 1415 1311 1493 quasi
1346 1415 1688 1475 abundantia
1718 1414 2004 1475 laboranti
2029 1415 2201 1472 etiam

197 1500 312 1560 hoc
341 1517 566 1579 genere
596 1500 914 1575 egestionis
946 1496 1369 1558 subveniretur.
1399 1498 1561 1557 Mors
1593 1500 1717 1556 eius
1742 1498 1929 1557 celata
1954 1504 2063 1573 est,
2098 1495 2195 1554 do·
2214 1504 2285 1559 ‘4⁵

129 1602 306 1649 15nec
350 1582 506 1643 circa
546 1598 954 1642 successorem
988 1581 1177 1639 omnia
1224 1579 1644 1638 ordinarentur.
1701 1579 1904 1657 Itaque
1945 1588 2005 1638 et
2036 1579 2200 1657 quasi

196 1685 307 1748 pro
346 1682 530 1741 aegro
560 1663 748 1723 adhuc
778 1672 913 1722 vota
946 1669 1219 1739 suscepta
1253 1669 1416 1737 sunt,
1461 1671 1520 1721 et
1565 1655 1777 1721 induc'ti
1826 1680 1933 1739 per
1973 1660 2200 1721 simula-

193 1753 413 1809 tionem
434 1745 720 1822 comoedi,
755 1746 851 1826 qui
868 1745 1028 1804 velut
1051 1744 1474 1805 desiderantem
1502 1744 1885 1805 oblectarent.
1929 1744 2204 1805 Excessit

194 1829 399 1892 111.1d.
418 1827 625 1892 Octob.
651 1827 857 1889 Asinio
882 1828 1396 1905 Marcello,Acilio
1412 1828 1628 1889 Aviola
1648 1846 1801 1889 coss.
1829 1829 2200 1906 sexagesimo

197 1923 406 1997 quarto
444 1915 680 1990 aetatis,
716 1914 940 1993 imperii
970 1920 1174 1994 quarto
1195 1913 1424 1973 decimo
1452 1931 1638 1990 anno,
1672 1914 2094 1992 funeratusque>
2113 1920 2203 1971 est

119 1999 467 2064 zosollemni
510 2000 832 2078 principum
860 1994 1073 2078 pompa
1117 2006 1176 2057 et
1222 1999 1280 2057 in
1327 2016 1620 2058 numerum
1671 1998 1909 2058 deorum
1953 1997 2199 2066 relatus⁴3
2284 1994 2290 1999 ’

194 2102 368 2164 quem
400 2082 686 2143 honorem
709 2101 741 2143 a
768 2081 1008 2143 Nerone
1039 2082 1372 2142 destitutum
1396 2082 1787 2163 abolitumque
1816 2084 2203 2161 recepitmox

195 2186 305 2247 per
335 2167 777 2246 Vespasianum.
843 2167 1156 2243 Praesagia
1190 2167 1394 2226 mortis
1425 2168 1550 2231 eius
1591 2167 1908 2247 praecipua
1939 2167 2288 2230 fuerunt:46

197 2260 438 2311 exortus
479 2252 718 2311 crinitae
759 2250 1001 2325 stellae,
1058 2267 1225 2329 quam
1259 2248 1527 2310 cometen
1569 2260 1814 2327 vocant,
1871 2259 2200 2326 tactumque

197 2333 272 2393 de
307 2333 474 2394 caelo
504 2344 926 2394 monumentum
956 2333 1130 2392 Drusi
1166 2335 1382 2412 patris,
1427 2343 1486 2394 et
1517 2335 1670 2414 quod
1704 2334 1910 2396 eodem
1942 2349 2092 2393 anno
2126 2350 2203 2390 ex

118 2435 176 2477 25
200 2418 452 2478 omnium
480 2419 907 2493 magistratuum
935 2434 1158 2499 genere
1191 2418 1459 2497 plerique
1491 2429 1736 2478 mortem
1765 2417 2047 2478 obierant.
2085 2414 2202 2475 Sed

183 2517 311 2560 nec
341 2502 467 2580 ipse
492 2501 799 2577 ignorasse
830 2509 925 2561 aut
947 2500 1563 2562 dissimulasseultima
1589 2504 1739 2562 vitae
1767 2520 1907 2562 suae
1936 2510 2201 2579 tempora

193 2584 455 2661 videtur,
503 2584 725 2662 aliquot
766 2583 992 2663 quidem
1037 2586 1409 2660 argumentis.
1475 2584 1619 2645 Nam
1658 2594 1717 2645 et
1761 2604 1888 2645 cum
1930 2583 2203 2644 consules

195 2667 569 2744 designaret,
608 2670 892 2727 neminem
927 2666 1074 2727 ultra
1113 2685 1370 2743 mensem
1408 2687 1522 2747 quo
1568 2669 1709 2730 obiit
1747 2668 2097 2745 designavit,
2146 2675 2205 2725 et

195 2751 261 2809 in
303 2759 535 2827 senatu,
591 2751 682 2809 cui
737 2752 1053 2811 novissime
1095 2748 1378 2830 interfuit,
1435 2752 1666 2813 multum
1707 2753 1779 2815 ad
1829 2751 2205 2813 concordiam

118 2855 177 2898 so
198 2833 427 2894 liberos
454 2850 593 2893 suos
620 2833 976 2910 cohortatus,
1003 2835 1301 2914 utriusque
1326 2845 1570 2898 aetatem
1587 2838 1930 2918 suppliciter
1945 2833 2205 2915 patribus

199 2917 658 2995 commendavit,
691 2926 749 2977 et
778 2918 834 2978 in
858 2918 1051 2978 ultima
1081 2920 1417 2995 cognitione
1439 2939 1550 3000 pro
1578 2922 1845 2982 tribunali
1864 2917 2208 2981 accessisse

197 3001 293 3062 ad
317 3002 503 3081 finem
538 3000 973 3078 mortalitatiS,
1028 3019 1369 3081 quamquam
1406 3005 1862 3068 abominantibus
1887 3004 1985 3083 qui
2013 3000 2204 3062 audie·

194 3084 369 3165 bant,
401 3086 585 3148 semel
616 3095 789 3167 atque
819 3087 1024 3147 iterum
1056 3087 1464 3165 pronuntiavit.

1733 3306 1777 3340 N
