2553 3960
964 253 1023 309 c,
1073 260 1445 309 CAmoULA.
1849 304 1856 306 Α
2096 252 2215 313 145

196 416 341 477 ‚item
367 416 592 477 Romae
622 414 774 476 cella
807 415 1046 476 Palatini
1089 416 1376 475 atriensis.
1424 414 1573 482 „Nec
1604 414 1907 475 defuerunt
1952 417 2045 494 qui
2080 435 2215 477 con·

202 501 521 577 iectarent,
588 500 774 560 altero
832 509 1061 560 ostento
1124 498 1446 578 periculum
1519 516 1551 558 a
1597 497 1928 558 custodibus
1988 498 2213 561 domino

203 584 510 663 portendi,
576 584 763 644 altero
798 584 1037 645 caedem
1061 600 1262 643 rursus
1292 584 1609 660 insignem,
1670 582 1854 662 qualis
1886 583 2092 643 eodem
2123 583 2213 644 die

201 668 358 729 facta
395 668 679 747 quondam
718 668 943 728 fuisset.
1035 666 1376 727 Consulenti
1418 683 1651 746 quoque
1693 665 1765 726 de
1804 667 2071 742 genitura
2113 685 2215 728 sua

151 751 364 822 ‘Sulla
405 752 840 812 mathematicus
887 754 1263 812 certissimam
1309 768 1515 810 necem
1551 751 2025 829 appropinquare
2061 750 2212 811 affir-

152 908 159 914 ,
198 837 392 896 mavit.
457 836 804 897 Monuerunt
839 844 898 896 et
924 835 1217 895 Fortunae
1247 833 1599 910 Antiatinae,
1635 842 1695 893 ut
1731 850 1763 894 a
1806 832 2008 895 Cassio
2045 851 2212 895 cave-

198 929 320 989 ret:
378 937 490 998 qua
540 938 715 980 causa
766 919 865 978 ille
919 918 1179 979 Cassium
1219 918 1540 996 Longinum
1580 916 1761 978 Asiae
1808 926 1922 977 tum
1965 935 2212 996 procon-

201 1002 384 1063 sulem
436 1003 813 1063 occidendum
874 1003 1282 1080 delegaverat,
1345 1005 1643 1062 immemor
1698 1000 2019 1062 Chaeream
2073 1000 2212 1062 Cas·

200 1087 345 1147 sium
370 1088 683 1154 nominari.
770 1086 965 1146 Pridie
1007 1105 1174 1166 quam
1220 1087 1441 1165 periret
1495 1087 1827 1163 somniavit,
1889 1086 2212 1146 consistere

127 1186 181 1243 ao
198 1189 264 1231 se
313 1172 371 1230 in
412 1169 579 1232 caelo
620 1170 778 1231 iuxta
831 1170 1038 1231 solium
1077 1170 1268 1248 IoviS,
1327 1171 1748 1250 impulsumque
1785 1168 1857 1230 ab
1907 1187 1978 1230 eo
2024 1169 2213 1229 dextri

156 1263 164 1269 ’
200 1254 364 1334 pedis
399 1255 617 1333 pollice
663 1263 721 1314 et
749 1254 807 1313 in
846 1262 1036 1314 terras
1082 1255 1543 1332 praecipitatum.
1631 1253 2034 1330 Prodigiorum
2073 1252 2210 1313 loco

195 1337 391 1398 habita
423 1347 552 1397 sunt
578 1340 780 1414 etiam,
843 1357 992 1418 quae
1025 1339 1183 1399 forte
1226 1338 1327 1397 illo
1364 1339 1493 1416 ipso
1528 1337 1620 1398 die
1655 1337 1828 1415 paulo
1866 1339 2025 1416 prius
2059 1338 2209 1397 acci-

199 1422 421 1482 derant.
512 1421 860 1484 Sacrificans
905 1441 1216 1502 respersus
1268 1429 1357 1481 est
1403 1420 1847 1500 phoenicopteri
1899 1422 2207 1497 sanguine;

198 1514 257 1566 et
291 1507 671 1583 pantomimus
696 1505 954 1567 Mnester
983 1505 1347 1584 tragoediam
1379 1503 1638 1586 saltavit,
1685 1521 1852 1583 quam
1881 1503 2016 1563 olim
2053 1503 2209 1564 Neo·

126 1609 178 1651 ιε
196 1588 489 1669 ptolemus
520 1590 839 1667 tragoedus
884 1590 1065 1667 ludis,
1116 1588 1322 1669 quibus
1354 1606 1461 1647 rex
1496 1587 1875 1649 Macedonum
1909 1586 2211 1667 Philippus

196 1675 430 1734 occisus
486 1682 607 1748 est,
645 1682 901 1750 ·egerat;
970 1683 1029 1733 et
1081 1692 1208 1733 cum
1261 1674 1318 1733 in
1367 1671 1654 1732 Laureolo
1709 1672 1911 1746 mimo,
1988 1672 2043 1730 in
2096 1689 2209 1751 quo

196 1764 362 1817 actor
395 1757 728 1834 proripiens
776 1774 842 1816 se
893 1758 1056 1818 ruina
1104 1758 1442 1836 sanguinem
1493 1756 1704 1832 vomit,
1762 1752 1961 1833 plures
2004 1773 2209 1815 secun-

197 1839 397 1899 darum
455 1840 716 1898 certatim
778 1842 1231 1916 experimentum
1288 1842 1427 1902 artis
1482 1839 1717 1915 darent,
1775 1856 1983 1899 cruore
2034 1857 2209 1899 scena

196 1921 529 1984 abundavit.
616 1921 933 1984 Parabatur
968 1933 1026 1985 et
1064 1927 1121 1984 in
1152 1934 1385 1986 noctem
1417 1922 1846 2004 spectaculum,
1889 1939 2002 2002 quo
2040 1940 2207 2002 argu-

120 2030 175 2072 20
195 2016 387 2068 menta
424 2006 739 2066 inferorum
776 2025 885 2086 per
914 2007 1245 2088 Aegyptios
1294 2018 1352 2070 et
1393 2007 1719 2088 Aethiopas
1756 2006 2206 2086 explicarentur.

192 2090 380 2153 VIIII.
419 2089 513 2151 Kl.
558 2089 732 2151 Febr.
775 2090 916 2152 hora
947 2093 1075 2152 fere
1118 2095 1395 2174 septima,
1463 2101 1762 2153 cunctatus
1810 2109 1881 2152 an
1922 2091 1994 2153 ad
2038 2110 2206 2171 pran·
2223 2105 2294 2160 58

194 2175 344 2236 dium
378 2183 650 2252 surgeret
688 2185 981 2237 marcente
1015 2176 1200 2238 adhuc
1229 2175 1533 2238 stomacho
1564 2176 1808 2256 pridiani
1854 2175 1969 2236 cibi
2000 2193 2203 2251 onere,

192 2260 420 2320 tandem
465 2258 838 2319 suadentibus
892 2262 1092 2321 amicis
1150 2280 1431 2339 egressus
1492 2269 1601 2321 est.
1691 2259 1832 2321 Cum
1876 2261 1934 2320 in
1978 2269 2204 2339 crypta,

191 2361 301 2423 per
332 2360 500 2423 quam
532 2343 937 2404 transeundum
970 2354 1126 2422 erat,
1184 2348 1352 2425 pueri
1381 2345 1613 2406 nobiles
1642 2364 1719 2405 ex
1751 2343 1892 2404 Asia
1924 2345 1997 2406 ad
2034 2344 2205 2404 eden·

120 2444 173 2485 25
196 2426 298 2488 das
329 2427 387 2486 in
435 2442 649 2486 scaena
678 2442 893 2505 operas
926 2430 1158 2489 evocati
1191 2438 1714 2509 praepararentur,
1775 2435 1836 2486 ut
1884 2446 1987 2489 eos
2029 2429 2205 2506 inspi-

195 2519 356 2570 ceret
384 2509 827 2589 hortareturque
859 2512 1090 2590 restitit,
1128 2531 1198 2574 ac
1227 2514 1338 2573 nisi
1369 2514 1645 2593 princeps
1673 2512 1878 2589 gregis
1905 2512 2109 2590 algere
2140 2529 2205 2572 se

193 2594 447 2669 diceret,
509 2592 703 2653 redire
746 2612 816 2654 ac
856 2605 1302 2675 repraesentare
1358 2594 1754 2676 spectaculum
1804 2595 2004 2656 voluit.
2090 2595 2204 2655 Du-

191 2678 334 2758 plex
365 2676 574 2738 dehinc
615 2677 765 2738 fama
810 2686 928 2740 est:
959 2679 1056 2739 alii
1095 2680 1323 2752 tradunt
1354 2680 1686 2759 adloquenti
1718 2696 1936 2758 pueros
1971 2696 2003 2739 a
2032 2687 2203 2756 tergo

193 2760 515 2824 Chaeream
548 2763 839 2821 cervicem
869 2761 1065 2839 gladio
1093 2765 1309 2825 caesim
1336 2765 1596 2843 graviter
1621 2764 2009 2842 percussisse,
2034 2780 2201 2843 prae-

115 2867 170 2909 so
190 2845 366 2905 missa
402 2861 583 2904 voce:
634 2843 774 2906 Hoc
803 2846 959 2924 aye!
1005 2846 1215 2908 dehinc
1240 2847 1575 2909 Cornelium
1604 2847 1904 2926 Sabinum,
1961 2847 2203 2908 alterum

191 2948 224 2990 e
282 2928 626 3005 coniuratis,
686 2928 969 2989 tribunum
1020 2949 1097 2991 ex
1149 2931 1398 2994 adverso
1453 2933 1756 2994 traiecisse
1806 2940 2043 3014 pectns;
2107 2931 2203 2992 alii

188 3012 493 3089 Sabinum,
550 3020 830 3073 summota
862 3031 972 3092 per
1007 3017 1279 3077 conscios
1316 3018 1687 3079 centuriones
1719 3017 1916 3094 turba,
1976 3016 2201 3094 signum

185 3113 349 3157 more
391 3094 628 3156 militiae
672 3097 929 3174 petisse,
990 3107 1048 3158 et
1089 3098 1230 3161 Gaio
1269 3100 1469 3162 Iovem
1518 3100 1689 3162 dante
1737 3099 2056 3163 Chaeream
2101 3118 2200 3161 ex-

188 3180 503 3241 clamasse:
547 3174 783 3257 Accipe
809 3183 1051 3243 ratum!
1084 3185 1532 3264 respicientique
1563 3184 1854 3246 maxillam
1884 3185 1997 3245 ictu
2029 3184 2198 3245 disci·

115 3281 168 3323 35
188 3263 364 3325 disse.
451 3262 748 3324 Iacentem
804 3269 1233 3347 contractisque
1264 3267 1536 3329 membris
1583 3267 1965 3330 clamitantem
2010 3286 2082 3329 se
2110 3268 2198 3329 vi·

87 3419 93 3424 ,
185 3365 334 3409 vere
388 3346 573 3409 ceteri
629 3346 963 3411 vulneribus
1020 3352 1250 3429 triginta
1313 3351 1719 3423 confecerunt3
1790 3371 1919 3414 nam
1974 3354 2198 3431 signum

187 3440 313 3492 erat
354 3432 633 3492 omnium:
695 3430 968 3511 Repete!
1031 3435 1272 3510 Quidam
1316 3437 1486 3497 etiam
1527 3454 1635 3515 per
1681 3435 1938 3497 obscena
1981 3435 2196 3495 ferrum

185 3515 529 3594 adegerunt.
619 3512 712 3573 Ad
754 3517 995 3593 primum
1038 3519 1330 3580 tumultum
1360 3519 1623 3581 lecticari
1656 3537 1784 3580 cum
1816 3517 2107 3581 asseribus
2139 3515 2200 3575 in

287 3620 601 3660 sumemus.
1790 3605 1867 3664 10
