2553 3960
891 223 1101 272 DIVUS
1147 222 1532 273 AUGUSTUS.
2125 211 2199 271 51

204 381 481 459 cepisset.
559 380 761 441 Tutam
806 397 985 457 vero,
1026 387 1296 458 quantum
1340 378 1637 457 provideri
1686 377 1930 438 bumana
1983 377 2208 437 ratione

205 468 417 545 potuit,
467 466 635 525 etiam
676 464 733 523 in
766 473 1063 543 posterum
1098 464 1405 542 praestitit.
1467 462 1703 523 Publica
1750 480 1935 541 opera
1964 461 2206 541 plurima
2225 467 2292 518 29

204 552 476 629 extruxit,
529 568 562 609 e
610 548 817 626 quibus
860 548 954 608 vel
997 549 1344 628 praecipua:
1399 546 1612 607 Forum
1655 565 1781 607 cum
1822 546 1966 606 aede
2009 546 2209 607 Martis

201 634 451 711 Ultoris,
486 633 760 711 templum
796 632 1090 711 Apollinis
1120 633 1177 690 in
1207 631 1465 707 Palatio,
1511 631 1714 691 aedem
1746 630 2022 691 Tonantis
2051 629 2210 691 Iovis

156 721 254 781 sin
285 717 598 797 Capitolio.
671 717 810 777 Fori
849 716 1151 777 extruendi
1194 733 1369 775 causa
1409 716 1512 775 fuit
1552 716 1839 777 hominum
1882 724 1940 774 et
1969 713 2209 776 iudicio·
2267 736 2277 747 ·

201 822 317 862 rum
376 800 714 878 multitudo,
779 819 928 880 quae
985 800 1288 861 videbatur
1334 816 1451 859 non
1511 799 1932 860 sufficientibus
1988 799 2210 860 duobus

203 890 363 947 etiam
393 888 566 947 tertio
599 885 892 962 indigere;
925 887 1120 965 itaque
1150 885 1475 945 festinatius
1497 884 1740 944 necdum
1772 884 2033 963 perfecta
2062 884 2212 944 Mar·

200 972 268 1031 tis
309 970 455 1032 aede
498 970 851 1050 publicatum
897 979 1020 1048 est,
1067 978 1409 1047 cautumque
1451 970 1867 1047 utseparatim
1904 970 1962 1027 in
2005 986 2079 1028 eo
2111 988 2209 1047 pu-

200 1055 346 1115 blica
397 1055 613 1115 iudicia
668 1063 726 1115 et
760 1056 1100 1115 sortitiones
1141 1053 1390 1113 iudicum
1433 1054 1658 1113 fierent.
1743 1051 1967 1112 Aedem
2008 1053 2211 1113 Martis

140 1140 350 1200 iobello
392 1140 787 1220 Philippensi,
848 1157 955 1218 pro
1003 1138 1223 1198 ultione
1278 1146 1516 1217 paterna
1571 1145 1882 1217 suscept0,
1935 1150 2209 1212 voverat;

197 1225 379 1284 sanxit
411 1238 589 1302 ergo,
624 1233 684 1283 ut
715 1223 789 1284 de
821 1222 994 1284 bellis
1028 1222 1450 1302 triumphisque
1480 1221 1576 1282 hic
1610 1221 2014 1285 consuleretur
2046 1244 2210 1285 sena-

194 1318 313 1385 tus,
352 1310 691 1388 provincias
722 1326 851 1370 cum
881 1309 1127 1387 imperio
1160 1308 1394 1386 petituri
1423 1307 1560 1369 hinc
1596 1306 2052 1388 deducerentur,
2087 1312 2208 1388 qui-

198 1410 302 1471 que
334 1395 601 1455 victores
630 1394 949 1471 redissent,
981 1392 1095 1452 huc
1124 1394 1371 1470 insignia
1405 1393 1820 1473 triumphorum
1852 1395 2209 1454 conferrent.

197 1476 493 1556 Templum
538 1477 834 1557 Apollinis
872 1479 930 1537 in
984 1495 1054 1537 ea
1099 1486 1263 1556 parte
1305 1476 1601 1537 Palatinae
1653 1479 1855 1539 domus
1912 1479 2209 1554 excitavit,

138 1582 180 1628 ιι»
199 1578 357 1639 quam
401 1562 643 1622 fulmine
693 1563 862 1622 ictam
904 1560 1227 1622 desiderari
1267 1580 1301 1621 a
1344 1560 1455 1621 deo
1490 1561 1834 1642 haruspices
1880 1564 2207 1641 pronuntia-

195 1656 341 1716 rant;
378 1646 602 1706 addidit
632 1648 896 1726 porticus
928 1664 1053 1706 cum
1083 1644 1440 1706 bibliotheca
1471 1646 1668 1705 Latina
1703 1646 2063 1724 Graecaque,
2093 1663 2208 1724 quo

194 1728 369 1790 loco
352 1749 463 1790 ram
503 1732 703 1791 senior
737 1748 919 1809 saepe
958 1732 1128 1790 etiam
1157 1739 1415 1790 senatum
1461 1728 1659 1790 habuit
1693 1729 2081 1808 decuriasque
2126 1732 2207 1787 iu-

197 1804 373 1874 dicum
401 1816 781 1891 recognovit.
848 1814 1094 1874 Tonanti
1124 1813 1250 1875 Iovi
1295 1812 1496 1873 aedem
1532 1815 1900 1874 consecravit
1931 1814 2209 1874 liberatus
2237 1861 2242 1862 ff

195 1898 490 1977 periculo,
551 1916 677 1958 cum
732 1898 1107 1978 expeditione
1155 1897 1499 1958 Cantabrica
1554 1916 1661 1977 per
1712 1908 2053 1959 nocturnum
2097 1900 2209 1957 iter

132 2002 179 2044 20
195 1982 453 2044 lecticam
487 1984 617 2044 eius
655 1983 854 2061 fulgur
883 1985 1360 2063 praestrinxisset
1391 2001 1738 2063 servumque
1772 1984 2209 2063 praelucentem

195 2071 598 2129 exanimasset.
673 2068 968 2144 Quaedam
999 2070 1169 2129 etiam
1200 2085 1384 2148 opera
1421 2068 1527 2128 sub
1561 2070 1792 2131 nomine
1834 2068 2064 2145 alien0,
2108 2085 2205 2126 ne-

195 2161 382 2230 potum
413 2153 653 2213 scilicet
684 2161 742 2213 et
776 2154 973 2213 uxoris
1005 2154 1383 2231 sororisque,
1425 2154 1599 2231 fecit,
1645 2163 1703 2214 ut
1734 2154 2019 2232 porticum
2055 2152 2206 2213 basi-

193 2236 471 2317 licamque
506 2236 614 2298 Gai
647 2246 705 2297 et
732 2237 903 2315 Luci,
951 2238 1085 2298 item
1116 2239 1380 2317 porticus
1410 2238 1606 2298 Liviae
1653 2247 1711 2297 et
1743 2237 2020 2297 Octaviae
2050 2236 2207 2296 thea-

193 2329 445 2402 trumque
477 2321 770 2383 Marcelli.
833 2321 950 2382 Sed
981 2331 1039 2381 et
1073 2330 1307 2381 ceteros
1341 2323 1639 2401 principes
1668 2324 1830 2383 viros
1861 2339 2042 2400 saepe
2075 2320 2207 2381 hor·

132 2412 335 2466 matus
372 2416 496 2484 est,
548 2415 611 2466 ut
652 2423 761 2485 pro
792 2406 1066 2466 facultate
1099 2407 1345 2485 quisque
1375 2408 1738 2467 monimentis
1783 2405 1879 2467 vel
1912 2407 2081 2465 novis
2112 2402 2208 2464 vel

190 2491 425 2551 refectis
476 2499 537 2550 et
588 2490 836 2552 excultis
878 2490 1077 2551 urbem
1131 2490 1500 2551 adornarent.
1589 2491 1885 2568 Multaque
1940 2508 1970 2549 a
2014 2489 2208 2549 multis

191 2581 318 2635 tunc
354 2583 626 2636 extructa
670 2583 833 2653 sunt,
880 2577 1029 2635 sicut
1075 2594 1105 2635 a
1136 2574 1361 2635 Marcio
1397 2575 1670 2654 Philippo
1717 2574 1896 2634 aedes
1935 2572 2207 2633 Herculis

189 2656 503 2737 Musarum,
547 2677 580 2719 a
608 2658 672 2719 L.
707 2657 1022 2720 Cornificio
1066 2660 1243 2719 aedes
1281 2657 1531 2736 Dianae,
1578 2658 1650 2719 ab
1693 2658 1899 2718 Asinio
1939 2656 2206 2716 Pollione

192 2745 382 2803 atrium
427 2743 785 2822 Libertatis,
824 2761 857 2803 a
896 2744 1151 2805 Munatio
1197 2743 1416 2803 Planco
1458 2742 1635 2803 aedes
1681 2741 1937 2817 Saturni,
1981 2758 2013 2799 a
2062 2739 2205 2802 Cor-

130 2844 177 2887 30
194 2827 344 2888 nelio
379 2827 570 2889 Balbo
603 2828 920 2906 theatrum,
957 2847 988 2889 a
1027 2828 1256 2888 Statilio
1284 2827 1476 2888 Tauro
1510 2826 2020 2907 amphitheatrum,
2063 2843 2096 2886 a
2125 2824 2202 2885 M.

190 2927 327 2972 vero
356 2912 631 2992 Agrippa
666 2914 966 2992 complura
999 2920 1057 2972 et
1093 2915 1359 2989 egregia.

304 2997 568 3076 Spatium
598 2996 758 3057 urbis
785 3000 841 3057 in
872 2999 1150 3074 regiones
1182 2998 1467 3076 vicosque
1502 2996 1698 3056 divisit
1729 2996 2113 3073 instituitque,
2146 3004 2287 3067 ut30
2326 3044 2330 3049 .

189 3077 313 3140 illas
344 3083 518 3141 annui
542 3083 910 3160 magistratus
942 3082 1149 3142 sortito
1181 3089 1511 3158 tuerentur,
1541 3081 1650 3141 hos
1673 3080 1930 3157 magistri
1967 3097 1999 3138 e
2026 3078 2201 3159 plebe

194 3166 464 3245 cuiusque
502 3167 752 3226 viciniae
786 3166 946 3226 lecti.
1019 3165 1320 3226 Adversus
1361 3165 1626 3226 incendia
1661 3163 1941 3224 excubias
1970 3174 2201 3226 noctur-

130 3264 288 3308 ssnas
323 3250 658 3329 vigilesque
710 3259 1067 3311 commentus
1114 3259 1231 3321 est;
1279 3250 1349 3310 ad
1394 3248 1755 3311 coercendas
1799 3248 2201 3311 inundationes

193 3331 410 3394 alveum
443 3334 677 3395 Tiberis
709 3335 927 3395 laxavit
959 3354 1029 3395 ac
1059 3336 1434 3414 repurgavit,
1481 3332 1830 3413 completum
1867 3332 2002 3392 olim
2032 3335 2201 3393 rude·

190 3415 340 3478 ribus
382 3428 442 3479 et
484 3419 877 3480 aedificiorum
936 3419 1361 3499 prolationibus
1415 3426 1752 3479 coartatum.
1829 3418 1959 3493 Quo
2013 3426 2199 3476 autem

188 3498 410 3563 facilius
459 3502 709 3582 undique
763 3505 902 3566 urbs
952 3504 1233 3582 adiretur,
1289 3502 1589 3582 desumpta
1633 3500 2066 3646 silX*Flaminia
2106 3500 2198 3557 via
