2553 3960
278 194 359 257 62
443 205 503 252 c.
541 202 843 252 sumom
875 200 1132 281 runo.
1162 201 1258 247 DE
1288 200 1456 247 vrrA
1487 185 2024 267 CAESARUMJLIB.
2047 163 2110 268 1ιί

276 362 415 424 satis
447 359 676 435 habuit,
725 375 853 417 cum
897 356 997 416 ille
1029 354 1337 435 Agrippae
1381 355 1608 415 iuvenis
1648 353 2289 434 nomine-asperrimam

277 446 348 508 de
379 463 446 505 se
476 441 782 522 epistolam
813 442 870 498 in
899 440 1112 518 vulgus
1141 438 1449 516 edidisset,
1471 511 1476 516 .
1496 438 1590 498 hic
1638 438 1907 498 convivio
1942 438 2119 517 pleno
2151 456 2286 517 pro-

278 530 617 602 clamasset,
660 542 852 602 neque
895 532 1091 585 votum
1138 523 1249 583 sibi
1300 539 1491 600 neque
1534 523 1779 582 animum
1826 521 2037 582 deesse
2084 522 2286 582 confo-

278 611 468 674 diendi
498 629 644 670 eum.
717 607 975 685 Quadam
1006 624 1148 668 vero
1184 607 1554 685 cognitione,
1589 624 1716 666 cum
1747 604 2001 666 Aemilio
2034 605 2285 666 Aeliano

280 694 643 757 Cordubensi
673 693 822 752 inter
857 701 1052 753 cetera
1092 692 1327 751 crimina
1356 690 1454 750 vel
1484 691 1730 750 maxime
1766 689 2099 750 obiceretur
2130 690 2284 769 quod
2305 713 2338 753 s

277 780 426 842 male
457 777 682 857 opInari
727 775 799 835 de
831 773 1088 837 Caesare
1118 775 1373 852 soleret,
1421 792 1740 834 conversus
1781 773 1853 835 ad
1885 783 2287 835 accusatorem

281 871 683 939 commotoque
708 860 904 921 similis
942 858 1164 937 Velim,
1195 859 1408 938 inquit,
1438 858 1556 919 hoc
1576 857 1724 918 mihi
1741 857 2020 935 probes,·
2046 856 2287 937 faciam

278 948 443 1010 sciat
471 943 771 1007 Aelianus
815 951 874 1005 et
910 962 1005 1004 me
1042 943 1316 1024 linquam
1358 941 1621 1019 habere,
1666 941 1863 1019 plura
1904 942 2062 1003 enim
2094 942 2170 1004 de.
2214 960 2286 1003 eo

279 1033 548 1111 loquar,·
591 1047 702 1089 nec
747 1030 1051 1108 quicquam
1096 1028 1244 1087 ultra
1289 1036 1383 1086 aut
1415 1027 1602 1086 statim
1646 1036 1740 1085 aut
1776 1035 1982 1104 postea
2012 1027 2284 1105 inquisiit.

280 1115 515 1176 Tiberio
559 1129 793 1191 quoque
836 1112 907 1172 de
949 1110 1150 1173 eadem
1190 1129 1284 1186 re,
1330 1109 1434 1170 sed
1477 1110 1821 1187 violentius,
1879 1110 2032 1189 apud
2062 1127 2141 1170 se
2178 1128 2285 1189 per
2307 1133 2362 1173 10

280 1197 586 1278 epistolam
624 1197 998 1274 conquerenti
1030 1195 1105 1255 ita
1141 1195 1476 1273 rescripsit:
1511 1191 1723 1254 Aetati
1749 1202 1911 1272 tuae,
1942 1194 2027 1254 mi
2056 1192 2282 1271 Tiberi,

277 1281 409 1343 noli
451 1280 516 1340 in
555 1279 676 1340 hae
712 1296 786 1339 re
825 1279 1141 1358 indulqere
1179 1284 1236 1339 el
1271 1278 1521 1339 nimiam
1566 1277 1885 1358 indiqnari
1927 1295 2287 1359 quemquam

282 1383 447 1441 esse,
481 1364 587 1443 qui
616 1363 691 1423 de
725 1381 820 1422 me
848 1363 1011 1423 male
1037 1364 1329 1442 loquatur
1341 1388 1374 1435 ,·
1414 1362 1576 1422 satis
1606 1369 1697 1423 est
1727 1363 1914 1439 enim,
1949 1363 2008 1422 si
2027 1362 2144 1423 hoc
2169 1361 2282 1424 ha-

283 1448 494 1510 bemas
521 1466 599 1507 ne
630 1446 768 1527 quis
797 1446 979 1508 nobis
1006 1447 1169 1507 male
1192 1444 1414 1525 faeere
1432 1446 1658 1525 possit.

197 1541 265 1597 52
408 1531 681 1610 Templa,
718 1532 976 1610 quamvis
1007 1532 1186 1591 sciret
1215 1531 1387 1592 etiam
1416 1531 1867 1610 proconsulibus
1912 1531 2149 1591 decerni
2192 1547 2284 1591 so·
2308 1550 2362 1591 ιε

281 1619 437 1693 lere,
480 1616 538 1674 in
578 1615 732 1675 nulla
761 1624 953 1676 tamen
984 1615 1286 1694 provincia
1328 1614 1439 1674 nisi
1482 1617 1762 1675 communi
1811 1632 1915 1675 suo
1945 1616 2287 1693 Romaeque

281 1701 513 1761 nomine
545 1700 770 1777 recepit
804 1701 965 1780 (nam
996 1700 1053 1758 in
1086 1699 1230 1758 urbe
1264 1698 1493 1778 quidem
1526 1700 1987 1779 pertinacissime
2018 1698 2288 1759 abstinuit

280 1785 394 1844 hoc
433 1782 690 1859 honore)
735 1791 907 1862 atque
935 1784 1106 1843 etiam
1142 1792 1455 1859 argenteas
1488 1791 1708 1843 statuas
1752 1783 1887 1843 olim
1922 1782 2033 1843 sibi
2063 1782 2288 1861 positas

285 1867 553 1929 conflavit
595 1867 778 1926 omnis
821 1884 1010 1946 exque
1052 1867 1126 1925 iis
1167 1884 1374 1926 aureas
1427 1867 1679 1927 cortinas
1714 1866 1975 1946 Apollini
2027 1866 2286 1927 Palatino

285 1951 591 2012 dedicavit.
2297 1969 2356 2012 20

403 2034 754 2094 Dictaturam
794 2052 1001 2113 magna
1048 2035 1103 2095 vi
1148 2034 1434 2096 offerente
1479 2035 1733 2114 populo,
1784 2052 1941 2112 genu
1981 2035 2148 2095 nixus
2189 2034 2284 2095 de·

197 2120 430 2185 ssiecta
475 2117 546 2177 ab
584 2118 795 2177 umeris
839 2127 978 2196 toga
1019 2118 1171 2179 nudo
1216 2128 1459 2198 pectore
1496 2118 1845 2197 deprecatus
1884 2127 1993 2179 est.
2054 2118 2285 2179 Domini

282 2200 735 2281 appellationem
779 2211 839 2262 ut
878 2201 1242 2264 maledictum
1279 2211 1338 2262 et
1379 2202 1757 2282 obprobrium
1800 2221 2033 2281 semper
2074 2203 2282 2263 exhor-

281 2286 414 2345 ruit.
483 2282 659 2361 Cum,
693 2294 997 2363 spectante
1028 2304 1100 2347 eo
1130 2286 1332 2363 ludoS,
1367 2288 1788 2366 pronuntiatum
1814 2295 1974 2348 esset
1994 2289 2053 2346 in
2077 2288 2282 2347 mimo:

283 2367 334 2430 Ο
377 2367 683 2428 dominam
725 2386 981 2449 aequum
1028 2376 1087 2431 et
1126 2369 1387 2431 bonum!
1432 2379 1490 2431 et
1535 2372 1791 2432 universi
1836 2372 2000 2450 quasi
2038 2370 2111 2430 de
2150 2372 2359 2450 ipsoes

280 2453 490 2514 dictum
536 2451 862 2513 exultantes
911 2453 1423 2533 comprobassent,
1473 2465 1531 2515 et
1570 2456 1758 2516 statim
1798 2473 1964 2515 manu
2005 2453 2283 2533 vultuque

278 2535 585 2596 indecoras
615 2536 974 2598 adulationes
1018 2539 1300 2617 repressit
1349 2548 1406 2599 et
1437 2539 1761 2617 insequenti
1797 2539 1889 2599 die
1930 2539 2280 2616 gravissimo

284 2620 565 2698 corripuit
600 2621 824 2691 edicto;
858 2620 1257 2701 dominumque
1290 2641 1356 2682 se
1382 2623 1630 2701 posthac
1653 2623 1941 2703 appellari
1968 2640 2040 2682 ne
2074 2640 2107 2682 a
2138 2620 2279 2682 libe-

279 2704 360 2764 ris
391 2702 619 2782 quidem
662 2713 757 2765 aut
794 2705 1106 2784 nepotibus
1140 2708 1258 2766 suis
1290 2705 1384 2765 vel
1426 2708 1584 2767 serio
1615 2707 1711 2768 vel
1756 2708 1891 2768 ioco
1924 2724 2133 2786 passus
2168 2713 2280 2782 est,

281 2797 452 2865 atque
494 2788 618 2847 eius
656 2789 811 2849 modi
854 2789 1159 2851 blanditias
1188 2790 1359 2851 etiam
1389 2791 1539 2850 inter
1569 2791 1734 2871 ipsos
1773 2790 2088 2871 prohibuit.
2149 2789 2281 2850 Non
2298 2815 2353 2858 30

278 2881 496 2931 temere
523 2872 665 2933 urbe
697 2874 994 2952 oppidove
1036 2874 1156 2934 ullo
1190 2892 1469 2953 egressus
1509 2883 1605 2935 aut
1648 2892 1935 2954 quoquam
1979 2875 2282 2952 ingressus
2335 2922 2336 2927 ,

280 2963 368 3015 est
396 2955 505 3016 nisi
538 2974 793 3035 vespera
829 2967 923 3017 aut
946 2968 1154 3035 noctu,
1188 2977 1260 3018 ne
1296 2976 1466 3037 quem
1498 2959 1682 3020 officii
1714 2978 1888 3021 causa
1909 2959 2279 3039 inquietaret.

277 3037 343 3097 In
378 3041 676 3101 consulatu
710 3040 954 3119 pedibus
993 3041 1158 3120 fere,
1205 3052 1370 3103 extra
1402 3043 1758 3104 consulatum
1789 3061 1973 3122 saepe
2004 3042 2280 3121 adaperta

279 3118 424 3180 sella
452 3139 560 3200 per
588 3124 880 3203 publicum
910 3126 1167 3187 incessit.
1228 3126 1579 3188 Promiscuis
1613 3126 2054 3189 salutationibus
2084 3126 2280 3187 admit-

275 3200 434 3263 tebat
475 3213 533 3263 et
578 3207 842 3287 plebem,
901 3218 1055 3271 tanta
1112 3210 1379 3271 comitate
1427 3211 1751 3272 adeuntium
1794 3210 2081 3273 desideria
2124 3208 2352 3273 cxci-as

276 3286 473 3364 piens,
517 3296 578 3348 ut
608 3292 890 3367 quendam
923 3295 1057 3356 ioco
1091 3295 1469 3374 corripuerit,
1516 3296 1669 3374 quod
1711 3295 1806 3357 sic
1844 3295 1970 3357 sibi
2011 3293 2280 3356 libellum

272 3368 599 3448 porriqere
630 3372 973 3454 dubitaret,
1019 3378 1206 3457 quasi
1231 3378 1552 3458 elephanto
1588 3380 1825 3460 stipem.
1907 3379 2017 3440 Die
2047 3384 2281 3440 senatus

276 3467 577 3530 numquam
622 3463 818 3537 patres
863 3461 973 3520 nisi
1011 3463 1067 3521 in
1113 3463 1269 3523 curia
1313 3463 1585 3525 salutavit
1632 3474 1690 3524 et
1736 3464 1965 3544 quidem
1998 3462 2280 3540 sedentis,
