<?xml version="1.0" encoding="UTF-8"?>
<!DOCTYPE html PUBLIC "-//W3C//DTD XHTML 1.0 Transitional//EN"
    "http://www.w3.org/TR/xhtml1/DTD/xhtml1-transitional.dtd">
<html xmlns="http://www.w3.org/1999/xhtml" xml:lang="en" lang="en">
 <head>
  <title>
</title>
<meta http-equiv="Content-Type" content="text/html;charset=utf-8" />
  <meta name='ocr-system' content='tesseract 3.04.00' />
  <meta name='ocr-capabilities' content='ocr_page ocr_carea ocr_par ocr_line ocrx_word'/>
</head>
<body>
  <div class='ocr_page' id='page_1' title='image "./csuetonitranqui06rothgoog_0223.png"; bbox 0 0 2553 3960; ppageno 0'>
   <div class='ocr_carea' id='block_1_1' title="bbox 1122 168 2282 229">
    <p class='ocr_par' dir='ltr' id='par_1_1' title="bbox 1122 168 2282 229">
     <span class='ocr_line' id='line_1_1' title="bbox 1122 168 2282 229; baseline 0.003 -4"><span class='ocrx_word' id='word_1_1' title='bbox 1122 178 1464 227; x_wconf 60' lang='lat' dir='ltr'>susumus.</span> <span class='ocrx_word' id='word_1_2' title='bbox 2167 169 2194 228; x_wconf 88' lang='lat'>1</span> <span class='ocrx_word' id='word_1_3' title='bbox 2212 168 2282 229; x_wconf 87' lang='lat'>11</span> 
     </span>
    </p>
   </div>
   <div class='ocr_carea' id='block_1_2' title="bbox 208 331 2379 3520">
    <p class='ocr_par' dir='ltr' id='par_1_2' title="bbox 208 331 2379 3520">
     <span class='ocr_line' id='line_1_2' title="bbox 208 331 2292 414; baseline 0 -17"><span class='ocrx_word' id='word_1_4' title='bbox 208 331 216 338; x_wconf 64' lang='lat'><em>⁰</em></span> <span class='ocrx_word' id='word_1_5' title='bbox 292 338 391 397; x_wconf 86' lang='lat' dir='ltr'>bat</span> <span class='ocrx_word' id='word_1_6' title='bbox 438 334 658 411; x_wconf 90' lang='lat' dir='ltr'>accipi,</span> <span class='ocrx_word' id='word_1_7' title='bbox 706 332 1055 412; x_wconf 78' lang='lat' dir='ltr'><strong>dicebatque</strong></span> <span class='ocrx_word' id='word_1_8' title='bbox 1094 333 1439 398; x_wconf 82' lang='lat' dir='ltr'>identidem:</span> <span class='ocrx_word' id='word_1_9' title='bbox 1486 332 1775 411; x_wconf 77' lang='lat' dir='ltr'><strong><em>Oderint,</em></strong></span> <span class='ocrx_word' id='word_1_10' title='bbox 1823 335 1965 395; x_wconf 81' lang='lat' dir='ltr'>dum</span> <span class='ocrx_word' id='word_1_11' title='bbox 1985 335 2292 414; x_wconf 76' lang='lat' dir='ltr'>probent!</span> 
     </span>
     <span class='ocr_line' id='line_1_3' title="bbox 288 417 1827 497; baseline -0.004 -14"><span class='ocrx_word' id='word_1_12' title='bbox 288 422 439 483; x_wconf 90' lang='lat' dir='ltr'>Dein</span> <span class='ocrx_word' id='word_1_13' title='bbox 466 436 607 480; x_wconf 83' lang='lat' dir='ltr'>vera</span> <span class='ocrx_word' id='word_1_14' title='bbox 642 417 813 497; x_wconf 91' lang='lat' dir='ltr'>plane</span> <span class='ocrx_word' id='word_1_15' title='bbox 848 425 1124 497; x_wconf 80' lang='lat' dir='ltr'>certaque</span> <span class='ocrx_word' id='word_1_16' title='bbox 1151 436 1287 478; x_wconf 90' lang='lat' dir='ltr'>esse</span> <span class='ocrx_word' id='word_1_17' title='bbox 1316 420 1445 497; x_wconf 90' lang='lat' dir='ltr'>ipse</span> <span class='ocrx_word' id='word_1_18' title='bbox 1473 419 1612 479; x_wconf 83' lang='lat' dir='ltr'>fecit</span> <span class='ocrx_word' id='word_1_19' title='bbox 1640 418 1827 479; x_wconf 84' lang='lat' dir='ltr'>fidem.</span> 
     </span>
     <span class='ocr_line' id='line_1_4' title="bbox 413 500 2379 583; baseline -0.001 -19"><span class='ocrx_word' id='word_1_20' title='bbox 413 503 480 565; x_wconf 89' lang='lat' dir='ltr'>In</span> <span class='ocrx_word' id='word_1_21' title='bbox 513 503 711 581; x_wconf 80' lang='lat' dir='ltr'><strong>paucis</strong></span> <span class='ocrx_word' id='word_1_22' title='bbox 742 500 947 560; x_wconf 88' lang='lat' dir='ltr'>diebus</span> <span class='ocrx_word' id='word_1_23' title='bbox 981 519 1146 581; x_wconf 91' lang='lat' dir='ltr'>quam</span> <span class='ocrx_word' id='word_1_24' title='bbox 1181 500 1441 579; x_wconf 82' lang='lat' dir='ltr'>Capreas</span> <span class='ocrx_word' id='word_1_25' title='bbox 1475 504 1664 581; x_wconf 87' lang='lat' dir='ltr'>attigit</span> <span class='ocrx_word' id='word_1_26' title='bbox 1693 505 2004 583; x_wconf 76' lang='lat' dir='ltr'>piscatori,</span> <span class='ocrx_word' id='word_1_27' title='bbox 2051 507 2145 583; x_wconf 86' lang='lat' dir='ltr'>qui</span> <span class='ocrx_word' id='word_1_28' title='bbox 2178 503 2379 573; x_wconf 75' lang='lat' dir='ltr'>sibifio</span> 
     </span>
     <span class='ocr_line' id='line_1_5' title="bbox 293 585 2291 667; baseline -0.002 -15"><span class='ocrx_word' id='word_1_29' title='bbox 293 597 581 652; x_wconf 89' lang='lat' dir='ltr'>secretum</span> <span class='ocrx_word' id='word_1_30' title='bbox 615 586 811 663; x_wconf 87' lang='lat' dir='ltr'>agenti</span> <span class='ocrx_word' id='word_1_31' title='bbox 840 585 1119 663; x_wconf 79' lang='lat' dir='ltr'><strong>grandem</strong></span> <span class='ocrx_word' id='word_1_32' title='bbox 1146 585 1378 645; x_wconf 90' lang='lat' dir='ltr'>mullum</span> <span class='ocrx_word' id='word_1_33' title='bbox 1410 587 1774 665; x_wconf 79' lang='lat' dir='ltr'>inopinanter</span> <span class='ocrx_word' id='word_1_34' title='bbox 1804 587 2126 666; x_wconf 87' lang='lat' dir='ltr'>obtulerat,</span> <span class='ocrx_word' id='word_1_35' title='bbox 2158 606 2291 667; x_wconf 90' lang='lat' dir='ltr'>per·</span> 
     </span>
     <span class='ocr_line' id='line_1_6' title="bbox 250 670 2292 751; baseline -0.002 -14"><span class='ocrx_word' id='word_1_36' title='bbox 250 673 491 738; x_wconf 78' lang='lat' dir='ltr'>siricari</span> <span class='ocrx_word' id='word_1_37' title='bbox 532 670 738 730; x_wconf 92' lang='lat' dir='ltr'>eodem</span> <span class='ocrx_word' id='word_1_38' title='bbox 782 670 947 747; x_wconf 88' lang='lat' dir='ltr'>pisce</span> <span class='ocrx_word' id='word_1_39' title='bbox 990 670 1200 730; x_wconf 84' lang='lat' dir='ltr'>faciem</span> <span class='ocrx_word' id='word_1_40' title='bbox 1244 671 1440 747; x_wconf 87' lang='lat' dir='ltr'>iussit,</span> <span class='ocrx_word' id='word_1_41' title='bbox 1471 672 1738 747; x_wconf 89' lang='lat' dir='ltr'>territus,</span> <span class='ocrx_word' id='word_1_42' title='bbox 1779 671 1934 750; x_wconf 91' lang='lat' dir='ltr'>quod</span> <span class='ocrx_word' id='word_1_43' title='bbox 1976 674 2027 731; x_wconf 87' lang='lat' dir='ltr'>is</span> <span class='ocrx_word' id='word_1_44' title='bbox 2058 690 2091 732; x_wconf 91' lang='lat' dir='ltr'>a</span> <span class='ocrx_word' id='word_1_45' title='bbox 2120 681 2292 751; x_wconf 88' lang='lat' dir='ltr'>tergo</span> 
     </span>
     <span class='ocr_line' id='line_1_7' title="bbox 294 752 2294 834; baseline 0 -17"><span class='ocrx_word' id='word_1_46' title='bbox 294 756 516 817; x_wconf 87' lang='lat' dir='ltr'>insulae</span> <span class='ocrx_word' id='word_1_47' title='bbox 549 773 656 834; x_wconf 89' lang='lat' dir='ltr'>per</span> <span class='ocrx_word' id='word_1_48' title='bbox 686 770 899 830; x_wconf 68' lang='lat' dir='ltr'>aspera</span> <span class='ocrx_word' id='word_1_49' title='bbox 923 762 980 813; x_wconf 89' lang='lat' dir='ltr'>et</span> <span class='ocrx_word' id='word_1_50' title='bbox 1011 752 1177 814; x_wconf 86' lang='lat' dir='ltr'>devia</span> <span class='ocrx_word' id='word_1_51' title='bbox 1201 757 1523 832; x_wconf 80' lang='lat' dir='ltr'>erepsisset</span> <span class='ocrx_word' id='word_1_52' title='bbox 1548 754 1619 816; x_wconf 91' lang='lat' dir='ltr'>ad</span> <span class='ocrx_word' id='word_1_53' title='bbox 1642 774 1737 825; x_wconf 87' lang='lat' dir='ltr'>se;</span> <span class='ocrx_word' id='word_1_54' title='bbox 1771 756 2081 833; x_wconf 78' lang='lat' dir='ltr'>gratulanti</span> <span class='ocrx_word' id='word_1_55' title='bbox 2106 766 2294 817; x_wconf 88' lang='lat' dir='ltr'>autem</span> 
     </span>
     <span class='ocr_line' id='line_1_8' title="bbox 295 835 2292 919; baseline -0.001 -17"><span class='ocrx_word' id='word_1_56' title='bbox 295 845 444 902; x_wconf 88' lang='lat' dir='ltr'>inter</span> <span class='ocrx_word' id='word_1_57' title='bbox 474 855 744 918; x_wconf 89' lang='lat' dir='ltr'>poenam,</span> <span class='ocrx_word' id='word_1_58' title='bbox 777 835 932 917; x_wconf 89' lang='lat' dir='ltr'>quod</span> <span class='ocrx_word' id='word_1_59' title='bbox 966 854 1081 897; x_wconf 91' lang='lat' dir='ltr'>non</span> <span class='ocrx_word' id='word_1_60' title='bbox 1112 847 1171 898; x_wconf 89' lang='lat' dir='ltr'>et</span> <span class='ocrx_word' id='word_1_61' title='bbox 1201 838 1515 914; x_wconf 85' lang='lat' dir='ltr'>lucustam,</span> <span class='ocrx_word' id='word_1_62' title='bbox 1548 857 1714 918; x_wconf 90' lang='lat' dir='ltr'>quam</span> <span class='ocrx_word' id='word_1_63' title='bbox 1747 840 2166 919; x_wconf 79' lang='lat' dir='ltr'>praegrandem</span> <span class='ocrx_word' id='word_1_64' title='bbox 2199 859 2292 901; x_wconf 92' lang='lat' dir='ltr'>ce-</span> 
     </span>
     <span class='ocr_line' id='line_1_9' title="bbox 296 920 2293 1005; baseline 0 -21"><span class='ocrx_word' id='word_1_65' title='bbox 296 932 493 1005; x_wconf 84' lang='lat' dir='ltr'>perat,</span> <span class='ocrx_word' id='word_1_66' title='bbox 535 920 867 997; x_wconf 88' lang='lat' dir='ltr'>obtulisset,</span> <span class='ocrx_word' id='word_1_67' title='bbox 900 920 1124 981; x_wconf 86' lang='lat' dir='ltr'>lucusta</span> <span class='ocrx_word' id='word_1_68' title='bbox 1156 938 1387 1001; x_wconf 90' lang='lat' dir='ltr'>quoque</span> <span class='ocrx_word' id='word_1_69' title='bbox 1418 922 1662 983; x_wconf 88' lang='lat' dir='ltr'>lacerari</span> <span class='ocrx_word' id='word_1_70' title='bbox 1696 941 1764 984; x_wconf 89' lang='lat' dir='ltr'>os</span> <span class='ocrx_word' id='word_1_71' title='bbox 1796 926 2119 1004; x_wconf 86' lang='lat' dir='ltr'>imperavit.</span> <span class='ocrx_word' id='word_1_72' title='bbox 2191 925 2293 986; x_wconf 83' lang='lat' dir='ltr'>Mi-</span> 
     </span>
     <span class='ocr_line' id='line_1_10' title="bbox 294 1003 2294 1088; baseline -0.001 -18"><span class='ocrx_word' id='word_1_73' title='bbox 294 1011 453 1070; x_wconf 83' lang='lat' dir='ltr'>litem</span> <span class='ocrx_word' id='word_1_74' title='bbox 483 1005 910 1085; x_wconf 87' lang='lat' dir='ltr'>praetorianum</span> <span class='ocrx_word' id='word_1_75' title='bbox 940 1003 1017 1063; x_wconf 87' lang='lat' dir='ltr'>ob</span> <span class='ocrx_word' id='word_1_76' title='bbox 1042 1004 1377 1084; x_wconf 90' lang='lat' dir='ltr'>subreptum</span> <span class='ocrx_word' id='word_1_77' title='bbox 1406 1026 1439 1066; x_wconf 93' lang='lat' dir='ltr'>e</span> <span class='ocrx_word' id='word_1_78' title='bbox 1472 1007 1760 1068; x_wconf 82' lang='lat' dir='ltr'>viridiario</span> <span class='ocrx_word' id='word_1_79' title='bbox 1792 1026 2077 1088; x_wconf 86' lang='lat' dir='ltr'>pavonem</span> <span class='ocrx_word' id='word_1_80' title='bbox 2102 1010 2294 1087; x_wconf 90' lang='lat' dir='ltr'>capite</span> 
     </span>
     <span class='ocr_line' id='line_1_11' title="bbox 226 1087 2296 1173; baseline 0 -22"><span class='ocrx_word' id='word_1_81' title='bbox 226 1118 275 1158; x_wconf 77' lang='grc' dir='ltr'>ιο</span> <span class='ocrx_word' id='word_1_82' title='bbox 296 1092 496 1173; x_wconf 88' lang='lat' dir='ltr'>puniit.</span> <span class='ocrx_word' id='word_1_83' title='bbox 559 1088 624 1149; x_wconf 93' lang='lat' dir='ltr'>In</span> <span class='ocrx_word' id='word_1_84' title='bbox 663 1087 908 1168; x_wconf 88' lang='lat' dir='ltr'>quodam</span> <span class='ocrx_word' id='word_1_85' title='bbox 943 1089 1147 1149; x_wconf 89' lang='lat' dir='ltr'>itinere</span> <span class='ocrx_word' id='word_1_86' title='bbox 1192 1089 1433 1167; x_wconf 86' lang='lat' dir='ltr'>lectica,</span> <span class='ocrx_word' id='word_1_87' title='bbox 1478 1109 1588 1169; x_wconf 88' lang='lat' dir='ltr'>qua</span> <span class='ocrx_word' id='word_1_88' title='bbox 1623 1091 1973 1167; x_wconf 85' lang='lat' dir='ltr'>vehebatur,</span> <span class='ocrx_word' id='word_1_89' title='bbox 2016 1093 2296 1171; x_wconf 86' lang='lat' dir='ltr'>vepribus</span> 
     </span>
     <span class='ocr_line' id='line_1_12' title="bbox 291 1172 2293 1256; baseline -0.001 -19"><span class='ocrx_word' id='word_1_90' title='bbox 291 1174 614 1256; x_wconf 65' lang='lat' dir='ltr'>impedita,</span> <span class='ocrx_word' id='word_1_91' title='bbox 660 1172 1092 1249; x_wconf 85' lang='lat' dir='ltr'>exploratorem</span> <span class='ocrx_word' id='word_1_92' title='bbox 1142 1175 1310 1251; x_wconf 88' lang='lat' dir='ltr'>viae,</span> <span class='ocrx_word' id='word_1_93' title='bbox 1380 1176 1685 1253; x_wconf 86' lang='lat' dir='ltr'>primarum</span> <span class='ocrx_word' id='word_1_94' title='bbox 1732 1175 2052 1236; x_wconf 86' lang='lat' dir='ltr'>cohortium</span> <span class='ocrx_word' id='word_1_95' title='bbox 2098 1185 2293 1235; x_wconf 90' lang='lat' dir='ltr'>centu·</span> 
     </span>
     <span class='ocr_line' id='line_1_13' title="bbox 290 1256 2374 1337; baseline -0.001 -16"><span class='ocrx_word' id='word_1_96' title='bbox 290 1262 549 1335; x_wconf 78' lang='lat' dir='ltr'>tionem,</span> <span class='ocrx_word' id='word_1_97' title='bbox 602 1264 837 1315; x_wconf 88' lang='lat' dir='ltr'>stratum</span> <span class='ocrx_word' id='word_1_98' title='bbox 876 1256 1027 1315; x_wconf 87' lang='lat' dir='ltr'>humi</span> <span class='ocrx_word' id='word_1_99' title='bbox 1069 1276 1256 1337; x_wconf 91' lang='lat' dir='ltr'>paene</span> <span class='ocrx_word' id='word_1_100' title='bbox 1300 1258 1372 1319; x_wconf 93' lang='lat' dir='ltr'>ad</span> <span class='ocrx_word' id='word_1_101' title='bbox 1415 1276 1618 1318; x_wconf 83' lang='lat' dir='ltr'>necem</span> <span class='ocrx_word' id='word_1_102' title='bbox 1656 1258 2008 1319; x_wconf 82' lang='lat' dir='ltr'>verberavit.</span> <span class='ocrx_word' id='word_1_103' title='bbox 2068 1258 2294 1320; x_wconf 86' lang='lat' dir='ltr'>Moxin</span> <span class='ocrx_word' id='word_1_104' title='bbox 2311 1271 2374 1326; x_wconf 88' lang='lat'>61</span> 
     </span>
     <span class='ocr_line' id='line_1_14' title="bbox 296 1339 2295 1420; baseline -0.001 -15"><span class='ocrx_word' id='word_1_105' title='bbox 296 1362 466 1405; x_wconf 90' lang='lat' dir='ltr'>omne</span> <span class='ocrx_word' id='word_1_106' title='bbox 496 1358 682 1419; x_wconf 87' lang='lat' dir='ltr'>genus</span> <span class='ocrx_word' id='word_1_107' title='bbox 714 1339 1070 1400; x_wconf 87' lang='lat' dir='ltr'>crudelitatis</span> <span class='ocrx_word' id='word_1_108' title='bbox 1101 1342 1323 1420; x_wconf 89' lang='lat' dir='ltr'>erupit,</span> <span class='ocrx_word' id='word_1_109' title='bbox 1361 1359 1663 1420; x_wconf 87' lang='lat' dir='ltr'>numquam</span> <span class='ocrx_word' id='word_1_110' title='bbox 1697 1342 2005 1403; x_wconf 80' lang='lat' dir='ltr'>deficiente</span> <span class='ocrx_word' id='word_1_111' title='bbox 2033 1344 2295 1420; x_wconf 88' lang='lat' dir='ltr'>materia,</span> 
     </span>
     <span class='ocr_line' id='line_1_15' title="bbox 298 1424 2298 1505; baseline -0.002 -17"><span class='ocrx_word' id='word_1_112' title='bbox 298 1447 425 1489; x_wconf 89' lang='lat' dir='ltr'>cum</span> <span class='ocrx_word' id='word_1_113' title='bbox 453 1427 635 1505; x_wconf 87' lang='lat' dir='ltr'>primo</span> <span class='ocrx_word' id='word_1_114' title='bbox 661 1426 890 1499; x_wconf 88' lang='lat' dir='ltr'>matris,</span> <span class='ocrx_word' id='word_1_115' title='bbox 924 1424 1131 1484; x_wconf 91' lang='lat' dir='ltr'>deinde</span> <span class='ocrx_word' id='word_1_116' title='bbox 1160 1434 1436 1503; x_wconf 87' lang='lat' dir='ltr'>nepotum</span> <span class='ocrx_word' id='word_1_117' title='bbox 1468 1435 1528 1485; x_wconf 91' lang='lat' dir='ltr'>et</span> <span class='ocrx_word' id='word_1_118' title='bbox 1549 1445 1745 1503; x_wconf 89' lang='lat' dir='ltr'>nurus,</span> <span class='ocrx_word' id='word_1_119' title='bbox 1771 1436 2069 1505; x_wconf 89' lang='lat' dir='ltr'>postremo</span> <span class='ocrx_word' id='word_1_120' title='bbox 2102 1427 2298 1486; x_wconf 89' lang='lat' dir='ltr'>Seiani</span> 
     </span>
     <span class='ocr_line' id='line_1_16' title="bbox 223 1509 2296 1590; baseline -0.002 -18"><span class='ocrx_word' id='word_1_121' title='bbox 223 1536 275 1577; x_wconf 73' lang='grc' dir='ltr'>ιε,</span> <span class='ocrx_word' id='word_1_122' title='bbox 295 1511 611 1574; x_wconf 82' lang='lat' dir='ltr'>familiares</span> <span class='ocrx_word' id='word_1_123' title='bbox 640 1517 811 1586; x_wconf 92' lang='lat' dir='ltr'>atque</span> <span class='ocrx_word' id='word_1_124' title='bbox 849 1509 1017 1569; x_wconf 86' lang='lat' dir='ltr'>etiam</span> <span class='ocrx_word' id='word_1_125' title='bbox 1044 1517 1216 1568; x_wconf 89' lang='lat' dir='ltr'>notos</span> <span class='ocrx_word' id='word_1_126' title='bbox 1247 1520 1728 1587; x_wconf 81' lang='lat' dir='ltr'>persequeretur3</span> <span class='ocrx_word' id='word_1_127' title='bbox 1770 1519 1905 1590; x_wconf 91' lang='lat' dir='ltr'>post</span> <span class='ocrx_word' id='word_1_128' title='bbox 1936 1512 2097 1569; x_wconf 89' lang='lat' dir='ltr'>cuius</span> <span class='ocrx_word' id='word_1_129' title='bbox 2125 1511 2296 1569; x_wconf 86' lang='lat' dir='ltr'>inter·</span> 
     </span>
     <span class='ocr_line' id='line_1_17' title="bbox 297 1591 2298 1672; baseline -0.001 -17"><span class='ocrx_word' id='word_1_130' title='bbox 297 1598 436 1657; x_wconf 90' lang='lat' dir='ltr'>itum</span> <span class='ocrx_word' id='word_1_131' title='bbox 467 1593 566 1653; x_wconf 84' lang='lat' dir='ltr'>vel</span> <span class='ocrx_word' id='word_1_132' title='bbox 597 1591 970 1653; x_wconf 88' lang='lat' dir='ltr'>saevissimus</span> <span class='ocrx_word' id='word_1_133' title='bbox 1001 1593 1204 1653; x_wconf 85' lang='lat' dir='ltr'>extitit.</span> <span class='ocrx_word' id='word_1_134' title='bbox 1268 1593 1399 1666; x_wconf 85' lang='lat' dir='ltr'>Quo</span> <span class='ocrx_word' id='word_1_135' title='bbox 1429 1595 1673 1654; x_wconf 87' lang='lat' dir='ltr'>maxime</span> <span class='ocrx_word' id='word_1_136' title='bbox 1707 1595 2004 1672; x_wconf 88' lang='lat' dir='ltr'>apparuit,</span> <span class='ocrx_word' id='word_1_137' title='bbox 2036 1610 2152 1652; x_wconf 89' lang='lat' dir='ltr'>non</span> <span class='ocrx_word' id='word_1_138' title='bbox 2185 1603 2298 1653; x_wconf 88' lang='lat' dir='ltr'>tam</span> 
     </span>
     <span class='ocr_line' id='line_1_18' title="bbox 294 1676 2297 1759; baseline -0.002 -20"><span class='ocrx_word' id='word_1_139' title='bbox 294 1682 485 1759; x_wconf 89' lang='lat' dir='ltr'>ipsum</span> <span class='ocrx_word' id='word_1_140' title='bbox 527 1676 599 1736; x_wconf 89' lang='lat' dir='ltr'>ab</span> <span class='ocrx_word' id='word_1_141' title='bbox 636 1676 860 1736; x_wconf 91' lang='lat' dir='ltr'>Seiano.</span> <span class='ocrx_word' id='word_1_142' title='bbox 881 1677 1161 1736; x_wconf 91' lang='lat' dir='ltr'>concitari</span> <span class='ocrx_word' id='word_1_143' title='bbox 1191 1676 1453 1753; x_wconf 87' lang='lat' dir='ltr'>solitum,</span> <span class='ocrx_word' id='word_1_144' title='bbox 1499 1695 1666 1756; x_wconf 89' lang='lat' dir='ltr'>quam</span> <span class='ocrx_word' id='word_1_145' title='bbox 1701 1678 1968 1738; x_wconf 88' lang='lat' dir='ltr'>Seianum</span> <span class='ocrx_word' id='word_1_146' title='bbox 1999 1677 2297 1755; x_wconf 88' lang='lat' dir='ltr'>quaerenti</span> 
     </span>
     <span class='ocr_line' id='line_1_19' title="bbox 299 1760 2298 1840; baseline -0.002 -16"><span class='ocrx_word' id='word_1_147' title='bbox 299 1763 647 1824; x_wconf 87' lang='lat' dir='ltr'>occasiones</span> <span class='ocrx_word' id='word_1_148' title='bbox 690 1761 1197 1830; x_wconf 86' lang='lat' dir='ltr'>sumministrasse;</span> <span class='ocrx_word' id='word_1_149' title='bbox 1248 1762 1356 1820; x_wconf 88' lang='lat' dir='ltr'>etsi</span> <span class='ocrx_word' id='word_1_150' title='bbox 1390 1763 1832 1840; x_wconf 82' lang='lat' dir='ltr'>commentario,</span> <span class='ocrx_word' id='word_1_151' title='bbox 1878 1778 2049 1840; x_wconf 89' lang='lat' dir='ltr'>quem</span> <span class='ocrx_word' id='word_1_152' title='bbox 2079 1760 2152 1820; x_wconf 91' lang='lat' dir='ltr'>de</span> <span class='ocrx_word' id='word_1_153' title='bbox 2181 1761 2298 1821; x_wconf 88' lang='lat' dir='ltr'>vita</span> 
     </span>
     <span class='ocr_line' id='line_1_20' title="bbox 297 1843 2296 1924; baseline -0.003 -16"><span class='ocrx_word' id='word_1_154' title='bbox 297 1865 401 1908; x_wconf 90' lang='lat' dir='ltr'>sua</span> <span class='ocrx_word' id='word_1_155' title='bbox 452 1846 764 1905; x_wconf 89' lang='lat' dir='ltr'>summatim</span> <span class='ocrx_word' id='word_1_156' title='bbox 811 1843 1183 1923; x_wconf 87' lang='lat' dir='ltr'>breviterque</span> <span class='ocrx_word' id='word_1_157' title='bbox 1234 1847 1586 1924; x_wconf 88' lang='lat' dir='ltr'>composuit,</span> <span class='ocrx_word' id='word_1_158' title='bbox 1651 1863 1824 1906; x_wconf 89' lang='lat' dir='ltr'>ausus</span> <span class='ocrx_word' id='word_1_159' title='bbox 1873 1854 1961 1905; x_wconf 91' lang='lat' dir='ltr'>est</span> <span class='ocrx_word' id='word_1_160' title='bbox 2014 1843 2296 1919; x_wconf 89' lang='lat' dir='ltr'>scribere,</span> 
     </span>
     <span class='ocr_line' id='line_1_21' title="bbox 223 1927 2301 2008; baseline -0.004 -12"><span class='ocrx_word' id='word_1_161' title='bbox 223 1957 278 1998; x_wconf 85' lang='lat'>20</span> <span class='ocrx_word' id='word_1_162' title='bbox 298 1930 592 1992; x_wconf 78' lang='lat' dir='ltr'>Seianum</span> <span class='ocrx_word' id='word_1_163' title='bbox 642 1945 712 1987; x_wconf 79' lang='lat' dir='ltr'>se</span> <span class='ocrx_word' id='word_1_164' title='bbox 755 1927 1042 2008; x_wconf 77' lang='lat' dir='ltr'>punisse,</span> <span class='ocrx_word' id='word_1_165' title='bbox 1088 1928 1255 2008; x_wconf 82' lang='lat' dir='ltr'>quod</span> <span class='ocrx_word' id='word_1_166' title='bbox 1291 1929 1689 2007; x_wconf 77' lang='lat' dir='ltr'>comperisset</span> <span class='ocrx_word' id='word_1_167' title='bbox 1727 1927 1943 2008; x_wconf 75' lang='lat' dir='ltr'>furere</span> <span class='ocrx_word' id='word_1_168' title='bbox 1995 1928 2301 1989; x_wconf 77' lang='lat' dir='ltr'>adversus</span> 
     </span>
     <span class='ocr_line' id='line_1_22' title="bbox 297 2012 2297 2092; baseline -0.002 -16"><span class='ocrx_word' id='word_1_169' title='bbox 297 2013 532 2077; x_wconf 75' lang='lat' dir='ltr'>liberos</span> <span class='ocrx_word' id='word_1_170' title='bbox 561 2012 916 2073; x_wconf 77' lang='lat' dir='ltr'>Germanici</span> <span class='ocrx_word' id='word_1_171' title='bbox 953 2012 1072 2089; x_wconf 79' lang='lat' dir='ltr'>filii</span> <span class='ocrx_word' id='word_1_172' title='bbox 1101 2013 1232 2073; x_wconf 78' lang='lat' dir='ltr'>sui:</span> <span class='ocrx_word' id='word_1_173' title='bbox 1288 2030 1526 2092; x_wconf 88' lang='lat' dir='ltr'>quorum</span> <span class='ocrx_word' id='word_1_174' title='bbox 1570 2015 1699 2092; x_wconf 90' lang='lat' dir='ltr'>ipse</span> <span class='ocrx_word' id='word_1_175' title='bbox 1740 2013 1982 2075; x_wconf 88' lang='lat' dir='ltr'>alterum</span> <span class='ocrx_word' id='word_1_176' title='bbox 2020 2021 2297 2092; x_wconf 88' lang='lat' dir='ltr'>suspecto</span> 
     </span>
     <span class='ocr_line' id='line_1_23' title="bbox 297 2096 1873 2175; baseline -0.001 -16"><span class='ocrx_word' id='word_1_177' title='bbox 297 2101 438 2175; x_wconf 86' lang='lat' dir='ltr'>iam,</span> <span class='ocrx_word' id='word_1_178' title='bbox 470 2097 706 2158; x_wconf 90' lang='lat' dir='ltr'>alterum</span> <span class='ocrx_word' id='word_1_179' title='bbox 744 2112 1036 2174; x_wconf 88' lang='lat' dir='ltr'>oppresso</span> <span class='ocrx_word' id='word_1_180' title='bbox 1068 2096 1293 2157; x_wconf 89' lang='lat' dir='ltr'>demum</span> <span class='ocrx_word' id='word_1_181' title='bbox 1323 2100 1533 2158; x_wconf 85' lang='lat' dir='ltr'>Seiano</span> <span class='ocrx_word' id='word_1_182' title='bbox 1568 2099 1873 2159; x_wconf 83' lang='lat' dir='ltr'>interemit.</span> 
     </span>
     <span class='ocr_line' id='line_1_24' title="bbox 426 2179 2298 2261; baseline 0 -20"><span class='ocrx_word' id='word_1_183' title='bbox 426 2180 772 2257; x_wconf 85' lang='lat' dir='ltr'>Singillatim</span> <span class='ocrx_word' id='word_1_184' title='bbox 816 2179 1126 2240; x_wconf 90' lang='lat' dir='ltr'>crudeliter</span> <span class='ocrx_word' id='word_1_185' title='bbox 1168 2181 1320 2242; x_wconf 83' lang='lat' dir='ltr'>facta</span> <span class='ocrx_word' id='word_1_186' title='bbox 1360 2183 1482 2242; x_wconf 88' lang='lat' dir='ltr'>eius</span> <span class='ocrx_word' id='word_1_187' title='bbox 1517 2184 1730 2261; x_wconf 87' lang='lat' dir='ltr'>exequi</span> <span class='ocrx_word' id='word_1_188' title='bbox 1760 2183 1995 2260; x_wconf 87' lang='lat' dir='ltr'>longum</span> <span class='ocrx_word' id='word_1_189' title='bbox 2029 2191 2147 2243; x_wconf 88' lang='lat' dir='ltr'>est:</span> <span class='ocrx_word' id='word_1_190' title='bbox 2196 2200 2298 2259; x_wconf 87' lang='lat' dir='ltr'>ge-</span> 
     </span>
     <span class='ocr_line' id='line_1_25' title="bbox 296 2264 2301 2342; baseline -0.001 -15"><span class='ocrx_word' id='word_1_191' title='bbox 296 2284 474 2341; x_wconf 88' lang='lat' dir='ltr'>nera,</span> <span class='ocrx_word' id='word_1_192' title='bbox 509 2264 664 2324; x_wconf 89' lang='lat' dir='ltr'>velut</span> <span class='ocrx_word' id='word_1_193' title='bbox 696 2264 1050 2342; x_wconf 85' lang='lat' dir='ltr'>exemplaria</span> <span class='ocrx_word' id='word_1_194' title='bbox 1082 2267 1379 2342; x_wconf 86' lang='lat' dir='ltr'>saevitiae,</span> <span class='ocrx_word' id='word_1_195' title='bbox 1411 2284 1750 2327; x_wconf 86' lang='lat' dir='ltr'>enumerare</span> <span class='ocrx_word' id='word_1_196' title='bbox 1781 2276 1869 2326; x_wconf 90' lang='lat' dir='ltr'>sat</span> <span class='ocrx_word' id='word_1_197' title='bbox 1899 2269 2026 2327; x_wconf 87' lang='lat' dir='ltr'>erit.</span> <span class='ocrx_word' id='word_1_198' title='bbox 2094 2264 2301 2325; x_wconf 85' lang='lat' dir='ltr'>Nullus</span> 
     </span>
     <span class='ocr_line' id='line_1_26' title="bbox 223 2347 2301 2429; baseline -0.001 -18"><span class='ocrx_word' id='word_1_199' title='bbox 223 2369 334 2420; x_wconf 80' lang='lat' dir='ltr'>25a</span> <span class='ocrx_word' id='word_1_200' title='bbox 389 2366 580 2429; x_wconf 87' lang='lat' dir='ltr'>poena</span> <span class='ocrx_word' id='word_1_201' title='bbox 623 2347 910 2408; x_wconf 87' lang='lat' dir='ltr'>hominum</span> <span class='ocrx_word' id='word_1_202' title='bbox 963 2349 1213 2409; x_wconf 87' lang='lat' dir='ltr'>cessavit</span> <span class='ocrx_word' id='word_1_203' title='bbox 1264 2349 1419 2426; x_wconf 74' lang='lat' dir='ltr'>dieS,</span> <span class='ocrx_word' id='word_1_204' title='bbox 1476 2369 1548 2410; x_wconf 90' lang='lat' dir='ltr'>ne</span> <span class='ocrx_word' id='word_1_205' title='bbox 1595 2350 1911 2427; x_wconf 87' lang='lat' dir='ltr'>religiosus</span> <span class='ocrx_word' id='word_1_206' title='bbox 1952 2350 2182 2429; x_wconf 91' lang='lat' dir='ltr'>quidem</span> <span class='ocrx_word' id='word_1_207' title='bbox 2229 2365 2301 2408; x_wconf 90' lang='lat' dir='ltr'>ac</span> 
     </span>
     <span class='ocr_line' id='line_1_27' title="bbox 299 2431 2299 2512; baseline -0.003 -16"><span class='ocrx_word' id='word_1_208' title='bbox 299 2451 500 2501; x_wconf 77' lang='lat' dir='ltr'>sacer:</span> <span class='ocrx_word' id='word_1_209' title='bbox 538 2431 994 2492; x_wconf 86' lang='lat' dir='ltr'>animadversum</span> <span class='ocrx_word' id='word_1_210' title='bbox 1025 2433 1082 2491; x_wconf 91' lang='lat' dir='ltr'>in</span> <span class='ocrx_word' id='word_1_211' title='bbox 1113 2433 1393 2512; x_wconf 90' lang='lat' dir='ltr'>quosdam</span> <span class='ocrx_word' id='word_1_212' title='bbox 1422 2435 1654 2493; x_wconf 91' lang='lat' dir='ltr'>ineunte</span> <span class='ocrx_word' id='word_1_213' title='bbox 1684 2450 1834 2494; x_wconf 89' lang='lat' dir='ltr'>anno</span> <span class='ocrx_word' id='word_1_214' title='bbox 1861 2451 2035 2493; x_wconf 87' lang='lat' dir='ltr'>novo.</span> <span class='ocrx_word' id='word_1_215' title='bbox 2110 2434 2299 2493; x_wconf 81' lang='lat' dir='ltr'>Accu-</span> 
     </span>
     <span class='ocr_line' id='line_1_28' title="bbox 300 2516 2297 2595; baseline -0.003 -17"><span class='ocrx_word' id='word_1_216' title='bbox 300 2519 410 2578; x_wconf 90' lang='lat' dir='ltr'>sati</span> <span class='ocrx_word' id='word_1_217' title='bbox 439 2516 800 2595; x_wconf 87' lang='lat' dir='ltr'>damnatique</span> <span class='ocrx_word' id='word_1_218' title='bbox 844 2516 1003 2575; x_wconf 91' lang='lat' dir='ltr'>multi</span> <span class='ocrx_word' id='word_1_219' title='bbox 1049 2535 1174 2576; x_wconf 91' lang='lat' dir='ltr'>cum</span> <span class='ocrx_word' id='word_1_220' title='bbox 1216 2517 1444 2576; x_wconf 87' lang='lat' dir='ltr'>libertis</span> <span class='ocrx_word' id='word_1_221' title='bbox 1485 2525 1657 2594; x_wconf 81' lang='lat' dir='ltr'>atque</span> <span class='ocrx_word' id='word_1_222' title='bbox 1705 2518 1873 2576; x_wconf 90' lang='lat' dir='ltr'>etiam</span> <span class='ocrx_word' id='word_1_223' title='bbox 1915 2517 2118 2576; x_wconf 90' lang='lat' dir='ltr'>liberis</span> <span class='ocrx_word' id='word_1_224' title='bbox 2157 2516 2297 2590; x_wconf 81' lang='lat' dir='ltr'>suis.</span> 
     </span>
     <span class='ocr_line' id='line_1_29' title="bbox 298 2598 2301 2679; baseline -0.003 -15"><span class='ocrx_word' id='word_1_225' title='bbox 298 2598 669 2664; x_wconf 87' lang='lat' dir='ltr'>Interdictum</span> <span class='ocrx_word' id='word_1_226' title='bbox 706 2619 778 2660; x_wconf 91' lang='lat' dir='ltr'>ne</span> <span class='ocrx_word' id='word_1_227' title='bbox 821 2602 1011 2679; x_wconf 87' lang='lat' dir='ltr'>capite</span> <span class='ocrx_word' id='word_1_228' title='bbox 1045 2599 1341 2661; x_wconf 89' lang='lat' dir='ltr'>damnatos</span> <span class='ocrx_word' id='word_1_229' title='bbox 1376 2599 1683 2678; x_wconf 89' lang='lat' dir='ltr'>propinqui</span> <span class='ocrx_word' id='word_1_230' title='bbox 1714 2599 1999 2676; x_wconf 87' lang='lat' dir='ltr'>lugerent.</span> <span class='ocrx_word' id='word_1_231' title='bbox 2045 2599 2301 2658; x_wconf 88' lang='lat' dir='ltr'>Decreta</span> 
     </span>
     <span class='ocr_line' id='line_1_30' title="bbox 300 2681 2298 2762; baseline -0.004 -16"><span class='ocrx_word' id='word_1_232' title='bbox 300 2683 740 2746; x_wconf 87' lang='lat' dir='ltr'>accusatoribus</span> <span class='ocrx_word' id='word_1_233' title='bbox 775 2684 1090 2762; x_wconf 89' lang='lat' dir='ltr'>praecipua</span> <span class='ocrx_word' id='word_1_234' title='bbox 1135 2685 1427 2762; x_wconf 88' lang='lat' dir='ltr'>praemia,</span> <span class='ocrx_word' id='word_1_235' title='bbox 1471 2688 1892 2762; x_wconf 88' lang='lat' dir='ltr'>nonnumquam</span> <span class='ocrx_word' id='word_1_236' title='bbox 1934 2691 1994 2742; x_wconf 91' lang='lat' dir='ltr'>et</span> <span class='ocrx_word' id='word_1_237' title='bbox 2034 2681 2298 2742; x_wconf 89' lang='lat' dir='ltr'>testibus.</span> 
     </span>
     <span class='ocr_line' id='line_1_31' title="bbox 224 2763 2304 2846; baseline -0.001 -20"><span class='ocrx_word' id='word_1_238' title='bbox 224 2784 278 2826; x_wconf 77' lang='lat'>³0</span> <span class='ocrx_word' id='word_1_239' title='bbox 299 2769 528 2830; x_wconf 88' lang='lat' dir='ltr'>Nemini</span> <span class='ocrx_word' id='word_1_240' title='bbox 570 2766 891 2828; x_wconf 85' lang='lat' dir='ltr'>delatorum</span> <span class='ocrx_word' id='word_1_241' title='bbox 932 2767 1077 2827; x_wconf 84' lang='lat' dir='ltr'>fides</span> <span class='ocrx_word' id='word_1_242' title='bbox 1103 2768 1405 2846; x_wconf 87' lang='lat' dir='ltr'>abrogata.</span> <span class='ocrx_word' id='word_1_243' title='bbox 1468 2767 1650 2828; x_wconf 89' lang='lat' dir='ltr'>Omne</span> <span class='ocrx_word' id='word_1_244' title='bbox 1684 2769 1896 2826; x_wconf 89' lang='lat' dir='ltr'>crimen</span> <span class='ocrx_word' id='word_1_245' title='bbox 1928 2783 2035 2845; x_wconf 88' lang='lat' dir='ltr'>pro</span> <span class='ocrx_word' id='word_1_246' title='bbox 2070 2763 2304 2844; x_wconf 87' lang='lat' dir='ltr'>capitali</span> 
     </span>
     <span class='ocr_line' id='line_1_32' title="bbox 298 2848 2301 2931; baseline -0.003 -17"><span class='ocrx_word' id='word_1_247' title='bbox 298 2860 632 2930; x_wconf 91' lang='lat' dir='ltr'>receptum,</span> <span class='ocrx_word' id='word_1_248' title='bbox 681 2853 852 2912; x_wconf 88' lang='lat' dir='ltr'>etiam</span> <span class='ocrx_word' id='word_1_249' title='bbox 893 2868 1208 2930; x_wconf 89' lang='lat' dir='ltr'>paucorum</span> <span class='ocrx_word' id='word_1_250' title='bbox 1248 2851 1708 2931; x_wconf 90' lang='lat' dir='ltr'>simpliciumque</span> <span class='ocrx_word' id='word_1_251' title='bbox 1745 2848 2073 2917; x_wconf 88' lang='lat' dir='ltr'>verborum.</span> <span class='ocrx_word' id='word_1_252' title='bbox 2130 2848 2301 2909; x_wconf 90' lang='lat' dir='ltr'>Obie·</span> 
     </span>
     <span class='ocr_line' id='line_1_33' title="bbox 301 2932 2304 3015; baseline -0.003 -17"><span class='ocrx_word' id='word_1_253' title='bbox 301 2947 455 2998; x_wconf 89' lang='lat' dir='ltr'>ctum</span> <span class='ocrx_word' id='word_1_254' title='bbox 499 2943 590 2994; x_wconf 90' lang='lat' dir='ltr'>est</span> <span class='ocrx_word' id='word_1_255' title='bbox 632 2945 880 3014; x_wconf 85' lang='lat' dir='ltr'>poetae,</span> <span class='ocrx_word' id='word_1_256' title='bbox 923 2935 1078 3015; x_wconf 92' lang='lat' dir='ltr'>quod</span> <span class='ocrx_word' id='word_1_257' title='bbox 1107 2938 1164 2995; x_wconf 90' lang='lat' dir='ltr'>in</span> <span class='ocrx_word' id='word_1_258' title='bbox 1206 2936 1510 3014; x_wconf 87' lang='lat' dir='ltr'>tragoedia</span> <span class='ocrx_word' id='word_1_259' title='bbox 1544 2936 2036 3013; x_wconf 87' lang='lat' dir='ltr'>Agamemnonem</span> <span class='ocrx_word' id='word_1_260' title='bbox 2071 2932 2304 3012; x_wconf 85' lang='lat' dir='ltr'>probris</span> 
     </span>
     <span class='ocr_line' id='line_1_34' title="bbox 300 3017 2303 3098; baseline -0.002 -17"><span class='ocrx_word' id='word_1_261' title='bbox 300 3019 673 3088; x_wconf 85' lang='lat' dir='ltr'>lacessisset;</span> <span class='ocrx_word' id='word_1_262' title='bbox 702 3019 995 3079; x_wconf 86' lang='lat' dir='ltr'>obiectum</span> <span class='ocrx_word' id='word_1_263' title='bbox 1029 3029 1088 3079; x_wconf 90' lang='lat' dir='ltr'>et</span> <span class='ocrx_word' id='word_1_264' title='bbox 1114 3018 1432 3096; x_wconf 85' lang='lat' dir='ltr'>historico,</span> <span class='ocrx_word' id='word_1_265' title='bbox 1476 3019 1630 3098; x_wconf 90' lang='lat' dir='ltr'>quod</span> <span class='ocrx_word' id='word_1_266' title='bbox 1659 3019 1891 3079; x_wconf 91' lang='lat' dir='ltr'>Brutum</span> <span class='ocrx_word' id='word_1_267' title='bbox 1926 3017 2303 3097; x_wconf 87' lang='lat' dir='ltr'>Cassiumque</span> 
     </span>
     <span class='ocr_line' id='line_1_35' title="bbox 300 3102 2304 3172; baseline -0.001 -9"><span class='ocrx_word' id='word_1_268' title='bbox 300 3103 533 3163; x_wconf 88' lang='lat' dir='ltr'>ultimos</span> <span class='ocrx_word' id='word_1_269' title='bbox 561 3102 950 3163; x_wconf 89' lang='lat' dir='ltr'>Romanorum</span> <span class='ocrx_word' id='word_1_270' title='bbox 992 3103 1261 3172; x_wconf 79' lang='lat' dir='ltr'>dixisset3</span> <span class='ocrx_word' id='word_1_271' title='bbox 1317 3103 1773 3164; x_wconf 85' lang='lat' dir='ltr'>animadversum</span> <span class='ocrx_word' id='word_1_272' title='bbox 1803 3104 1991 3162; x_wconf 84' lang='lat' dir='ltr'>statim</span> <span class='ocrx_word' id='word_1_273' title='bbox 2021 3103 2078 3161; x_wconf 90' lang='lat' dir='ltr'>in</span> <span class='ocrx_word' id='word_1_274' title='bbox 2107 3111 2304 3164; x_wconf 88' lang='lat' dir='ltr'>aucto-</span> 
     </span>
     <span class='ocr_line' id='line_1_36' title="bbox 227 3186 2306 3266; baseline -0.001 -20"><span class='ocrx_word' id='word_1_275' title='bbox 227 3204 400 3249; x_wconf 75' lang='lat' dir='ltr'>ssres</span> <span class='ocrx_word' id='word_1_276' title='bbox 450 3187 784 3266; x_wconf 87' lang='lat' dir='ltr'>scriptaque</span> <span class='ocrx_word' id='word_1_277' title='bbox 836 3187 1054 3248; x_wconf 91' lang='lat' dir='ltr'>abolita</span> <span class='ocrx_word' id='word_1_278' title='bbox 1080 3231 1098 3263; x_wconf 91' lang='lat'>,</span> <span class='ocrx_word' id='word_1_279' title='bbox 1154 3188 1414 3266; x_wconf 86' lang='lat' dir='ltr'>quamvis</span> <span class='ocrx_word' id='word_1_280' title='bbox 1462 3186 1848 3266; x_wconf 87' lang='lat' dir='ltr'>probarentur</span> <span class='ocrx_word' id='word_1_281' title='bbox 1901 3195 2033 3246; x_wconf 89' lang='lat' dir='ltr'>ante</span> <span class='ocrx_word' id='word_1_282' title='bbox 2081 3187 2306 3266; x_wconf 87' lang='lat' dir='ltr'>aliquot</span> 
     </span>
     <span class='ocr_line' id='line_1_37' title="bbox 301 3269 2305 3349; baseline -0.003 -17"><span class='ocrx_word' id='word_1_283' title='bbox 301 3287 521 3346; x_wconf 86' lang='lat' dir='ltr'>annos,</span> <span class='ocrx_word' id='word_1_284' title='bbox 564 3273 734 3331; x_wconf 89' lang='lat' dir='ltr'>etiam</span> <span class='ocrx_word' id='word_1_285' title='bbox 771 3272 1037 3349; x_wconf 85' lang='lat' dir='ltr'>Augusto</span> <span class='ocrx_word' id='word_1_286' title='bbox 1081 3270 1348 3331; x_wconf 90' lang='lat' dir='ltr'>audiente</span> <span class='ocrx_word' id='word_1_287' title='bbox 1388 3273 1650 3331; x_wconf 86' lang='lat' dir='ltr'>recitata.</span> <span class='ocrx_word' id='word_1_288' title='bbox 1712 3269 2061 3344; x_wconf 86' lang='lat' dir='ltr'>Quibusdam</span> <span class='ocrx_word' id='word_1_289' title='bbox 2112 3276 2305 3328; x_wconf 88' lang='lat' dir='ltr'>custo-</span> 
     </span>
     <span class='ocr_line' id='line_1_38' title="bbox 301 3350 2306 3434; baseline -0.006 -17"><span class='ocrx_word' id='word_1_290' title='bbox 301 3356 433 3417; x_wconf 84' lang='lat' dir='ltr'>diae</span> <span class='ocrx_word' id='word_1_291' title='bbox 457 3352 680 3414; x_wconf 90' lang='lat' dir='ltr'>traditis</span> <span class='ocrx_word' id='word_1_292' title='bbox 707 3372 824 3415; x_wconf 90' lang='lat' dir='ltr'>non</span> <span class='ocrx_word' id='word_1_293' title='bbox 850 3354 1024 3415; x_wconf 88' lang='lat' dir='ltr'>modo</span> <span class='ocrx_word' id='word_1_294' title='bbox 1048 3354 1311 3415; x_wconf 90' lang='lat' dir='ltr'>studendi</span> <span class='ocrx_word' id='word_1_295' title='bbox 1333 3355 1598 3415; x_wconf 88' lang='lat' dir='ltr'>solatium</span> <span class='ocrx_word' id='word_1_296' title='bbox 1630 3354 1972 3434; x_wconf 89' lang='lat' dir='ltr'>ademptum,</span> <span class='ocrx_word' id='word_1_297' title='bbox 2002 3351 2106 3411; x_wconf 91' lang='lat' dir='ltr'>sed</span> <span class='ocrx_word' id='word_1_298' title='bbox 2137 3350 2306 3408; x_wconf 88' lang='lat' dir='ltr'>etiam</span> 
     </span>
     <span class='ocr_line' id='line_1_39' title="bbox 302 3433 2303 3520; baseline -0.007 -18"><span class='ocrx_word' id='word_1_299' title='bbox 302 3437 591 3502; x_wconf 85' lang='lat' dir='ltr'>sermonis</span> <span class='ocrx_word' id='word_1_300' title='bbox 637 3448 695 3498; x_wconf 91' lang='lat' dir='ltr'>et</span> <span class='ocrx_word' id='word_1_301' title='bbox 738 3439 1010 3520; x_wconf 86' lang='lat' dir='ltr'>conloqui</span> <span class='ocrx_word' id='word_1_302' title='bbox 1057 3456 1212 3498; x_wconf 89' lang='lat' dir='ltr'>usus.</span> <span class='ocrx_word' id='word_1_303' title='bbox 1278 3437 1449 3500; x_wconf 87' lang='lat' dir='ltr'>Citati</span> <span class='ocrx_word' id='word_1_304' title='bbox 1479 3437 1551 3500; x_wconf 88' lang='lat' dir='ltr'>ad</span> <span class='ocrx_word' id='word_1_305' title='bbox 1586 3456 1814 3499; x_wconf 88' lang='lat' dir='ltr'>causam</span> <span class='ocrx_word' id='word_1_306' title='bbox 1846 3433 2141 3497; x_wconf 89' lang='lat' dir='ltr'>dicendam</span> <span class='ocrx_word' id='word_1_307' title='bbox 2175 3447 2303 3509; x_wconf 90' lang='lat' dir='ltr'>par·</span> 
     </span>
    </p>
   </div>
  </div>
 </body>
</html>
