2553 3960
993 212 1407 262 PRAEFATIO.
1814 214 2093 264 Lxxxln

241 366 508 446 'singulis
550 374 751 431 verbis
786 373 880 429 vel
921 373 990 429 de
1033 373 1300 430 universo
1342 389 1553 443 genere
1600 373 1854 431 iudicare
1901 376 2086 433 liceat.

268 457 666 529 Distinguendi
703 457 851 513 enim
891 462 1017 512 sunt
1049 458 1117 512 ab
1157 455 1395 526 integris
1439 455 1602 514 libris
1633 475 1774 529 quos
1816 458 2086 532 impressa

270 543 529 613 exempla
571 541 826 596 referunt
862 539 902 594 ii
943 541 1203 610 codices,
1249 539 1346 612 qui
1389 541 1630 613 amplius
1670 541 1895 599 dimidia
1928 549 2090 614 parte

270 625 577 682 breviores
613 630 773 694 sunt,
801 623 1106 679 Parisinum
1136 624 1263 681 dieo
1291 628 1454 695 79⁷7,
1483 626 1859 696 Bonnensem,
1897 627 2090 682 Mona-

272 726 535 777 censem,
582 702 1015 783 vaticanum'ss).
1098 708 1146 763 li
1192 706 1339 762 enim
1385 709 1519 764 libri
1560 711 1631 765 de
1662 715 1731 769 69
1768 709 2088 779 versiculis,

271 809 416 864 quos
457 793 515 847 in
553 797 751 847 nostro
796 793 1052 864 exemplo
1086 789 1303 848 Horatii
1347 792 1463 848 vita
1508 793 1930 864 complectitur,
1978 808 2086 848 non

274 877 405 948 plus
443 892 606 946 quam
638 883 708 934 30
745 882 1131 944 servaverunt,
1174 875 1446 932 excidere
1477 877 1631 948 passi
1664 878 1836 933 verba
1874 895 1931 949 p.
1961 881 2089 947 297,

275 968 343 1018 15
380 961 664 1030 Λυρκείας
694 966 752 1014 et
789 976 934 1030 quae
964 965 1271 1030 sequuntur
1302 975 1478 1030 usque
1511 961 1578 1015 ad
1611 977 1663 1032 p.
1697 965 1820 1030 298,
1855 969 1916 1019 11
1953 960 2088 1017 Cae-

269 1059 394 1108 sar,
427 1050 542 1098 tum
572 1050 643 1102 23
669 1044 966 1112 domusque
992 1072 1078 1083 —
1105 1047 1172 1102 27
1207 1042 1502 1108 mebatun
1542 1049 1827 1115 postremo
1858 1051 1929 1104 30
1961 1049 2090 1115 post

275 1158 366 1168 -
399 1134 470 1187 33
499 1128 733 1181 tabulas,
820 1125 951 1181 Tam
995 1126 1223 1182 brevem
1256 1125 1472 1183 Horatii
1507 1127 1674 1183 vitam
1708 1128 1949 1184 fortasse
1982 1128 2082 1183 ali·

277 1212 410 1283 quis
467 1209 961 1280 interpolationem
1001 1211 1339 1280 quarundam
1385 1226 1590 1266 memor
1650 1210 2086 1282 antiquissimam

275 1302 336 1350 et
373 1292 679 1389 ’genuinam
717 1298 905 1364 putet3
955 1309 1148 1348 verum
1188 1292 1238 1349 si
1289 1294 1548 1365 proprius
1591 1309 1707 1348 rem
1752 1295 2086 1367 inspexerit,

276 1378 487 1434 omissa
518 1376 904 1448 deprehendet
931 1393 997 1432 ea
1030 1394 1174 1448 quae
1206 1376 1445 1432 omnium
1472 1375 1691 1431 minime
1720 1378 1923 1434 abesse
1953 1395 2087 1450 pos-

277 1455 463 1517 sunt⁷⁸
498 1498 513 1530 ,
546 1466 743 1516 contra
771 1467 1034 1532 suspecta
1073 1459 1255 1515 omnia
1289 1459 1642 1516 tenacissime
1673 1467 1918 1516 servata.
1975 1461 2086 1516 lta-

274 1562 387 1616 que
429 1561 495 1601 ea
532 1543 788 1600 brevitas
833 1543 1073 1600 librario
1101 1542 1269 1600 alicui
1305 1543 1569 1612 debetur,
1617 1543 1710 1613 qui
1751 1543 1935 1599 inutili
1974 1545 2087 1598 sci-

274 1629 416 1684 licet
462 1628 765 1684 verborum
817 1626 1132 1699 prolixitati
1172 1624 1477 1685 omittendo
1520 1626 1847 1681 medendum
1890 1626 2086 1681 existi·

276 1713 466 1769 mavit.

407 1795 729 1866 Sequuntur
762 1811 828 1850 ea
861 1795 1021 1864 Loca,
1054 1810 1195 1865 quae
1225 1793 1282 1849 in
1313 1793 1475 1849 libris
1511 1792 1686 1850 minus
1720 1794 1863 1850 bene
1893 1811 1955 1849 se
1987 1794 2087 1849 ha-

276 1881 416 1936 bere
450 1878 573 1934 visa
619 1883 764 1932 sunt.

280 2026 417 2077 1701
457 2024 669 2075 Carolus
703 2025 804 2075 Fea
840 2027 1082 2076 nonnulla
1122 2026 1349 2092 protulit.
1388 2053 1456 2062 —
1493 2025 1606 2075 Non
1639 2026 1902 2075 numeravi
1937 2027 2089 2076 colle·

275 2096 351 2161 gii
388 2091 768 2144 Gemblacensis
802 2094 1025 2144 codicem
1060 2093 1503 2159 antiquissimum,
1549 2094 1602 2143 in
1642 2109 1741 2158 quo
1777 2094 2089 2145 Pulmannus

276 2163 495 2214 eandem
526 2162 683 2211 vitam
719 2162 971 2228 reperisse
1005 2178 1061 2212 se
1094 2162 1181 2214 ait.

419 2228 514 2293 72)
548 2228 684 2279 Haec
714 2231 785 2280 ita
819 2231 970 2297 plane
1004 2232 1077 2280 uti
1112 2232 1370 2296 perscribo
1402 2231 1455 2281 in
1480 2231 1709 2281 Parisino
1743 2231 1871 2282 libro
1905 2247 1961 2282 se
1996 2232 2088 2282 ha-

275 2303 402 2352 bere
456 2299 599 2348 scito.
672 2298 802 2349 Nam
852 2299 916 2349 de
960 2300 1170 2368 reliquis
1216 2316 1300 2350 res
1349 2301 1502 2366 paulo
1547 2300 1808 2351 obscurior
1860 2309 1952 2350 est.
1991 2304 2085 2351 ·1n

276 2366 541 2420 Bonnensi
571 2382 761 2433 magna
795 2368 882 2417 illa
910 2369 1092 2418 lacuna
1115 2368 1319 2419 omnino
1358 2369 1534 2419 eadem
1570 2368 1835 2426 indicatur
1872 2370 1967 2420 sed
1996 2386 2087 2421 ex

274 2449 441 2488 trema
474 2435 593 2484 inde
628 2451 659 2486 a
693 2437 934 2486 vocabulo
987 2439 1254 2502 domusque
1286 2452 1447 2503 pauca
1491 2437 1577 2486 illa
1620 2443 1671 2487 et
1713 2452 1860 2487 erasa
1907 2439 2087 2489 abesse

277 2506 450 2556 omnia
495 2503 744 2555 dicuntur.
819 2507 876 2553 In
915 2505 1204 2556 Monacensi
1249 2506 1375 2556 libro
1420 2504 1672 2555 deficere
1712 2506 1929 2555 mediam
1977 2507 2084 2556 fere

274 2581 475 2640 partem
491 2571 506 2598 ’
537 2571 780 2623 Kirchner
807 2588 858 2639 p.
889 2573 957 2624 43
987 2582 1198 2625 testatus
1229 2582 1322 2625 est.
1394 2576 1468 2625 De
1498 2573 1731 2623 Vaticani
1762 2574 1955 2623 lacunis
1984 2575 2085 2623 Fea

276 2640 408 2693 nihil
444 2640 676 2702 tradidit,
729 2643 822 2692 sed
852 2649 955 2691 tam
1003 2644 1181 2693 allatae
1226 2658 1292 2691 ex
1340 2651 1487 2708 parte
1528 2642 1799 2707 superstite
1845 2642 2085 2692 lectiones

278 2724 434 2775 quam
459 2723 562 2759 non
589 2709 770 2759 allatae
805 2711 860 2760 in
890 2712 1118 2776 partibus
1146 2710 1437 2776 interceptis
1477 2710 1616 2770 (sine
1645 2718 1846 2759 auctore
1883 2726 1936 2776 p.
1960 2711 2084 2774 297,

277 2782 346 2829 24
378 2782 613 2843 ingerere
645 2781 1049 2829 commemoravit
1062 2778 1244 2843 Ritter)
1276 2794 1392 2829 eum
1429 2778 1611 2830 librum
1641 2778 1881 2829 mutilatis
1906 2793 2082 2829 accen·

278 2848 496 2899 sendum
532 2858 647 2897 esse
679 2856 916 2915 arguunt.

415 2915 513 2978 73)
564 2916 692 2966 Nam
727 2930 901 2967 eorum
937 2930 1066 2979 quae
1107 2916 1159 2964 in
1205 2916 1370 2980 prima
1408 2918 1588 2966 lacuna
1621 2916 1917 2967 exciderunt
1953 2916 2081 2981 (non

278 2984 599 3049 improbante
633 2985 847 3044 Crinito,
894 2984 986 3033 cfr.
1030 2984 1200 3034 adnot.
1236 2983 1350 3047 68.)
1388 2984 1658 3035 Horatiana
1703 2985 1894 3035 scholia
1924 2999 2083 3052 supra

278 3068 333 3119 p,
369 3053 500 3112 296,
554 3052 623 3104 35
670 3063 720 3103 et
775 3052 843 3104 39
896 3053 975 3102 bis
1011 3054 1306 3102 nominatim
1341 3054 1647 3104 mentIonern
1698 3054 1941 3105 fecerunt.
2011 3054 2089 3104 Ne

280 3127 574 3188 postremus
612 3123 813 3186 quidem
844 3122 987 3170 locus
1029 3120 1357 3185 excipiendus
1388 3131 1495 3181 est,
1539 3122 1619 3171 cui
1662 3136 1763 3171 non
1814 3121 2089 3174 omissione

281 3190 377 3239 sed
418 3190 768 3240 emendatione
806 3189 1208 3240 subveniendum
1244 3204 1360 3239 esse
1397 3190 1580 3240 iudico.
1657 3191 1907 3240 Vitiosum
1952 3190 2088 3243 enim

280 3258 409 3307 illud
437 3274 614 3308 nonum
649 3260 846 3309 scribae
879 3272 980 3308 non
1013 3257 1252 3308 Suetonio
1285 3258 1493 3324 imputo,
1534 3273 1646 3307 cum
1681 3269 1731 3308 et
1754 3258 2089 3322 Hieronymus

284 3327 459 3376 LVII
486 3336 623 3377 recte
655 3328 841 3378 babeat
870 3335 920 3378 et
950 3329 1001 3377 in
1035 3326 1135 3376 alia
1155 3326 1348 3376 Horatii
1381 3327 1499 3390 vita,
1541 3340 1669 3390 quae
1696 3342 1757 3375 ex
1784 3326 2088 3377 Suetoniana

283 3405 523 3462 excerpta
574 3403 651 3449 est
704 3395 984 3461 (Kirchner
1035 3410 1150 3445 nov.
1203 3403 1400 3459 quaest.
1461 3410 1514 3459 p.
1573 3394 1675 3460 44)
1730 3397 2091 3458 septuayest’mo

289 3479 349 3516 te
358 3469 460 3529 pu
474 3481 561 3516 mo
593 3467 838 3532 scriptum
868 3465 951 3519 sit.

1597 3533 1663 3581 s*
