2553 3960
1097 248 1156 296 c.
1195 248 1565 298 curcum.
2218 241 2339 303 133

323 423 498 486 quem
563 413 720 465 metu
780 421 1135 466 venenorum
1201 404 1549 484 praemuniri
1595 402 2026 466 medicamentis
2078 406 2338 488 suspica-

326 489 527 551 batur:
574 486 933 550 Antidotum
983 488 1167 569 inquit
1213 488 1522 550 adversus
1567 486 1949 551 Caesarem?
2033 491 2341 571 Relegatis

329 572 636 633 sororibus
668 591 795 635 non
823 573 1022 634 solum
1048 571 1295 635 insulas
1320 571 1559 643 hahere
1583 590 1686 650 se,
1738 573 1854 634 sed
1878 574 2063 636 etiam
2087 575 2341 654 gladios

327 656 666 718 minabatur.
753 656 1112 719 Praetorium
1153 660 1335 718 virum
1383 675 1458 717 ex
1499 675 1742 719 secessu
1782 656 2129 738 Anticyrae,
2172 677 2338 739 quam

282 761 306 803 ι
327 740 656 803 valitudinis
690 759 865 804 causa
892 741 1174 821 petierat,
1218 742 1536 821 propagari
1566 739 1678 802 sibi
1706 750 2080 803 commeatum
2106 745 2338 823 saepius

333 824 757 887 desiderantem
813 843 940 885 cnm
1007 823 1339 886 mandasset
1393 825 1668 903 interimi,
1753 825 1990 905 adiecit,
2046 845 2334 889 necessa·

330 910 491 970 riam
523 926 661 970 esse
693 908 1022 990 sanquinis
1054 908 1436 985 mis-riom,
1492 910 1594 971 cui
1637 914 1766 971 tam
1792 908 1899 971 diu
1927 929 2053 973 non
2072 911 2336 991 prodes-

328 999 425 1054 set
456 992 809 1055 elleborum.
898 993 1139 1053 Decimo
1189 1009 1421 1073 quoque
1464 990 1556 1054 die
1599 1012 1893 1055 nnmerum
1926 995 2339 1076 puniendorum

330 1096 407 1138 ex
443 1077 700 1139 custodia
734 1076 1144 1154 subscribens,
1172 1076 1480 1139 rationem
1509 1095 1580 1139 se
1601 1094 1880 1158 purqare
1914 1078 2161 1140 dicebat.
2207 1080 2337 1142 Gal-

257 1179 309 1223 ιο
329 1162 401 1222 lis
440 1160 800 1241 Graecisque
853 1162 1073 1240 aliquot
1099 1179 1212 1222 uno
1269 1170 1535 1240 tempore
1584 1161 2000 1241 condemnatis,
2046 1163 2337 1242 gloriaba-

325 1254 446 1323 tur,
501 1244 1008 1327 Galloqraeoiam
1055 1263 1125 1306 se
1174 1244 1514 1325 subegisse.
1600 1244 1733 1307 Non
1783 1255 2000 1307 temere
2041 1249 2100 1307 in
2143 1266 2334 1328 quem·
2352 1255 2422 1310 30

329 1346 497 1410 quam
527 1332 636 1390 nisi
679 1330 904 1390 crebris
944 1338 1006 1390 et
1042 1329 1272 1390 minutis
1314 1329 1524 1390 ictibus
1566 1329 1940 1392 animadverti
1974 1350 2181 1411 passus
2225 1340 2336 1410 est,

330 1421 618 1493 perpetuo
669 1423 927 1494 notoque
974 1415 1084 1476 iam
1124 1421 1479 1494 praecepto:
1525 1409 1630 1475 Ita
1652 1413 1783 1494 feri
1816 1420 1888 1476 ut
1916 1432 1987 1476 se
2009 1416 2172 1477 mori
2197 1433 2335 1477 sen·

328 1496 484 1559 ἥατ’]
535 1496 738 1558 Punito
797 1515 906 1578 per
952 1515 1214 1559 errorem
1265 1498 1511 1558 nominis
1564 1497 1680 1559 alio
1734 1517 1901 1579 quam
1944 1517 2112 1578 quem
2163 1498 2337 1559 desti-

254 1606 308 1649 15
328 1590 601 1660 naverat,
661 1582 850 1662 ipsum
879 1598 1111 1662 qnoque
1156 1582 1320 1661 paria
1358 1582 1640 1642 meruisse
1671 1580 1831 1643 dixit.
1922 1582 2232 1660 Tragicum
2269 1582 2336 1642 il-

327 1665 427 1726 lud
456 1664 697 1726 subinde
728 1665 1007 1728 iactabat:

957 1753 1211 1824 Oderint,
1263 1754 1393 1811 dum
1433 1758 1706 1811 metuant!

332 1833 525 1913 Saepe
556 1834 613 1894 in
666 1842 907 1896 cunctos
960 1837 1180 1915 pariter
1221 1841 1557 1913 senatores,
1609 1842 1673 1894 ut
1723 1832 1918 1894 Seiani
1970 1831 2234 1911 clientis,
2277 1841 2340 1893 ut

330 1919 526 1979 matris
564 1936 632 1979 ac
664 1918 902 1980 fratrum
942 1937 1174 1983 snorum
1214 1918 1541 1997 delatores,
1602 1918 1867 1978 invectus
1917 1925 2038 1995 est,
2091 1916 2336 1998 prolatis

253 2024 311 2067 2⁰
329 2001 582 2080 libellis,
626 2020 773 2083 qnos
817 2014 1106 2067 crematos
1137 2003 1538 2082 simulaverat,
1579 2002 1936 2081 defensaque
1969 2001 2165 2063 Tiberi
2209 2019 2336 2061 sae-

329 2087 469 2148 vitia
499 2089 663 2166 quasi
694 2090 1058 2167 necessaria,
1119 2107 1246 2149 cnm
1290 2097 1376 2149 tot
1405 2086 1834 2149 criminantibus
1865 2084 2212 2147 credendum
2247 2102 2337 2145 es-

328 2180 438 2232 set.
524 2169 873 2251 Equestrem
927 2172 1187 2234 ordinem
1244 2181 1307 2234 ut
1363 2189 1614 2233 scaenae
1654 2170 2022 2250 harenaeque
2068 2168 2339 2229 devotum

329 2254 560 2317 assidue
591 2255 890 2335 proscidit.
975 2256 1243 2319 Infensus
1284 2255 1487 2316 turbae
1529 2255 1747 2316 faventi
1783 2253 2060 2315 adversus
2094 2252 2341 2313 studium

331 2358 522 2417 sunm,
586 2340 962 2401 exclamavit:
1018 2339 1265 2403 Utinam
1289 2338 1358 2400 P.
1391 2339 1468 2400 R.
1497 2356 1684 2400 unam
1726 2338 2022 2400 cervicem
2043 2335 2338 2398 haberet!

254 2442 313 2483 25
336 2420 595 2502 Cumque
640 2422 928 2486 Tetrinius
973 2425 1122 2487 latro
1180 2424 1605 2504 postularetur,
1668 2428 1728 2483 et
1777 2421 1885 2503 qui
1924 2420 2337 2499 postularent,

338 2505 647 2571 Tetrinios
701 2526 839 2570 esse
884 2509 981 2570 ait.
1066 2509 1290 2571 Retiari
1347 2507 1578 2567 tunicati
1636 2507 1887 2586 quinque
1930 2521 2166 2564 numero
2205 2519 2339 2581 gre-

331 2592 509 2670 gatim
560 2591 895 2654 dimicantes
947 2594 1073 2654 sine
1131 2590 1444 2654 certamine
1504 2587 1625 2649 ullo
1683 2588 1921 2649 totidem
1978 2585 2341 2648 secutoribus

334 2674 791 2746 succubuerant;
827 2694 956 2738 cum
988 2676 1177 2738 occidi
1208 2674 1579 2750 iuberentur,
1620 2690 1766 2732 unus
1794 2677 2088 2750 resumpta
2115 2669 2342 2729 fuscina

336 2777 537 2821 omnes
567 2762 829 2821 victores
874 2761 1192 2822 interemit:
1254 2759 1405 2819 hanc
1433 2766 1494 2817 ut
1523 2755 1978 2818 crudelissimam
2015 2751 2253 2813 caedem
2284 2759 2343 2812 et

258 2859 316 2902 so
337 2843 573 2905 deflevit
612 2842 804 2905 edicto
850 2853 910 2906 et
949 2862 1091 2923 eos,
1151 2845 1247 2923 qui
1295 2850 1568 2919 spectare
1613 2841 2042 2915 sustinuissent,
2100 2853 2341 2897 execra-

330 2937 422 2989 tus
454 2936 564 2988 est.
655 2927 833 3003 Queri
864 2929 1035 2989 etiam
1075 2926 1265 3009 palam
1297 2924 1370 2985 de
1404 2924 1730 2986 conditione
1760 2933 2081 3004 temporum
2110 2936 2341 2981 suorum
2357 2927 2420 2981 31

331 3009 598 3089 solebat,
670 3011 826 3091 quod
876 3011 1049 3074 nullis
1119 3008 1538 3071 calamitatibus
1600 3008 1849 3089 publicis
1901 3006 2340 3084 insignirentur3

330 3095 582 3173 Augusti
640 3097 1026 3176 principatum
1080 3093 1245 3156 clade
1302 3094 1587 3169 Variana,
1645 3092 1843 3153 Tiberi
1901 3091 2062 3151 ruina
2113 3097 2340 3168 specta-

335 3178 595 3240 culorum
624 3179 775 3259 apud
804 3179 1055 3243 Fidenas
1085 3177 1520 3239 memorabilem
1551 3177 1795 3253 factum,
1853 3193 1959 3236 suo
1991 3172 2343 3234 oblivionem

267 3263 632 3324 ›simminere
687 3267 1081 3345 prosperitate
1139 3279 1363 3333 rerum3
1422 3269 1594 3340 atque
1635 3258 1943 3320 identidem
1988 3257 2344 3319 exercituum

336 3346 580 3425 caedes,
626 3346 863 3428 famem,
904 3348 1322 3430 pestilentiam,
1365 3344 1661 3422 incendia,
1709 3343 1919 3405 hiatum
1950 3343 2198 3421 aliquem
2227 3345 2341 3396 ter-

332 3447 438 3493 rae
482 3448 518 3492 ο
563 3430 739 3493 tabat.

463 3449 729 3577 Adimam
763 3533 995 3596 quoque
1039 3516 1351 3577 remittenti
1392 3512 1648 3592 ludoque
1694 3520 1753 3572 et
1796 3509 1984 3590 epulis
2013 3503 2205 3565 dedito
2248 3516 2340 3560 ea-
2358 3505 2426 3560 32
