2553 3960
309 253 430 316 192
519 264 579 314 o.
605 263 909 313 sumom
933 263 1187 324 TRANQ.
1213 262 1312 310 DE
1343 264 1509 311 vrrA
1535 263 1903 312 cassanum
1923 265 2064 313 ΜΒ.
2092 266 2188 314 vr.

305 426 506 482 turum
530 420 738 481 omnia
775 438 839 480 in
885 419 1186 480 theatrum
1230 419 1561 497 affirmavit,
1612 420 1673 480 si
1710 438 1831 499 per
1883 417 2197 480 Vindicem
2238 419 2309 481 li·

306 511 461 566 ceat.

223 610 293 663 42
426 589 736 668 Postquam
777 587 984 649 deinde
1031 589 1200 647 etiam
1242 585 1479 648 Galbam
1525 595 1583 646 et
1623 586 1933 666 Hispanias
1982 587 2305 648 descivisse

306 674 616 751 cognovit,
662 672 974 751 conlapsus
1017 672 1320 750 animoque
1368 669 1518 731 male
1563 671 1753 732 fracto
1785 672 1877 732 diu
1907 673 2031 732 sine
2065 689 2214 731 voce
2247 681 2306 732 et

305 776 495 837 prope
526 757 932 816 intermortuus
963 756 1168 834 iacuit,
1208 763 1384 833 utque
1418 755 1675 833 resipiit,
1711 765 1875 815 veste
1905 755 2170 833 discissa,
2208 774 2346 819 (ta-5

302 843 425 922 pite
466 839 923 917 converberato,
967 847 1173 901 actum
1203 839 1282 898 de
1309 857 1378 899 se
1408 841 1823 918 pronuntiavit,
1860 839 2306 918 consolantique

303 925 627 985 nutriculae
674 933 730 984 et
773 924 901 984 aliis
949 941 1185 1002 quoque
1237 924 1349 983 iam
1391 923 1749 1003 principibus
1781 925 1985 984 similia
2017 924 2304 984 accidisse

301 1010 672 1085 memoranti,
720 1026 789 1067 se
828 1025 1004 1069 vero.
1014 1015 1278 1087 praeter
1315 1014 1554 1068 ceteros
1582 1007 1868 1069 inaudita
1907 1016 1966 1068 et
1990 1007 2306 1088 incoquita

293 1093 439 1173 pati
458 1092 777 1171 respondit,
809 1094 914 1171 qui
934 1110 1228 1152 summum
1254 1091 1574 1170 imperium
1595 1093 1775 1153 vivus
1803 1093 2120 1154 amitteret.
2177 1091 2306 1151 Nec

304 1195 378 1237 eo
422 1177 602 1236 setius
654 1177 960 1253 quicquam
1005 1194 1080 1235 ex
1131 1175 1545 1237 consuetudine
1599 1175 1770 1237 luxus
1818 1187 1991 1257 atque
2045 1174 2303 1236 desidiae
2326 1196 2379 1238 10

306 1260 495 1321 omisit
526 1258 623 1318 vel
655 1260 957 1328 imminuit;
993 1261 1129 1338 quin
1164 1263 1373 1337 immo,
1423 1278 1552 1320 cum
1595 1262 1866 1341 prosperi
1916 1261 2181 1340 quiddam
2228 1279 2306 1320 ex

305 1344 621 1423 provinciis
663 1344 974 1403 nuntiatum
1019 1353 1212 1422 esset,
1259 1361 1439 1423 super
1479 1343 2020 1405 abundantissimam
2068 1363 2306 1405 caenam

301 1428 582 1488 iocularia
615 1427 672 1486 in
703 1426 1052 1487 defectionis
1094 1427 1276 1488 duces
1319 1429 1569 1489 carmina
1611 1428 1951 1509 lasciveque
1992 1429 2304 1507 modulata,

305 1530 453 1590 quae
485 1510 663 1588 vulgo
696 1520 1023 1590 notuerunt,
1059 1513 1230 1572 etiam
1264 1512 1647 1590 gesticulatus
1679 1521 1805 1584 est;
1839 1532 1910 1575 ac
1949 1514 2304 1592 spectaculis

303 1595 514 1655 theatri
547 1595 692 1654 clam
722 1595 959 1673 inlatus,
1004 1596 1228 1657 cuidam
1274 1597 1514 1658 scenico
1549 1596 1804 1676 placenti
1834 1599 2088 1659 nuntium
2130 1599 2303 1677 misit,
2326 1615 2377 1657 15

305 1678 482 1740 abuti
509 1697 642 1740 eum
672 1679 1187 1759 occupationibus
1218 1681 1371 1741 suis.

217 1779 289 1835 43
429 1763 597 1824 Initio
631 1766 815 1824 statim
849 1764 1150 1842 tumultus,
1195 1765 1369 1825 multa
1411 1772 1469 1824 et
1502 1764 1778 1844 inmania,
1826 1784 2027 1826 verum
2051 1784 2167 1827 non
2204 1766 2303 1826 ab·

302 1848 594 1909 horrentia
625 1867 657 1908 a
692 1857 891 1908 natura
921 1867 1020 1908 sua
1064 1848 1316 1909 creditur
1346 1848 1702 1910 destinasse:
1753 1868 2138 1911 successores
2169 1868 2303 1929 per-

305 1950 695 2012 cussoresque
736 1934 1088 1995 summittere
1135 1935 1427 1994 exercitus
1476 1941 1534 1994 et
1564 1935 1896 2013 provincias
1939 1935 2302 2013 regentibus,

303 2018 468 2097 quasi
512 2017 856 2095 conspiratis
907 2017 1177 2096 idemque
1232 2027 1289 2079 et
1338 2036 1508 2078 unum
1564 2020 1970 2090 sentientibus;
2024 2020 2300 2100 quidquid
2318 2042 2379 2098 20,

299 2100 515 2180 ubique
546 2100 802 2177 exulum,
849 2101 1124 2179 quidquid
1154 2105 1209 2162 in
1245 2101 1390 2162 urbe
1426 2103 1715 2163 hominum
1747 2103 2177 2166 Gallicanorum
2211 2123 2302 2163 es-

302 2193 393 2244 set
424 2183 824 2244 contrucidare
863 2185 1029 2265 (illos
1059 2205 1132 2246 ne
1166 2187 1633 2247 desciscentibus
1662 2188 2159 2267 adgregarentur,
2192 2188 2304 2248 hos

299 2276 360 2328 ut
386 2270 659 2328 conscios
684 2269 1047 2347 popularium
1081 2290 1314 2332 suorum
1338 2280 1512 2351 atque
1537 2271 1797 2332 fautores
1816 2273 1865 2351 ;)
1894 2272 2111 2333 Gallias
2135 2291 2302 2332 exer-

302 2352 507 2412 citibus
536 2351 888 2431 diripiendas
914 2356 1280 2433 permittere;
1309 2365 1568 2416 senatum
1591 2358 1922 2417 universum
1948 2375 2176 2417 veneno
2193 2375 2304 2436 per

301 2437 564 2496 convivia
593 2454 835 2507 necare;
868 2438 1068 2497 urbem
1092 2440 1426 2517 incendere,
1464 2440 1608 2500 feris
1632 2440 1688 2500 in
1714 2442 1992 2521 populum
2017 2442 2302 2518 immissis,
2321 2458 2374 2499 25

298 2537 416 2600 quo
447 2520 739 2580 difficilius
770 2521 1240 2584 defenderentur.
1302 2524 1419 2584 Sed
1441 2523 1784 2585 absterritus
1814 2544 1928 2586 non
1959 2535 2071 2585 tam
2102 2527 2300 2604 paeni-

295 2606 473 2666 tentia
493 2610 659 2684 quain
676 2607 1015 2684 perficiendi
1034 2608 1461 2687 desperatione,
1482 2608 1848 2690 credensque
1867 2609 2303 2689 expeditionem

295 2691 721 2769 necessariam,
754 2692 1030 2752 consules
1067 2701 1197 2752 ante
1235 2702 1463 2773 tempus
1494 2695 1745 2772 privavit
1775 2695 1998 2755 honore
2032 2703 2206 2773 atque
2241 2695 2300 2753 in

296 2775 591 2854 utriusque
639 2775 832 2835 locum
875 2776 1038 2836 solus
1080 2779 1203 2836 iniit
1243 2778 1634 2854 consulatum,
1688 2781 1852 2857 quasi
1894 2778 2073 2840 fatale
2117 2787 2299 2854 esset,

293 2875 408 2918 non
440 2876 619 2937 posse
658 2858 873 2920 Gallias
903 2859 1186 2921 debellari
1219 2863 1329 2922 nisi
1363 2880 1395 2922 a
1439 2880 1504 2921 se
1550 2862 1811 2922 consule.
1872 2862 1964 2923 Ac
2006 2865 2299 2942 susceptis
2317 2877 2372 2920 30

292 2942 583 3021 fascibus,
641 2961 767 3004 cum
818 2953 952 3023 post
1006 2945 1210 3023 epulas
1264 2946 1514 3007 triclinio
1575 2945 2012 3025 digrederetur,
2070 2947 2299 3006 innixus

292 3029 506 3087 umeris
550 3029 942 3105 familiarium,
987 3028 1325 3108 affirmavit,
1378 3030 1565 3091 simul
1607 3048 1686 3091 ac
1720 3031 1992 3110 primum
2035 3031 2297 3109 provin·

293 3112 454 3171 ciam
472 3113 795 3192 attiqisset,
814 3114 1100 3173 inermem
1117 3132 1185 3175 se
1207 3115 1270 3174 in
1294 3121 1685 3192 conspectum
1706 3115 2086 3176 exercituum
2099 3114 2297 3193 prod·

237 3212 242 3216 ·
290 3192 516 3253 iturum
556 3214 670 3257 nec
704 3197 1031 3277 quicquam
1076 3199 1255 3260 aliud
1295 3217 1479 3279 quam
1514 3197 1830 3278 fleturum,
1864 3198 2301 3278 revocatisque

293 3276 383 3335 ad
414 3279 857 3355 paenitentiam
901 3279 1319 3360 defectoribus
1358 3283 1701 3363 insequenti
1742 3284 1844 3344 die
1885 3283 2111 3344 laetum
2139 3283 2301 3343 inter
2316 3306 2371 3349 ss

290 3359 490 3421 laetos
534 3369 924 3425 cantaturum
956 3367 1257 3446 epinicia,
1306 3385 1467 3447 quae
1504 3368 1628 3428 iam
1659 3386 1822 3429 nunc
1850 3365 1976 3428 sibi
2013 3367 2302 3446 componi

292 3449 619 3520 oporteret.
1290 3463 1297 3468 ·

209 3534 279 3588 44
402 3526 467 3626 In
495 3531 889 3606 praeparanda
915 3537 1289 3613 expeditione
1313 3539 1551 3617 primam
1567 3553 1761 3597 curam
1783 3534 1981 3597 habuit
2002 3534 2300 3614 deligendi
