2553 3960
838 243 1045 291 mvvs
1076 243 1565 292 mensurius.
2100 230 2220 293 233

193 396 416 476 xpilum
446 402 711 473 mutare,
741 415 868 458 non
900 416 1127 459 mores.
1205 400 1349 459 Sunt
1383 408 1586 459 contra
1634 399 1729 478 qui
1771 399 2110 478 opinentur,
2151 399 2223 459 ad

222 480 516 541 manubias
563 489 622 540 et
665 481 900 561 rapinas
942 482 1303 544 necessitate
1350 483 1709 563 compulsum
1751 501 1967 543 summa
2016 484 2222 543 aerarii

224 566 470 644 fiscique
504 565 730 643 inopia;
766 564 844 626 de
870 583 984 644 qua
1012 567 1352 628 testificatus
1395 570 1471 627 sit
1512 569 1675 627 initio
1706 568 1892 626 statim
1936 567 2220 645 principa-

224 659 314 709 tus
334 694 351 725 ,
406 648 711 727 professus
759 649 1262 731 quadrinqenties
1298 651 1522 712 millies
1552 668 1710 730 opus
1745 667 1900 728 esse,
1931 657 2129 711 utres
2151 668 2218 729 p.

182 751 209 790 5
228 740 403 795 stare
427 739 659 811 posset.
711 732 879 808 Quod
914 743 971 793 et
1003 735 1130 795 veri
1160 736 1400 795 simil-ius
1432 734 1692 812 videtur,
1722 733 1948 814 quando
1983 743 2044 794 et
2071 735 2221 794 male

226 819 416 897 partis
442 818 659 895 optime
690 835 828 877 usus
862 825 973 877 est.
1049 817 1115 878 In
1146 837 1318 878 omne
1347 819 1635 879 homiuum
1663 836 1851 896 genus
1883 817 2220 879 liberalissi-
2238 835 2302 889 17

223 920 378 977 mus,
423 901 686 979 explevit
716 919 951 961 censum
1000 905 1378 980 senatorium,
1425 903 1764 963 consulares
1803 904 2013 981 inopes
2060 904 2217 981 quin-

223 986 393 1063 genis
425 987 711 1045 sestertiis
741 985 944 1045 annuis
976 989 1338 1064 sustentavit,
1372 988 1646 1066 plurimas
1679 1004 1784 1065 per
1806 995 1988 1046 totum
2019 986 2221 1047 orbem

226 1070 492 1130 civitates
522 1077 715 1129 terrae
741 1077 901 1129 motu
932 1078 1028 1130 aut
1059 1071 1326 1132 incendio
1357 1070 1602 1132 afflictas
1636 1072 1886 1130 restituit
1916 1072 1973 1130 in
1996 1071 2220 1147 melius,

154 1168 205 1210 ro
225 1153 458 1232 ingenia
495 1161 558 1213 et
599 1162 755 1213 artes
796 1153 891 1213 vel
937 1155 1181 1215 maxime
1225 1155 1390 1216 fovit.
1463 1155 1682 1215 Primus
1737 1172 1772 1214 e
1816 1156 1959 1215 fisco
2007 1153 2221 1216 Latinis
2241 1163 2306 1218 18

226 1236 582 1316 Graecisque
618 1236 952 1297 rhetoribus
979 1256 1164 1299 annua
1214 1248 1461 1300 centena
1503 1239 1825 1308 constituit;
1871 1239 2221 1318 praestantis

225 1330 455 1400 poetaS,
483 1338 597 1380 nec
628 1339 747 1381 non
775 1331 835 1381 et
864 1323 1116 1382 artifices
1135 1367 1151 1400 ,
1186 1321 1349 1384 Coae
1380 1325 1660 1400 Veneris,
1694 1324 1830 1382 item
1861 1321 2098 1383 Colossi
2130 1341 2217 1382 re·

224 1406 510 1465 sectorem
551 1406 763 1481 insigni
795 1406 1094 1484 congiario
1135 1424 1463 1487 magnaque
1490 1407 1763 1467 mercede
1796 1406 2057 1474 donavit;
2101 1423 2219 1465 me-

227 1489 468 1550 chanico
500 1505 753 1568 quoque,
786 1489 1026 1566 grandis
1059 1490 1357 1552 columnas
1382 1491 1594 1567 exig-ua
1619 1491 1880 1568 impensa
1913 1491 2219 1568 perductu-

157 1593 206 1636 ιε
226 1591 349 1633 rum
382 1574 437 1631 iu
473 1570 824 1651 Capitoiium
854 1573 1191 1650 pollicenti,
1229 1573 1547 1651 praemium
1578 1591 1686 1652 pro
1735 1582 2059 1633 commento
2103 1589 2220 1631 non

227 1654 524 1715 mediocre
555 1655 783 1734 optulit,
816 1672 1055 1733 operam
1083 1657 1324 1733 remisit,
1351 1657 1646 1735 praefatus
1678 1656 1906 1717 sineret
1927 1674 1996 1716 se
2010 1654 2216 1735 plebe-

228 1739 432 1801 culam
455 1755 747 1816 pascere.
818 1737 1020 1816 Ludis,
1056 1756 1164 1818 per
1195 1758 1341 1819 quos
1376 1757 1591 1800 scaena
1620 1739 1979 1801 Marcelliani
2014 1740 2222 1800 theatri
2239 1748 2303 1802 19

226 1824 492 1883 restituta
523 1820 917 1900 dedicabatur,
949 1831 1152 1883 vetera
1184 1841 1423 1903 quoque
1457 1822 1785 1885 acroamata
1813 1832 2216 1884 revocaverat.

225 1907 495 1988 Apellari
526 1906 812 1984 tragoedo
847 1907 1265 1987 quadringenta
1285 1954 1302 1987 ,
1336 1908 1573 1987 Terpno
1595 1907 1976 1988 Diodoroque
2015 1906 2218 1967 cithar-

149 2012 205 2054 ιο
226 1992 391 2053 cedis
421 1991 664 2068 ducena,
702 1991 989 2053 nonnullis
1009 2001 1271 2070 centena,
1311 1993 1518 2073 quibus
1539 1994 1823 2052 minimum
1849 1993 2220 2071 quadragena

221 2078 492 2138 sestertia
524 2094 703 2155 super
732 2071 1290 2155 plurimas'coronas
1325 2095 1534 2138 aureas
1577 2076 1751 2137 dedit.
1826 2076 1944 2137 Sed
1987 2086 2045 2136 et
2082 2093 2217 2135 con-

220 2160 526 2222 vivabatur
557 2160 810 2237 assidue,
850 2177 918 2221 ac
942 2163 1177 2240 saepius
1207 2171 1370 2223 recta
1403 2171 1461 2221 et
1484 2160 1731 2241 dapsile,
1764 2170 1826 2220 ut
1849 2160 2218 2222 macellarios

219 2246 540 2308 adiuvaret.
609 2243 797 2306 Dabat
828 2245 978 2304 sicut
996 2245 1399 2306 Saturnalibus·
1419 2246 1560 2305 viris
1589 2244 1978 2323 apophoreta,
2011 2245 2085 2303 ita
2110 2261 2218 2322 per

219 2331 312 2391 Kl.
345 2330 511 2391 Mart.
543 2329 800 2398 feminis;
848 2337 907 2388 et
949 2338 1137 2389 tamen
1169 2348 1241 2389 ne
1272 2332 1359 2389 sic
1393 2329 1624 2408 quidem
1656 2330 1896 2407 pristina
1942 2328 2216 2407 cupidita-

146 2429 200 2471 25
222 2417 296 2475 tis
327 2413 558 2472 infamia
589 2412 790 2471 caruit.
850 2411 1226 2472 Alexandrini
1258 2412 1656 2488 Cybiosacten
1689 2431 1818 2472 eum
1845 2430 2064 2473 vocare
2085 2429 2216 2491 per·

221 2503 663 2570 severaverunt,
698 2497 1048 2572 cognomine
1079 2499 1246 2556 unius
1276 2516 1310 2556 e
1340 2496 1582 2574 regibus
1614 2497 1733 2555 suis
1762 2497 2217 2576 turpissimarum

221 2580 495 2642 sordium.
568 2577 689 2639 Sed
713 2588 773 2639 et
806 2580 862 2638 in
892 2579 1096 2639 funere
1124 2579 1321 2640 Favor
1349 2581 1711 2641 archimimus
1753 2597 2060 2660 personam
2092 2580 2216 2638 eius

219 2666 417 2726 ferens
444 2664 809 2741 imitansque,
842 2671 903 2723 ut
935 2671 1025 2723 est
1055 2680 1204 2740 mos,
1243 2664 1401 2725 facta
1433 2682 1502 2725 ac
1532 2664 1686 2726 dicta
1717 2664 1857 2741 vivi,
1891 2665 2213 2740 interroga-

222 2750 296 2809 tis
325 2747 515 2826 palam
549 2746 1059 2826 procuratoribus,
1110 2750 1303 2826 quanti
1346 2749 1515 2808 funus
1560 2756 1618 2807 et
1652 2765 1865 2827 pompa
1899 2755 2213 2824 constaret,

147 2848 204 2890 ³0
224 2839 283 2891 ut
318 2829 491 2907 audit,
522 2830 804 2891 sectatio
839 2832 1126 2906 centiens,
1162 2832 1538 2909 exclamavit,
1575 2838 1812 2893 centum
1840 2831 1965 2891 sibi
1988 2838 2211 2892 sester-

222 2915 314 2977 tia
341 2912 583 2990 darent,
616 2931 697 2976 oec
724 2932 795 2975 se
821 2915 922 2976 vel
948 2914 1012 2975 in
1053 2913 1320 2975 Tiberim
1346 2916 1717 2993 proicerent.

345 2999 574 3059 Statura
606 3000 711 3058 fuit
734 2999 1029 3078 quadrata,
1067 3001 1390 3078 compactis
1415 3001 1708 3078 firmisque
1734 2997 2023 3074 membris,
2056 2997 2215 3057 vultu
2232 3006 2302 3059 20

221 3082 398 3143 veluti
428 3083 691 3152 nitentis;
741 3082 814 3143 de
847 3100 962 3162 quo
996 3082 1221 3161 quidam
1264 3081 1614 3144 urbanorum
1655 3100 1768 3143 non
1814 3082 2097 3143 infacete:
2141 3083 2213 3143 si-

223 3166 452 3245 quidem
485 3167 739 3245 petenti,
781 3175 930 3226 utet
961 3168 1015 3225 in
1053 3185 1118 3226 se
1159 3167 1375 3246 aliquid
1422 3167 1674 3243 diceret,
1714 3166 1970 3242 Dicam,
2014 3167 2213 3245 inquit,

151 3268 359 3311 ascum
395 3257 665 3312 ventrem
707 3268 1058 3312 exonerare
1087 3250 1366 3311 desieris.
1456 3251 1788 3311 valitudine
1820 3253 2215 3330 prosperrima

225 3353 362 3394 usus
391 3344 502 3410 est,
535 3335 795 3413 quamvis
827 3334 898 3394 ad
930 3335 1195 3396 tuendam
1225 3353 1349 3395 eam
1382 3335 1520 3395 nihil
1554 3335 1798 3415 amplius
1823 3353 1988 3414 quam
2015 3336 2213 3395 fauces

225 3427 538 3497 ceteraque
559 3417 811 3479 membra
835 3418 1061 3478 sibimet
1088 3419 1159 3480 ad
1182 3437 1476 3479 numerum
1500 3421 1555 3478 in
1592 3419 2006 3498 sphaeristerio
2040 3416 2212 3476 defri-

224 3510 404 3578 caret,
428 3502 788 3581 inediamque
813 3504 976 3563 unius
1002 3502 1114 3562 diei
1139 3521 1246 3582 per
1268 3503 1532 3581 singulos
1549 3521 1782 3563 menses
1798 3503 2211 3580 interponeret.
