2553 3960
424 193 547 253 318
988 202 1051 252 e.
1094 202 1423 251 sum-orm
1461 203 1889 263 rmquma

423 357 643 438 pendit,
673 358 941 437 opinatur
972 359 1068 435 qni
1098 357 1360 436 opinioni
1390 366 1487 417 aut
1521 375 1661 417 suae
1694 366 1790 417 aut
1817 357 2060 418 alterius
2093 357 2304 435 credit,
2337 377 2419 419 ar·

422 440 665 501 miratur
691 442 788 521 qui
822 440 1028 500 dubiae
1058 442 1143 500 rei
1166 440 1351 518 nm
1375 441 1663 520 imponit,
1706 442 2069 519 saepem
2097 442 2206 522 qua·
2235 442 2419 504 latm-

422 524 504 586 tis
541 526 640 586 rei
675 525 963 604 prospicit
994 524 1258 584 formam.
2514 567 2515 592 2

542 621 863 682 Prohibere
910 629 969 681 et
1004 620 1293 699 inhibere]
1326 620 1641 699 prohibere
1685 629 1776 681 est
1815 638 1995 700 porro
2035 620 2297 701 habere,
2340 625 2413 684 in-

420 705 623 766 hibere
666 712 873 766 nautae
909 705 968 763 in
996 723 1102 765 usn
1129 703 1375 772 habent;
1423 713 1481 764 et
1520 703 1672 783 quod
1715 704 2089 784 prohibemus
2135 708 2296 784 inre,
2341 709 2408 767 in·
2431 732 2452 770 s

421 789 684 851 bibemus
713 790 979 868 imperio.
2516 789 2517 820 ;

549 872 966 934 Plenitndinem
995 882 1055 933 et
1078 872 1438 952 plenitatem]
1474 871 1769 951 plenitudo
1804 888 2116 951 corporum
2145 882 2262 949 est,
2300 872 2416 951 ple·

423 960 572 1019 nitas
600 976 830 1026 rerumz
873 958 951 1018 ita
995 956 1408 1036 plenitudinem
1448 955 1760 1016 obesorum
1794 973 2137 1035 corporum,
2177 956 2417 1037 plenita-

420 1051 538 1103 tem
570 1040 954 1121 quarnmlibet
982 1041 1221 1102 dicimus
1249 1058 1460 1100 rerum.

547 1124 783 1186 Precari
826 1134 887 1185 et
928 1125 1253 1205 deprecari]
1303 1141 1607 1203 precamur
1644 1123 1847 1200 deum,
1894 1123 2287 1204 deprecamur
2320 1123 2468 1184 llo-10

421 1211 624 1270 mines.

547 1306 794 1382 Regium
823 1312 882 1363 et
910 1303 1196 1383 regalem]
1220 1305 1421 1382 regius
1445 1323 1590 1384 puer
1609 1312 1701 1365 est
1725 1305 1907 1383 regis,
1934 1304 2156 1383 regalis
2184 1321 2303 1364 rex
2331 1307 2420 1382 qui

424 1390 579 1470 regit
611 1405 875 1466 regnum.

548 1472 834 1534 Relictam
862 1480 920 1532 et
948 1471 1238 1533 desertum
1265 1471 1383 1533 hoc
1399 1471 1610 1550 differt,
1627 1470 1780 1552 quod
1793 1471 2168 1550 relinquimur
2182 1480 2416 1551 sponte,

422 1559 738 1620 deserimur
765 1555 945 1616 inviti.
2432 1572 2464 1612 ιε

539 1640 823 1720 Reliquos
854 1648 914 1700 et
938 1638 1195 1718 ceteros]
1213 1638 1473 1718 reliquos
1485 1639 1722 1700 dicimus
1752 1639 1991 1699 relictos
2023 1656 2099 1699 ex
2129 1639 2414 1721 omnibus,

425 1735 655 1788 ceteros
685 1740 832 1803 quos
866 1724 1204 1802 excipimus.

540 1807 847 1870 Redibinm
881 1824 988 1886 per
1018 1806 1054 1866 b
1085 1815 1143 1867 et
1170 1806 1448 1866 redivium
1477 1824 1586 1887 per
1607 1825 1647 1867 v
1675 1805 1946 1885 litteram]
1964 1805 2252 1866 redibium
2268 1807 2417 1888 quod

422 1893 676 1955 nascitur
705 1890 889 1952 semel
922 1892 980 1950 in
1015 1907 1196 1967 anno,
1240 1890 1520 1950 redivium
1549 1890 1709 1970 quod
1739 1908 1920 1970 saepe
1956 1891 2299 1952 revivescit.

541 1978 771 2055 Rogum
804 1984 864 2036 et
890 1973 1113 2055 pyram]
1149 1993 1294 2054 pyra
1325 1975 1660 2054 sacrificiis,
1695 1992 1878 2054 rogus
1905 1973 2215 2036 defunctis.
2430 1990 2471 2031 ω

549 2075 970 2153 Sempiternum
1028 2083 1086 2133 et
1158 2074 1523 2154 perpetuum]
1573 2073 1840 2153 Nigidius
1883 2075 1940 2133 in
1997 2073 2148 2134 libro
2211 2084 2417 2155 quarto

421 2163 529 2222 ait:
591 2156 1021 2236 sempiternum
1068 2156 1489 2220 inmortalium
1544 2176 1786 2233 rerum,
1841 2164 2205 2236 perpetuum
2257 2177 2416 2221 mor-

421 2242 635 2305 talium
664 2246 795 2312 esst,-
840 2240 1228 2320 perpetuitas
1268 2241 1426 2302 enim
1464 2239 1530 2302 in
1558 2248 1781 2304 nostra
1823 2247 2057 2302 natura
2095 2246 2213 2319 est,
2258 2260 2419 2323 qaae

415 2325 665 2407 perpeti
697 2323 1047 2387 accidentia
1088 2332 1328 2405 potest,
1380 2324 1838 2405 sempiternitas
1880 2325 2119 2403 infinita
2169 2333 2301 2405 est,
2347 2344 2414 2387 eo

423 2410 590 2492 quod
616 2427 874 2488 semper.
2430 2436 2467 2475 2⁵

549 2493 819 2554 Sedulum
850 2501 908 2553 et
940 2491 1176 2572 serium]
1208 2492 1444 2553 sedulus
1473 2494 1599 2553 sine
1631 2492 1767 2553 dolo
1799 2502 1889 2553 est
1915 2500 1973 2553 et
2002 2499 2297 2571 strenuus,
2327 2513 2416 2555 se·

419 2581 537 2640 rius
567 2578 732 2657 quasi
768 2594 1010 2638 severus
1039 2585 1097 2636 et
1126 2593 1332 2654 asper3
1375 2577 1563 2636 serias
1591 2578 1757 2637 etiam
1788 2576 1971 2639 dictas
1999 2595 2097 2637 res
2140 2595 2173 2637 a
2204 2577 2417 2639 barba·

420 2665 499 2724 ris
540 2663 636 2743 qui
668 2662 845 2723 Seres
876 2659 1260 2740 appellantur,
1295 2661 1596 2740 asperrimi
1633 2669 1692 2721 et
1719 2662 2061 2722 austerrimi.

544 2760 904 2821 Sceleratum
936 2757 1387 2818 scelerosum-et
1417 2758 1728 2819 scelestum
1759 2757 1815 2818 id
1843 2757 2057 2838 differt]
2084 2757 2417 2819 sceleratus

420 2852 512 2907 est
555 2860 660 2905 suo
705 2842 898 2920 aliquo
949 2841 1178 2903 scelere
1228 2843 1641 2903 contaminatus
1677 2842 1772 2903 vel
1816 2841 2007 2921 aliqua
2053 2844 2469 2920 contagionem

422 2928 674 3009 pollutus
721 2936 779 2987 et
818 2925 1070 2996 infamis;
1115 2926 1413 2987 scelestas
1451 2934 1640 2986 autem
1686 2925 1970 2986 scelerum
2020 2925 2317 3003 cogitator
2361 2935 2417 2988 et

421 3015 772 3080 conmissor;
829 3011 1162 3072 scelerosus
1216 3025 1395 3087 vero,
1446 3012 1610 3088 quasi
1667 3008 1976 3070 insidiosus
2020 3011 2417 3089 periculosus,

419 3106 660 3176 propter
689 3095 1078 3156 assiduitatem
1110 3093 1414 3155 scelerum.

545 3179 733 3241 Silere
764 3188 822 3240 et
850 3178 1073 3258 tacere]
1113 3179 1209 3257 qui
1249 3178 1383 3238 silet
1413 3174 1621 3237 desinit
1665 3176 1861 3257 loqui,
1904 3184 2059 3237 tacet
2089 3185 2285 3238 autem
2318 3179 2415 3258 qui

391 3262 665 3324 ‘nondum
697 3264 913 3341 coepit.
2429 3290 2470 3331 ³⁵

536 3358 849 3439 consequi,
895 3362 1150 3441 assequi,
1197 3362 1446 3442 insequi]
1495 3361 1902 3440 consequimur
1934 3362 2410 3441 praecedentem,

420 3442 777 3519 assequimur
808 3444 997 3505 studio
1014 3491 1031 3522 ‚
1061 3446 1409 3526 insequimur
1436 3445 1739 3506 inimicum.
