2553 3960
835 257 1045 304 mvns
1084 257 1574 305 VESPASIANUS.
2074 244 2197 308 235

204 428 315 490 que
350 410 682 489 praeberet,
716 413 1102 488 interrogavit
1132 411 1350 492 quanti
1382 413 1738 488 calciasscss
1773 421 1830 472 et
1860 422 2066 492 pactus
2110 421 2200 473 est

202 494 347 554 lucri
380 505 621 572 partem.
686 495 1165 574 Reprehendenti
1209 495 1331 556 filio
1375 495 1541 572 Tito,
1590 495 1744 575 quod
1787 497 1958 556 etiam
1998 497 2196 556 urinae

201 577 459 654 vectigal
498 587 848 639 commentus
882 589 1060 657 esset,
1096 581 1398 658 pecuniam
1437 598 1512 639 ex
1559 581 1739 658 prima
1782 579 2066 658 pensione
2100 578 2195 638 ad-

200 663 379 721 movit
412 661 483 721 ad
517 680 686 721 nares
706 707 724 739 ‚
758 664 1064 724 sciscitans
1094 681 1237 723 num
1267 663 1463 725 odore
1492 662 1904 744 offenderetur
1917 687 1948 734 ,·
1996 673 2054 722 et
2092 663 2194 722 illo

156 763 183 802 5
202 754 455 822 negante
486 743 715 824 Atquin
743 747 925 825 inquit
957 765 990 808 e
1020 746 1167 809 lotio
1197 754 1307 808 est.
1361 746 1688 808 Nuntiantis
1709 747 1961 824 legatos,
1993 745 2195 806 decre-

202 838 316 889 tam
347 828 400 888 ei
422 829 657 909 publice
687 848 801 890 non
830 831 1141 891 mediocris
1165 849 1416 891 summae
1439 840 1680 892 statuam
1707 830 2054 905 colosseam,
2085 832 2197 889 ius·

203 914 276 973 sit
306 912 403 973 vel
438 915 710 974 continuo
749 931 1008 993 ponere,
1054 923 1111 974 et
1154 932 1356 974 cavam
1395 933 1618 974 manum
1649 924 1947 975 ostentans
1994 923 2052 973 et
2078 931 2195 991 pa·

201 1003 410 1057 ratam
437 995 640 1059 basim
667 998 886 1058 dicenS.
932 997 1023 1058 Ac
1043 1017 1117 1058 ne
1141 999 1197 1057 in
1222 1007 1377 1058 metu
1403 998 1633 1078 quidem
1657 1017 1728 1059 ac
1752 997 2021 1078 periculo
2047 1014 2197 1056 mor-

201 1082 274 1140 tis
338 1091 600 1142 extremo
664 1082 932 1142 abstinuit
992 1083 1159 1142 iocis.
1233 1081 1380 1142 Nam
1429 1101 1556 1143 cum
1609 1084 1760 1142 inter
1812 1091 2010 1142 cetera
2062 1098 2196 1160 pro-

135 1188 185 1229 ιο
201 1165 355 1243 digia
383 1166 740 1227 Mausoleum
772 1166 1091 1246 derepente
1123 1167 1407 1245 patuisset
1436 1176 1496 1225 et
1517 1167 1688 1226 stella
1717 1167 1920 1226 crinita
1945 1167 2001 1235 in
2028 1165 2196 1225 caelo

202 1253 601 1328 apparuisset,
645 1250 885 1311 alterum
930 1250 1001 1311 ad
1042 1250 1257 1310 Iuniam
1297 1249 1591 1327 Calvinam
1635 1268 1668 1309 e
1720 1258 1900 1327 gente
1946 1247 2197 1326 Augusti

201 1334 497 1413 pertinere
527 1333 792 1411 dicebat,
836 1336 1077 1395 alterum
1122 1334 1192 1394 ad
1223 1333 1563 1394 Parthorum
1598 1351 1802 1410 regem
1832 1334 1928 1412 qui
1962 1333 2196 1411 capilla-

200 1427 293 1477 tus
325 1427 515 1486 esset;
549 1419 731 1497 prima
765 1436 998 1498 quoque
1032 1417 1217 1478 morbi
1255 1418 1601 1477 accessione
1641 1415 1768 1477 Vae
1796 1417 2007 1496 inquit,
2040 1423 2196 1495 puto

204 1500 356 1561 deus
380 1501 520 1579 fio.-

133 1606 184 1647 15
328 1584 640 1645 Consulatu
672 1603 777 1645 suo
831 1601 988 1643 nono
1032 1593 1342 1662 temptatus
1384 1585 1441 1642 in
1475 1583 1785 1661 Campania
1827 1583 2278 1642 motiunculis24

202 1668 430 1729 levibus
458 1671 837 1748 protinusque
879 1666 1024 1726 urbe
1057 1669 1339 1746 repetita,
1384 1664 1624 1727 Cutilias
1666 1683 1737 1726 ac
1762 1666 2006 1726 Reatina
2043 1684 2196 1743 rura,

205 1752 300 1810 ubi
326 1755 616 1812 aestivare
639 1761 782 1829 quot
804 1752 965 1811 annis
988 1750 1235 1827 solebat,
1262 1751 1426 1829 petit.
1460 1750 1570 1810 Hic
1596 1768 1723 1810 cum
1747 1767 1925 1828 super
1947 1767 2195 1826 urguen-

205 1845 319 1895 tem
357 1833 726 1895 valitudinem
772 1833 1127 1894 creberrimo
1171 1833 1419 1911 frigidae
1464 1851 1649 1913 aquae
1694 1852 1798 1893 usu
1841 1834 2009 1893 etiam
2052 1835 2194 1893 inte·
2289 1850 2295 1855 ’

207 1921 353 1979 stina
383 1920 667 1997 vitiasset,
705 1936 818 1979 nec
848 1936 921 1978 eo
950 1919 1134 1977 minus
1163 1917 1494 1977 muneribus
1525 1918 1912 1998 imperatoriis
1945 1935 2021 1976 ex
2058 1934 2192 1976 con-

131 2027 185 2067 20
207 2002 505 2063 suetudine
530 2004 887 2081 fungeretur,
924 2012 984 2062 ut
1006 2004 1174 2062 etiam
1197 2002 1524 2080 legationes
1549 2001 1769 2063 audiret
1796 2001 2030 2078 cubanS,
2061 2000 2194 2061 alvo

203 2097 450 2165 repente
481 2106 663 2166 usque
692 2087 764 2148 ad
793 2087 1187 2146 defectionem
1218 2086 1423 2164 soluta,
1456 2087 1893 2166 imperatorem
1921 2086 1998 2146 ait
2021 2092 2193 2146 stan-

202 2179 318 2232 tem
350 2171 512 2233 mori
539 2178 829 2249 oportere
837 2195 868 2242 ,·
911 2170 1155 2249 dumque
1188 2172 1489 2247 consurgit
1519 2188 1589 2230 ac
1623 2171 1846 2247 nititur,
1895 2171 2047 2229 inter
2073 2187 2192 2229 ma·

203 2273 309 2315 nus
350 2256 769 2316 sublevantium
814 2257 1104 2315 extinctus
1146 2264 1235 2314 est
1271 2253 1456 2313 VIIII.
1487 2254 1581 2313 Kl.
1612 2253 1719 2313 Iul.
1768 2270 1974 2313 annum
2011 2270 2195 2329 agens

205 2341 408 2400 aetatis
438 2340 900 2415 sexagensimum
927 2357 998 2398 ac
1031 2351 1273 2414 nonum,
1309 2356 1601 2417 superque
1633 2355 1891 2397 mensem
1934 2354 2004 2396 ac
2044 2336 2193 2396 diem

132 2444 186 2485 25
206 2424 527 2501 septimum.

333 2504 620 2566 Convenit
664 2507 813 2580 inter
856 2506 1079 2581 omnis,
1126 2513 1239 2563 tam
1278 2513 1497 2565 certum
1535 2523 1663 2565 eum
1699 2504 1772 2564 de
1805 2523 1906 2565 sua
1935 2510 2277 2565 suorum-25

206 2608 318 2668 que
355 2590 620 2667 genitura
650 2606 884 2666 semper
918 2590 1133 2664 fuisse,
1178 2597 1238 2646 ut
1272 2597 1408 2666 post
1451 2588 1711 2649 assiduas
1742 2590 1797 2648 in
1830 2607 1896 2649 se
1932 2590 2195 2649 coniura-

202 2675 393 2733 tiones
418 2692 589 2733 ausus
620 2673 693 2731 sit
719 2671 1022 2733 adfirmare
1053 2673 1296 2749 senatui,
1332 2679 1442 2732 aut
1461 2672 1627 2751 filios
1647 2672 1774 2733 sibi
1792 2688 2198 2734 successuros

206 2763 317 2817 aul
349 2757 664 2818 neminem.
740 2756 961 2816 Dicitur
1003 2756 1171 2815 etiam
1214 2755 1431 2815 vidisse
1473 2756 1757 2835 quondam
1798 2774 1905 2834 per
1947 2756 2196 2835 quietem

132 2863 184 2903 30
205 2850 474 2901 stateram
504 2839 689 2900 media
720 2849 886 2920 parte
919 2839 1189 2900 vestibuli
1216 2839 1511 2901 Palatinae
1549 2840 1752 2901 domus
1784 2840 2030 2920 positam
2059 2856 2193 2898 exa-

204 2928 354 2985 mine
382 2942 592 3004 aeqno,
628 2942 753 2984 cum
783 2926 839 2984 in
870 2924 1054 2984 altera
1086 2924 1251 2983 lance
1285 2922 1555 2984 Claudius
1587 2934 1647 2984 et
1668 2925 1828 2985 Nero
1864 2932 2103 2997 starent,
2138 2922 2194 2980 in

203 3010 387 3070 altera
418 3011 548 3088 ipse
577 3026 646 3068 ac
687 3009 807 3068 filii.
875 3007 1003 3067 Nec
1056 3026 1151 3067 res
1191 3006 1436 3086 fefellit,
1480 3008 1706 3088 quando
1750 3006 1988 3067 totidem
2033 3005 2194 3067 annis

202 3096 446 3174 parique
474 3093 759 3172 temporis
791 3092 980 3172 spatio
1011 3092 1240 3171 utrique
1272 3092 1723 3172 imperaverunt.

984 3357 1425 3368 m*—
