2553 3960
301 216 425 278 216
468 226 532 276 c.
557 226 857 274 snmom
881 227 1136 287 TRANQ.
1162 227 1257 273 DE
1281 228 1449 275 vrrA
1473 227 1842 275 CAESARUM
1865 227 2151 275 LIB.v11.

301 384 537 443 nitentia
570 399 738 460 quam
770 399 1003 442 suorum
1035 380 1428 453 obtestatione
1459 382 1707 461 obligari
1739 385 2044 463 curarique
2076 401 2142 444 se
2172 401 2306 462 pas·

304 486 436 544 sus,
470 468 527 525 in
559 466 763 527 eadem
795 465 1054 527 custodia
1084 465 1291 525 morbo
1333 466 1523 545 periit.
1557 466 1621 526 L.
1658 485 1734 527 ex
1768 468 2071 528 consulatu
2101 469 2305 544 Syriae

301 551 706 631 praepositae,
750 548 1103 611 Artabanum
1149 549 1486 610 Parthorum
1537 569 1743 629 regem
1799 554 2032 613 summis
2085 551 2304 612 artibus

301 653 417 696 non
447 635 621 696 modo
652 634 725 695 ad
758 633 1129 714 conloquium
1160 652 1347 712 suum,
1378 634 1485 695 sed
1521 635 1693 695 etiam
1730 634 1804 696 ad
1845 635 2179 696 veneranda
2221 635 2303 695 le·

301 722 536 799 gionum
567 721 734 797 signa
760 719 1025 798 pellexit.
1089 716 1228 778 Mox
1272 736 1399 778 cum
1441 716 1684 779 Claudio
1725 721 1990 799 principe
2031 720 2178 780 duos
2218 722 2346 786 in-s

303 823 483 885 super
512 804 838 865 ordinarios
871 802 1204 864 consulatus
1232 821 1654 882 censuramque
1678 805 1882 882 gessit.
1930 802 2139 864 Curam
2161 821 2303 882 quo-

305 907 417 968 que
451 889 675 967 imperii
705 888 992 964 sustinuit,
1029 885 1272 947 absente
1310 904 1384 947 eo
1423 888 1801 966 expeditione
1825 888 2180 965 Britannica3
2216 889 2306 947 vir

303 976 581 1034 innocens
620 981 678 1032 et
713 972 1044 1048 industrius,
1079 970 1185 1032 sed
1212 989 1413 1032 amore
1448 971 1753 1034 libertinae
1789 973 2161 1052 perinfamis,
2206 990 2302 1032 cu-

303 1060 389 1118 ius
430 1058 600 1118 etiam
631 1056 829 1116 salivis
863 1055 1041 1115 melle
1072 1056 1426 1132 commixtis,
1470 1074 1544 1115 ne
1588 1056 1737 1116 clam
1766 1057 1998 1136 quidem
2028 1065 2123 1116 aut
2169 1073 2303 1116 raro

304 1143 409 1203 sed
444 1140 658 1202 cotidie
704 1157 773 1200 ac
815 1139 1039 1218 palam,
1071 1141 1317 1199 arterias
1351 1149 1410 1199 et
1437 1140 1642 1200 fauces
1683 1159 1790 1219 pro
1832 1140 2092 1201 remedio
2137 1141 2303 1200 fove·
2327 1164 2381 1206 ιο

302 1225 417 1286 bat.
462 1225 623 1285 Idem
649 1224 775 1283 miri
806 1225 862 1283 in
893 1222 1178 1283 adulando
1208 1224 1446 1302 ingenii,
1484 1224 1700 1303 primus
1730 1222 1796 1284 C.
1824 1223 2137 1286 Caesarem
2165 1224 2305 1285 ado-

301 1328 434 1370 rare
463 1316 524 1368 ut
553 1309 723 1369 deum
754 1308 1016 1383 instituit,
1050 1324 1178 1367 cum
1206 1325 1485 1367 reversus
1516 1326 1593 1368 ex
1623 1310 1792 1385 Syria
1809 1327 1928 1370 nou
1950 1309 2123 1370 aliter
2143 1308 2304 1369 adire

303 1412 475 1454 ausus
506 1401 668 1452 esset
701 1410 871 1471 quam
904 1392 1097 1470 capite
1128 1391 1328 1452 velato
1361 1393 1932 1472 circumvertensque
1963 1411 2062 1469 se,
2094 1392 2304 1454 deinde

303 1477 712 1557 procumbens.
782 1474 1083 1537 Claudium
1106 1475 1387 1537 uxoribus
1418 1475 1761 1557 libertisque
1784 1478 2074 1539 addictum
2099 1495 2175 1537 ne
2191 1494 2306 1556 qua

302 1580 417 1622 non
442 1572 566 1623 arte
598 1561 1017 1637 demereretur,
1048 1579 1157 1639 pro
1190 1561 1440 1620 maximo
1470 1579 1708 1622 munere
1740 1580 1774 1623 a
1802 1561 2116 1623 Messalina
2137 1562 2301 1640 petit,
2329 1579 2378 1623 ιε

302 1657 362 1706 ut
398 1646 508 1705 sibi
539 1646 724 1725 pedes
767 1645 1082 1724 praeberet
1127 1644 1576 1714 excalciandos;
1621 1646 2056 1726 detractumque
2095 1662 2303 1706 soccu-

303 1731 416 1791 lum
454 1731 716 1791 dextrum
749 1731 899 1789 inter
927 1739 1122 1808 togam
1163 1731 1507 1808 tunicasque
1550 1731 1804 1807 gestavit
1847 1730 2113 1806 assidue,
2161 1746 2302 1789 non-

304 1832 607 1892 numquam
635 1813 1085 1874 osculabundus.
1149 1812 1412 1873 Narcissi
1445 1831 1680 1894 quoque
1712 1823 1771 1875 et
1805 1814 2081 1875 Pallantis
2105 1815 2301 1891 imagi-

304 1918 408 1958 nes
438 1916 646 1958 aureas
678 1899 828 1957 inter
850 1897 1030 1958 Lares
1064 1895 1261 1958 coluit.
1332 1896 1512 1959 Huius
1542 1907 1600 1958 et
1627 1898 1727 1960 illa
1769 1916 1888 1959 vox
1933 1907 2054 1958 est:
2096 1897 2305 1976 Saepe

300 1983 555 2064 facias!
601 2001 728 2043 cum
759 1983 1112 2043 Saeculares
1157 1980 1328 2064 ludos
1378 1983 1573 2044 edenti
1609 1984 1845 2044 Claudio
1885 1983 2298 2062 gratularetur.
2322 2004 2376 2045 20

246 2082 281 2136 3
304 2068 578 2130 Decessit
610 2066 865 2145 paralysi
894 2068 1082 2127 altero
1109 2067 1203 2128 die
1236 2085 1405 2145 quam
1436 2077 1744 2147 correptus
1770 2077 1880 2145 est,
1916 2067 2141 2128 duobus
2170 2067 2303 2128 liliis

303 2150 740 2231 superstitibuS,
766 2168 916 2229 quos
946 2169 1022 2210 ex
1053 2150 1299 2212 Sextilia
1333 2150 1740 2230 probatissima
1775 2170 1888 2212 nec
1931 2152 2173 2230 ignobili
2215 2151 2301 2211 fe·

302 2238 450 2298 mina
480 2235 670 2317 editos
703 2234 975 2294 consules
1006 2236 1181 2311 vidit,
1216 2245 1275 2294 et
1311 2235 1543 2314 quidem
1574 2237 1785 2298 eodem
1805 2235 2015 2297 ambos
2059 2245 2303 2314 totoque

304 2337 475 2396 anno,
508 2336 635 2379 cum
661 2319 862 2379 maiori
896 2320 1083 2379 minor
1113 2320 1169 2378 in
1200 2337 1310 2380 sex
1339 2338 1574 2381 menses
1603 2322 2015 2382 successisset.
2082 2319 2301 2380 Defun-

306 2413 455 2465 ctum
488 2413 722 2463 senatus
752 2402 992 2482 publico
1023 2405 1230 2464 funere
1260 2404 1600 2483 honoravit,
1646 2407 1782 2466 item
1821 2414 2009 2465 statua
2053 2422 2159 2484 pro
2204 2422 2297 2464 ro·
2320 2427 2373 2469 π

304 2490 439 2550 stris
484 2506 609 2548 cum
649 2487 761 2548 hac
801 2489 1212 2567 inscriptione:
1278 2489 1598 2567 pietatis
1661 2488 2061 2550 immobilis
2119 2506 2302 2567 erga

305 2591 341 2652 p
356 2591 385 2632 r
399 2593 416 2632 1
432 2591 468 2632 n
485 2591 594 2652 c1p
612 2591 645 2632 e
659 2590 732 2632 m.

385 2658 459 2736 A,
485 2657 755 2717 Vitellius
790 2657 852 2717 L.
880 2656 1030 2716 lilius
1053 2655 1380 2734 Imperator
1414 2666 1580 2717 natus
1617 2666 1709 2718 est
1743 2657 1897 2718 VIII.
1919 2656 2014 2718 Kl.
2038 2657 2167 2718 Oct.
2202 2656 2302 2716 vel

301 2751 361 2802 ut
377 2742 605 2820 quidam
626 2739 754 2800 VII.
780 2739 865 2801 Id.
889 2741 1052 2819 Sept.
1073 2737 1268 2799 Druso
1298 2737 1578 2818 Caesare,
1602 2742 1874 2822 Norbano
1889 2740 2108 2802 Flacco
2134 2759 2298 2802 cons.

302 2824 630 2887 Genituram
659 2825 784 2884 eius
815 2825 1171 2903 praedictam
1216 2843 1250 2885 a
1280 2824 1697 2887 mathematicis
1744 2827 1822 2887 ita
1869 2836 2142 2906 parentes
2198 2844 2372 2890 ert-ao

299 2908 675 2986 horruerunt,
709 2917 770 2968 ut
800 2917 969 2988 pater
1005 2925 1215 2986 magno
1265 2926 1452 2988 opere
1496 2928 1733 2989 semper
1783 2910 2178 2987 contenderit,
2224 2928 2299 2969 ne

301 3013 412 3072 qua
444 2996 498 3055 ei
529 2993 832 3074 provincia
861 2995 996 3053 vivo
1031 3010 1099 3053 se
1133 2995 1611 3071 committeretur,
1641 3003 1827 3055 mater
1857 3003 1916 3054 et
1958 2996 2195 3055 missum
2228 2994 2299 3053 ad

300 3077 675 3154 legiones'et
716 3077 1071 3157 appellatum
1114 3078 1528 3155 imperatorem
1573 3097 1681 3158 pro
1725 3078 1946 3140 afflicto
1989 3080 2181 3140 statim
2216 3078 2297 3139 la·

298 3170 546 3222 mentata
595 3164 687 3221 sit.
766 3161 1076 3222 Pueritiam
1125 3164 1481 3242 primamque
1538 3163 1993 3226 adulescentiam
2052 3161 2298 3241 Capreis

301 3244 421 3321 egit
452 3246 600 3304 inter
630 3245 930 3308 Tiberiana
963 3254 1195 3323 scorta,
1229 3256 1288 3308 et
1319 3249 1448 3326 ipse
1483 3258 1774 3327 perpetuo
1807 3248 2164 3328 spintheriae
2197 3263 2295 3306 co·
2316 3270 2372 3313 as

300 3329 571 3404 gnomine
614 3338 843 3390 notatus
894 3331 1373 3411 existimatusque
1431 3333 1699 3411 corporis
1751 3335 1939 3411 gratia
1984 3333 2200 3393 initium
2238 3340 2297 3392 et

303 3428 477 3471 causa
518 3412 1001 3477 incrementorum
1040 3418 1188 3494 patri
1228 3417 1451 3493 fuisse,
1501 3419 1770 3496 sequenti
1818 3435 2052 3497 quoque
2101 3425 2296 3477 aetate

304 3494 564 3553 omuibus
608 3495 837 3572 probris
881 3501 1317 3562 contaminatus.
1399 3500 1778 3580 Praecipuum
1823 3503 1878 3561 in
1912 3502 2055 3563 ‘aula
2101 3501 2296 3562 locum
