2553 3960
964 186 1356 235 PRAEFATIO
1367 224 1373 233 .
1944 190 2079 238 xm

255 355 431 419 erant,
462 346 521 402 in
548 347 655 401 hae
687 344 941 401 editione
976 354 1234 419 accurate
1263 363 1586 419 expressam
1618 363 1747 403 esse
1777 347 1920 405 scito
1944 365 2071 407 ver-

253 433 560 490 siculorum
586 429 767 485 initiis
799 429 1069 484 reductis.

380 517 463 570 De
492 514 608 570 vita
643 511 946 568 Caesarum
984 513 1117 569 libri
1154 521 1284 571 octo
1315 529 1424 585 quo
1461 519 1714 584 tempore
1747 514 1920 585 editi,
1961 532 2073 587 quo

254 598 538 673 principio
569 595 850 667 praediti,
890 613 996 667 qua
1038 597 1257 654 ratione
1291 597 1347 652 in
1378 597 1559 653 libros
1596 602 1653 651 et
1688 598 1871 670 capita
1902 599 2071 655 divisi

254 683 498 751 fuerint,
543 679 934 755 exposuimusg
975 681 1083 736 iam
1113 681 1407 735 dicendum
1439 687 1556 750 est,
1601 696 1713 750 quo
1744 681 1985 738 consilio
2018 688 2075 738 et

256 783 367 838 quo
402 762 691 821 scribendi
737 778 950 834 genere
980 764 1310 835 compositi,
1345 763 1587 834 denique
1614 764 1814 834 quibus
1848 765 2074 821 iudiciis

257 867 287 906 a
317 847 569 922 posteris
604 847 832 918 excepti
865 846 994 903 sint.

379 930 606 987 Amisso
637 930 830 1001 operis
859 929 1021 986 initio
1055 946 1175 985 cum
1209 936 1490 987 auctorem
1524 933 1703 1004 ipsum
1731 932 1801 986 de
1834 931 2075 988 consilio

257 1032 362 1073 suo
391 1013 719 1083 laborisque
743 1013 1073 1069 adiumentis
1092 1014 1462 1070 disserentem
1477 1031 1585 1072 non
1617 1016 1940 1086 habeamus,
1967 1016 2077 1071 hoc

259 1099 391 1155 mihi
425 1097 649 1153 videtur
677 1102 807 1151 ante
849 1094 1030 1153 omnia
1071 1113 1139 1153 ac
1174 1098 1356 1169 probe
1391 1099 1683 1154 tenendum
1721 1115 1883 1169 esse,
1927 1104 1989 1154 ut
2020 1098 2076 1154 in

258 1182 566 1239 vitarum
610 1180 1152 1252 scriptoribus,
1192 1197 1301 1237 non
1335 1181 1391 1237 in
1425 1181 1781 1238 historiarum
1830 1183 2078 1239 auctori-

256 1266 365 1323 bus
409 1263 685 1320 collocari
728 1280 793 1318 se
823 1259 1148 1338 voluerit⁸).
1235 1265 1428 1336 ltaque
1460 1265 1651 1338 inique
1696 1266 1942 1336 faceret,
1982 1265 2077 1337 qui

259 1347 587 1422 prooemia,
637 1346 964 1417 orationes,
1008 1364 1218 1404 morum
1260 1348 1710 1406 adumbrationes
1753 1356 1809 1404 et
1849 1349 1897 1405 si
1937 1365 2078 1421 quae

260 1433 452 1489 solent
483 1430 648 1486 huius
679 1430 908 1500 generis
940 1431 1142 1488 altiora
1166 1438 1224 1487 et
1253 1433 1523 1504 ampliora
1545 1434 1613 1488 ab
1636 1432 1927 1497 historicis
1959 1448 2080 1487 cum

259 1531 450 1572 rerum
479 1519 764 1584 gestarum
796 1515 1059 1571 memoria
1096 1515 1393 1586 coniungi,
1438 1533 1469 1572 a
1500 1516 1822 1586 Tranquillo
1854 1515 2080 1570 deside-

258 1605 447 1662 raret3
490 1597 624 1653 talia
664 1613 847 1669 neque
887 1597 1119 1669 scripsit
1161 1614 1341 1668 neque
1375 1616 1438 1654 se
1468 1600 1802 1670 scripturum
1844 1598 2081 1669 recepit,

258 1684 371 1739 hoc
415 1697 581 1738 unum
628 1686 853 1736 secutus
894 1686 957 1735 ut
999 1680 1298 1738 Caesarum
1348 1681 1642 1737 duodecim
1682 1680 1850 1737 vitam
1901 1697 2081 1751 neque

264 1766 562 1838 quicquam
601 1770 897 1836 praeterea
943 1771 1321 1836 componeret.
1412 1766 1543 1821 Tale
1587 1765 1879 1821 consilium
1907 1765 2081 1820 haud-

263 1865 541 1922 quaquam
573 1849 991 1920 improbandum
1035 1848 1212 1918 duco,
1257 1865 1378 1904 cum
1423 1867 1514 1905 res
1549 1849 1892 1906 enarrandae
1932 1854 2080 1918 sunt,

261 1949 494 2006 quarum
524 1947 729 1988 summa
763 1933 833 1989 ad
868 1948 1031 1987 unum
1062 1933 1373 2005 principem
1413 1934 1576 2005 regio
1609 1932 1828 2004 quidem
1861 1933 2080 1990 nomine

263 2023 549 2074 carentem
584 2017 685 2072 sed
725 2022 1006 2087 potestate
1045 2017 1171 2087 plus
1215 2034 1376 2088 quam
1423 2018 1583 2088 regia
1627 2016 1937 2088 praeditum
1983 2017 2083 2071 de-

264 2103 376 2157 lata
410 2106 527 2163 est;
558 2100 722 2156 immo
743 2099 1075 2155 laudandum
1111 2116 1238 2156 esse
1267 2100 1525 2156 existimo
1546 2143 1563 2170 ,
1593 2116 1715 2155 cum
1751 2099 2083 2172 scriptorem

267 2184 510 2255 aliquem
570 2182 737 2238 video
794 2182 1146 2239 intellexisse
1212 2185 1325 2239 hoc
1384 2201 1447 2239 se
1502 2183 1789 2240 scribendi
1848 2198 2081 2253 genere,

268 2267 419 2338 quod
462 2268 520 2321 in
549 2266 679 2321 vitis
730 2265 1076 2337 exponendis
1108 2273 1398 2337 versetur,
1441 2267 1663 2324 facilius
1698 2283 1860 2338 quam
1901 2266 2081 2322 histo-

266 2352 385 2408 rica
413 2356 556 2420 arte,
592 2365 722 2405 rara
752 2350 850 2405 illa
881 2355 937 2404 et
971 2351 1284 2421 praeclara,
1312 2357 1369 2406 et
1398 2351 1509 2407 sibi
1541 2357 1598 2406 et
1628 2351 1755 2406 aliis
1782 2350 1920 2406 satis
1952 2365 2082 2405 esse

266 2435 559 2490 facturum.

390 2518 505 2572 Sed
532 2518 640 2573 hoc
674 2522 856 2572 tamen
890 2519 1304 2574 concedendum
1341 2524 1447 2588 est,
1480 2517 1872 2574 Suetonianum
1905 2533 2082 2587 genus
2102 2520 2258 2573 Operis
2296 2521 2401 2563 vitia

268 2617 451 2673 neque
493 2600 565 2656 ad
601 2599 779 2655 Taciti
827 2599 1150 2671 Agricolam
1195 2618 1376 2672 neque
1420 2602 1491 2656 ad
1535 2601 1894 2655 Plutarcheas
1937 2599 2082 2654 vitas

268 2684 566 2741 accedere.
622 2682 857 2739 Primum
888 2683 1032 2739 enim
1061 2691 1366 2757 temporum
1397 2684 1620 2739 nimium
1645 2682 1948 2753 indiligens
1979 2688 2084 2751 est,

270 2784 393 2823 cum
428 2782 540 2823 non
574 2766 740 2824 modo
771 2768 841 2823 ad
882 2783 1146 2824 annorum
1188 2784 1445 2824 numeros
1478 2773 1702 2839 praeter
1734 2766 1970 2822 natalem
2000 2765 2085 2821 fa-

269 2852 549 2922 talemque
574 2850 718 2907 diem
750 2851 886 2906 nihil
920 2850 1040 2905 fere
1063 2852 1338 2921 retulerit,
1369 2852 1471 2908 sed
1500 2868 1569 2906 ne
1601 2868 1703 2923 per
1735 2849 1933 2906 aetatis
1957 2848 2083 2920 qui-

271 2937 397 2991 dem
458 2936 665 3005 gradus
708 2934 1029 2990 distinxerit
1092 2935 1213 2991 eius
1253 2935 1492 2992 hominis
1540 2935 1698 2990 cuius
1739 2934 1908 2990 vitam
1949 2948 2082 3004 per-

271 3018 552 3090 sequitur,
574 3033 757 3074 mores
783 3018 1204 3088 corroboratos,
1227 3020 1562 3087 immutatos,
1592 3022 1921 3087 corruptos;
1950 3014 2081 3070 hinc

274 3103 336 3157 lit
365 3108 427 3156 ut
466 3100 620 3156 illius
651 3116 859 3156 morum
907 3107 1014 3156 tam
1048 3103 1318 3159 bonorum
1357 3118 1517 3172 quam
1549 3101 1814 3157 malorum
1860 3098 2080 3168 singula

274 3186 606 3240 documenta
635 3184 978 3240 inveniamus
1009 3187 1199 3255 multa,
1228 3186 1330 3240 sed
1346 3184 1594 3240 universi
1623 3183 1837 3253 ingenii
1868 3198 1995 3239 mox
2025 3182 2081 3236 in

412 3311 469 3373 3)
518 3313 577 3362 Id
608 3329 671 3362 ne
705 3314 979 3380 Vopiscum
1018 3314 1221 3377 quidem
1258 3314 1427 3374 latuit,
1480 3314 1566 3377 qui
1612 3314 1665 3361 in
1701 3312 1863 3362 Probo
1898 3325 2008 3373 cap.
2049 3311 2081 3356 2

274 3398 373 3432 non
403 3390 458 3431 ul
485 3382 756 3433 Sallustios
774 3419 791 3442 ,
832 3381 1019 3446 inquit,
1057 3385 1233 3433 Livias
1273 3383 1475 3432 Tacitos
1507 3383 1701 3444 Trogos
1730 3420 1743 3432 .
1761 3416 1798 3428 ..
1838 3380 2081 3430 imitarer,

276 3451 370 3499 sed
397 3449 622 3500 Marium
656 3449 932 3501 Maoeimmn
952 3486 965 3510 ‚
1001 3450 1286 3501 Suetonium
1317 3450 1654 3512 Tranquillum
1686 3456 1762 3495 etc
