2553 3960
897 248 1106 297 mvns
1144 248 1513 297 cLAnnms.
2083 238 2203 299 157

194 411 651 483 repraesentans
682 421 790 482 pro
824 421 1005 482 opera
1029 403 1259 480 dignam
1286 405 1493 483 cuique
1523 404 1873 464 mercedem.
1959 404 2203 465 Artiore

194 496 387 549 autem
440 505 664 548 annona
717 486 793 547 ob
843 488 1104 548 assiduas
1160 488 1531 566 sterilitates,
1598 487 1862 549 detentus
1917 488 2202 567 quondam

192 571 387 632 medio
436 571 570 632 foro
615 589 647 632 a
698 571 861 633 turba
905 571 1306 649 conviciisque
1340 582 1398 632 et
1428 572 1595 632 simul
1630 570 2006 649 fragminibus
2038 575 2203 651 panis

193 658 272 717 ita
304 654 644 732 infestatuS,
696 665 757 715 ut
785 674 967 734 aegre
999 673 1111 716 nec
1144 657 1254 715 nisi
1290 658 1520 734 postico
1546 655 1804 729 ‚evadere
1839 656 1896 715 in
1924 655 2204 717 Palatium

145 764 171 804 5
195 739 478 818 valuerit,
511 739 650 799 nihil
686 757 801 799 nou
844 740 1207 818 excogitavit
1237 740 1308 800 ad
1342 739 1703 800 invehendos
1738 741 1908 800 etiam
1937 749 2202 820 tempore

193 824 445 885 hiberno
484 832 855 884 commeatus,
922 823 1066 884 Nam
1097 832 1155 882 et
1183 814 1646 901 negotiatoribus
1678 833 1839 885 certa
1873 823 2036 884 lucra
2066 841 2202 904 pro-

193 908 426 988 posuit,
476 915 754 986 suscepto
800 908 857 965 in
900 925 965 967 se
1011 907 1247 986 damno,
1300 908 1350 967 si
1394 909 1485 967 cui
1517 908 1652 988 quid
1684 927 1791 988 per
1822 916 2202 988 tempestates

196 991 544 1070 accidisset,
589 1000 647 1051 ct
688 1009 868 1051 naves
908 999 1269 1052 mercaturae
1316 1010 1489 1053 causa
1528 991 1944 1053 fabricantibus
1994 1008 2202 1068 magna

198 1075 499 1137 commoda
530 1077 825 1136 constituit
853 1093 960 1156 pro
991 1075 1322 1136 conditione
1350 1078 1658 1156 cuiusque;
1694 1078 1808 1137 civi
1838 1078 2199 1137 vacationem
2223 1091 2288 1145 19

127 1178 178 1221 ιο
197 1159 355 1238 legis
377 1159 593 1239 Papiae
619 1159 965 1240 Poppaeae,
1008 1160 1209 1222 Latino
1243 1161 1330 1220 ius
1356 1161 1686 1239 Quiritium,
1723 1161 1952 1221 feminis
1975 1163 2063 1221 ius
2091 1160 2202 1221 IIII

194 1243 543 1314 liberorum
577 1262 727 1324 quae
765 1245 1072 1305 constituta
1102 1244 1397 1325 hodieque
1430 1256 1750 1307 servantur.

323 1328 515 1409 Opera
547 1347 754 1406 magna
788 1330 1098 1409 potiusque
1131 1331 1468 1391 necessaria
1513 1348 1681 1410 quam
1720 1329 1895 1390 multa
1926 1329 2198 1410 perfecit,
2218 1346 2288 1399 20

196 1412 303 1473 sed
341 1411 436 1471 vel
481 1414 832 1493 praecipua:
870 1413 1100 1473 ductum
1130 1430 1406 1491 aquarum
1438 1431 1470 1473 a
1505 1414 1647 1475 Gaio
1677 1414 2033 1491 inchoatum,
2065 1415 2201 1472 item

196 1496 553 1557 emissarium
594 1496 796 1557 Fucini
844 1496 1006 1558 lacus
1051 1505 1400 1576 portumque
1447 1495 1808 1573 Ostiensem,
1862 1513 2202 1576 quamquam

128 1596 178 1639 ιε
196 1582 377 1642 sciret
407 1599 483 1642 ex
512 1582 583 1641 iis
614 1580 855 1641 alterum
898 1581 972 1640 ab
1009 1578 1279 1655 Augusto
1323 1578 1698 1658 precantibus
1730 1578 1963 1639 assidue
1992 1579 2202 1639 Marsis

193 1673 497 1743 negatum,
536 1664 779 1725 alterum
808 1681 843 1723 a
869 1663 1023 1723 Divo
1050 1661 1199 1721 Iulio
1232 1661 1469 1741 saepius
1498 1661 1841 1721 destinatum
1868 1678 1937 1721 ac
1959 1671 2203 1741 propter

194 1748 593 1811 difficultatem
610 1745 903 1806 omissum.
932 1743 1209 1806 Claudiae
1230 1761 1419 1824 aquae
1432 1743 1666 1822 gelidos
1685 1754 1744 1805 et
1759 1744 1973 1804 uberes
1986 1745 2202 1822 fonteS,

194 1849 440 1912 quorum
479 1830 648 1890 alteri
696 1827 1025 1905 Caeruleo,
1069 1826 1236 1887 alteri
1280 1827 1482 1889 Curtio
1524 1837 1584 1889 et
1617 1828 1952 1907 Albudigno
1992 1845 2203 1889 nomen

192 1924 322 1992 est,
381 1913 665 1993 simulque
710 1914 892 1973 rivum
922 1912 1164 1973 Anienis
1206 1913 1345 1973 novi
1387 1912 1624 1994 lapideo
1666 1930 1849 1993 opere
1900 1913 1959 1973 in
2001 1913 2203 1974 urbem

115 2020 171 2062 zo
193 1997 507 2080 perduxit,
543 1997 852 2077 divisitque
883 1999 939 2057 in
975 1998 1256 2077 plurimos
1288 2007 1347 2059 et
1380 1998 1776 2058 ornatissimos
1806 1997 1987 2059 lacus..
2032 1999 2201 2059 Fuci-

190 2100 329 2143 num
370 2080 686 2158 adgressus
716 2090 838 2159 est,
883 2100 997 2142 non
1031 2083 1215 2142 minus
1247 2082 1573 2162 compendii
1607 2101 1716 2162 spe
1751 2100 1917 2161 quam
1946 2082 2201 2161 gloriae,

196 2184 326 2229 cum
371 2164 598 2245 quidam
628 2167 856 2246 privato
886 2176 1113 2246 sumptu
1149 2167 1466 2227 emissuros
1495 2185 1561 2226 se
1592 2169 2092 2245 repromitterent,
2152 2169 2203 2227 si

195 2249 307 2311 sibi
338 2252 541 2311 siccati
569 2251 699 2328 agri
731 2251 1211 2312 concederentur.
1257 2250 1372 2311 Per
1398 2251 1508 2311 tria
1538 2259 1726 2312 autem
1749 2269 2020 2330 passuum
2045 2252 2201 2312 milia

195 2335 404 2414 partim
435 2334 674 2395 ecfosso
706 2344 901 2396 monte
931 2335 1138 2416 partim
1174 2335 1378 2394 exciso
1397 2380 1415 2412 ,
1448 2334 1708 2396 canalem
1736 2335 1989 2396 absolvit
2017 2355 2198 2415 aegre

121 2426 257 2479 aet
299 2426 435 2496 post
473 2418 739 2479 undecim
791 2436 1003 2496 annoS,
1064 2420 1327 2498 quamvis
1378 2419 1662 2479 continuis
1704 2418 1875 2480 XXX
1910 2420 2199 2480 hominum

193 2500 427 2562 milibus
468 2503 593 2562 sine
640 2503 1068 2563 intermissione
1120 2502 1517 2582 operantibus
1575 2504 1813 2564 Portum
1860 2502 2057 2563 Ostiae
2101 2522 2200 2563 ex-

195 2586 405 2662 truxit,
440 2585 833 2646 circumducto
859 2586 1062 2647 dextra
1095 2587 1444 2665 sinistraque
1467 2586 1709 2647 brachio
1733 2595 1791 2645 et
1814 2585 1886 2646 ad
1909 2588 2201 2647 introitum

196 2668 491 2749 profundo
516 2672 627 2731 iam
655 2669 781 2731 salo
811 2670 965 2731 mole
992 2670 1254 2741 obiecta;
1288 2688 1458 2750 quam
1487 2688 1603 2749 quo
1628 2669 1889 2730 stabilius
1912 2669 2199 2745 fundaret,

200 2771 407 2814 navem
464 2762 596 2814 ante
650 2753 954 2831 demersit,
1014 2773 1122 2834 qua
1173 2771 1416 2832 magnus
1468 2754 1766 2815 obeliscus
1804 2771 1882 2813 ex
1921 2752 2199 2834 Aegypto

123 2836 392 2898 ³⁰fuerat
428 2837 740 2914 advectuS,
801 2839 1215 2917 congestisque
1262 2839 1399 2919 pilis
1448 2839 1826 2919 superposuit
1869 2837 2200 2898 altissimam

194 2931 413 2982 turrem
433 2924 491 2982 in
516 2922 846 3000 exemplum
865 2921 1243 2983 Alexandrini
1269 2922 1480 3001 Phari,
1510 2932 1570 2982 ut
1591 2923 1664 2984 ad
1685 2930 2005 2983 nocturnos
2032 2923 2199 3000 ignes

199 3023 428 3066 cursum
461 3007 694 3084 navigia
725 3005 1062 3082 dirigerent.

318 3087 632 3168 Congiaria
667 3089 890 3169 populo
937 3090 1171 3169 saepius
1210 3089 1513 3151 distribuit.
1581 3089 1930 3169 Spectacula
1968 3106 2283 3171 quoque21

198 3174 499 3254 complura
544 3183 603 3233 et
648 3174 957 3252 magnilica
1002 3174 1211 3252 edidit,
1260 3192 1376 3234 non
1431 3176 1637 3236 usitata
1681 3173 1856 3233 modo
1892 3192 1964 3234 ac
2013 3175 2201 3237 solitis

121 3269 176 3313 85
196 3257 381 3335 locis,
430 3258 534 3319 sed
566 3267 625 3325 et
657 3261 1044 3320 commentitia
1088 3267 1252 3319 etex
1299 3260 1631 3338 antiquitate
1672 3261 1950 3336 repetita,
1998 3268 2056 3319 et
2104 3261 2202 3321 ubi

193 3351 506 3422 praeterea
559 3360 729 3403 nemo
782 3352 914 3404 ante
947 3362 1096 3404 eum.
1177 3342 1371 3404 Ludos
1423 3343 1805 3404 dedicationis
1862 3342 2204 3422 Pompeiani

194 3424 423 3504 theatri,
448 3426 601 3505 quod
626 3426 943 3488 ambustum
965 3429 1322 3505 restituerat,
1349 3445 1381 3487 e
1403 3426 1669 3488 tribunali
1693 3429 1889 3506 posito
1909 3429 1967 3486 in
1992 3426 2197 3486 orche-

192 3516 316 3570 stra
345 3512 658 3589 commisit,
700 3529 826 3572 cum
847 3516 1005 3594 prius
1030 3512 1180 3592 apud
1206 3515 1542 3592 superiores
1574 3510 1754 3574 aedes
1781 3510 2194 3591 supplicasset,
