<?xml version="1.0" encoding="UTF-8"?>
<!DOCTYPE html PUBLIC "-//W3C//DTD XHTML 1.0 Transitional//EN"
    "http://www.w3.org/TR/xhtml1/DTD/xhtml1-transitional.dtd">
<html xmlns="http://www.w3.org/1999/xhtml" xml:lang="en" lang="en">
 <head>
  <title>
</title>
<meta http-equiv="Content-Type" content="text/html;charset=utf-8" />
  <meta name='ocr-system' content='tesseract 3.04.00' />
  <meta name='ocr-capabilities' content='ocr_page ocr_carea ocr_par ocr_line ocrx_word'/>
</head>
<body>
  <div class='ocr_page' id='page_1' title='image "./csuetonitranqui06rothgoog_0087.png"; bbox 0 0 2553 3960; ppageno 0'>
   <div class='ocr_carea' id='block_1_1' title="bbox 960 205 2065 262">
    <p class='ocr_par' dir='ltr' id='par_1_1' title="bbox 960 205 2065 262">
     <span class='ocr_line' id='line_1_1' title="bbox 960 205 2065 262; baseline 0.003 -3"><span class='ocrx_word' id='word_1_1' title='bbox 960 205 1377 262; x_wconf 78' lang='lat' dir='ltr'>PRAEFATIO.</span> <span class='ocrx_word' id='word_1_2' title='bbox 1843 216 2065 262; x_wconf 71' lang='lat' dir='ltr'><strong>Lxxxx</strong></span> 
     </span>
    </p>
   </div>
   <div class='ocr_carea' id='block_1_2' title="bbox 237 368 2064 447">
    <p class='ocr_par' dir='ltr' id='par_1_2' title="bbox 237 368 2064 447">
     <span class='ocr_line' id='line_1_2' title="bbox 237 368 2064 447; baseline 0 -17"><span class='ocrx_word' id='word_1_3' title='bbox 237 379 741 430; x_wconf 70' lang='lat' dir='ltr'><strong>commentatorum</strong></span> <span class='ocrx_word' id='word_1_4' title='bbox 787 371 999 430; x_wconf 81' lang='lat' dir='ltr'><strong>Horatii</strong></span> <span class='ocrx_word' id='word_1_5' title='bbox 1043 379 1320 429; x_wconf 86' lang='lat' dir='ltr'><strong>servatam</strong></span> <span class='ocrx_word' id='word_1_6' title='bbox 1348 368 1668 447; x_wconf 62' lang='lat' dir='ltr'><strong>primumffi)</strong></span> <span class='ocrx_word' id='word_1_7' title='bbox 1708 391 1758 430; x_wconf 87' lang='lat' dir='ltr'><strong>a.</strong></span> <span class='ocrx_word' id='word_1_8' title='bbox 1788 380 1924 435; x_wconf 85' lang='lat'>1548</span> <span class='ocrx_word' id='word_1_9' title='bbox 1960 374 2064 430; x_wconf 88' lang='lat' dir='ltr'><strong>Pe-</strong></span> 
     </span>
    </p>
   </div>
   <div class='ocr_carea' id='block_1_3' title="bbox 130 456 2061 529">
    <p class='ocr_par' dir='ltr' id='par_1_3' title="bbox 130 456 2061 529">
     <span class='ocr_line' id='line_1_3' title="bbox 130 456 2061 529; baseline 0 -17"><span class='ocrx_word' id='word_1_10' title='bbox 130 500 133 503; x_wconf 88' lang='lat'><strong>.</strong></span> <span class='ocrx_word' id='word_1_11' title='bbox 240 465 358 514; x_wconf 89' lang='lat' dir='ltr'><strong>trus</strong></span> <span class='ocrx_word' id='word_1_12' title='bbox 392 456 643 513; x_wconf 89' lang='lat' dir='ltr'><strong>Nannius</strong></span> <span class='ocrx_word' id='word_1_13' title='bbox 678 456 1081 513; x_wconf 89' lang='lat' dir='ltr'><strong>Alcmariensis</strong></span> <span class='ocrx_word' id='word_1_14' title='bbox 1114 457 1597 514; x_wconf 81' lang='lat' dir='ltr'><strong>miscellaneorum</strong></span> <span class='ocrx_word' id='word_1_15' title='bbox 1630 476 1681 529; x_wconf 90' lang='lat' dir='ltr'><strong>p.</strong></span> <span class='ocrx_word' id='word_1_16' title='bbox 1708 463 1811 526; x_wconf 83' lang='lat'><strong>72,</strong></span> <span class='ocrx_word' id='word_1_17' title='bbox 1856 464 1965 514; x_wconf 89' lang='lat' dir='ltr'><strong>tum</strong></span> <span class='ocrx_word' id='word_1_18' title='bbox 2004 458 2061 512; x_wconf 91' lang='lat' dir='ltr'><strong>in</strong></span> 
     </span>
    </p>
   </div>
   <div class='ocr_carea' id='block_1_4' title="bbox 242 540 2063 2116">
    <p class='ocr_par' dir='ltr' id='par_1_4' title="bbox 242 540 2063 2116">
     <span class='ocr_line' id='line_1_4' title="bbox 242 540 2062 611; baseline -0.002 -15"><span class='ocrx_word' id='word_1_19' title='bbox 242 541 566 597; x_wconf 78' lang='lat' dir='ltr'><strong>Horatianis</strong></span> <span class='ocrx_word' id='word_1_20' title='bbox 601 540 947 597; x_wconf 87' lang='lat' dir='ltr'><strong>editionibus</strong></span> <span class='ocrx_word' id='word_1_21' title='bbox 979 541 1223 595; x_wconf 89' lang='lat' dir='ltr'><strong>Muretus</strong></span> <span class='ocrx_word' id='word_1_22' title='bbox 1255 558 1307 595; x_wconf 88' lang='lat' dir='ltr'><strong>a.</strong></span> <span class='ocrx_word' id='word_1_23' title='bbox 1333 548 1502 611; x_wconf 85' lang='lat'><strong>1555,</strong></span> <span class='ocrx_word' id='word_1_24' title='bbox 1536 541 1825 597; x_wconf 89' lang='lat' dir='ltr'><strong>Lambinus</strong></span> <span class='ocrx_word' id='word_1_25' title='bbox 1852 559 1902 596; x_wconf 88' lang='lat' dir='ltr'><strong>a.</strong></span> <span class='ocrx_word' id='word_1_26' title='bbox 1929 546 2062 602; x_wconf 83' lang='lat'>1567</span> 
     </span>
     <span class='ocr_line' id='line_1_5' title="bbox 244 623 2062 696; baseline 0.001 -17"><span class='ocrx_word' id='word_1_27' title='bbox 244 632 301 679; x_wconf 91' lang='lat' dir='ltr'><strong>et</strong></span> <span class='ocrx_word' id='word_1_28' title='bbox 348 623 629 695; x_wconf 80' lang='lat' dir='ltr'><strong>Cruquius</strong></span> <span class='ocrx_word' id='word_1_29' title='bbox 678 642 728 681; x_wconf 86' lang='lat' dir='ltr'><strong>a.</strong></span> <span class='ocrx_word' id='word_1_30' title='bbox 776 629 911 683; x_wconf 82' lang='lat'>1578</span> <span class='ocrx_word' id='word_1_31' title='bbox 951 624 1341 694; x_wconf 85' lang='lat' dir='ltr'><strong>vulgaverunt.</strong></span> <span class='ocrx_word' id='word_1_32' title='bbox 1431 624 1581 680; x_wconf 89' lang='lat' dir='ltr'><strong>Haec</strong></span> <span class='ocrx_word' id='word_1_33' title='bbox 1641 625 1895 696; x_wconf 84' lang='lat' dir='ltr'><strong>exempla</strong></span> <span class='ocrx_word' id='word_1_34' title='bbox 1958 632 2062 681; x_wconf 87' lang='lat' dir='ltr'><strong>tam</strong></span> 
     </span>
     <span class='ocr_line' id='line_1_6' title="bbox 245 708 2062 779; baseline 0 -16"><span class='ocrx_word' id='word_1_35' title='bbox 245 708 431 763; x_wconf 87' lang='lat' dir='ltr'><strong>multis</strong></span> <span class='ocrx_word' id='word_1_36' title='bbox 462 709 637 765; x_wconf 89' lang='lat' dir='ltr'><strong>rebus</strong></span> <span class='ocrx_word' id='word_1_37' title='bbox 666 708 817 764; x_wconf 89' lang='lat' dir='ltr'><strong>inter</strong></span> <span class='ocrx_word' id='word_1_38' title='bbox 844 725 905 763; x_wconf 86' lang='lat' dir='ltr'><strong>se</strong></span> <span class='ocrx_word' id='word_1_39' title='bbox 930 708 1223 777; x_wconf 84' lang='lat' dir='ltr'><strong>differunt,</strong></span> <span class='ocrx_word' id='word_1_40' title='bbox 1253 713 1314 762; x_wconf 89' lang='lat' dir='ltr'><strong>ut</strong></span> <span class='ocrx_word' id='word_1_41' title='bbox 1343 725 1477 764; x_wconf 90' lang='lat' dir='ltr'><strong>sane</strong></span> <span class='ocrx_word' id='word_1_42' title='bbox 1514 709 1817 765; x_wconf 90' lang='lat' dir='ltr'><strong>mirandum</strong></span> <span class='ocrx_word' id='word_1_43' title='bbox 1854 709 1928 763; x_wconf 82' lang='lat' dir='ltr'><strong>s&#39;it</strong></span> <span class='ocrx_word' id='word_1_44' title='bbox 1958 725 2062 779; x_wconf 86' lang='lat' dir='ltr'><strong>qua</strong></span> 
     </span>
     <span class='ocr_line' id='line_1_7' title="bbox 244 791 2063 862; baseline 0 -16"><span class='ocrx_word' id='word_1_45' title='bbox 244 792 466 848; x_wconf 81' lang='lat' dir='ltr'><strong>ratione</strong></span> <span class='ocrx_word' id='word_1_46' title='bbox 501 791 686 848; x_wconf 88' lang='lat' dir='ltr'><strong>omnia</strong></span> <span class='ocrx_word' id='word_1_47' title='bbox 719 808 792 847; x_wconf 84' lang='lat' dir='ltr'><strong>ex</strong></span> <span class='ocrx_word' id='word_1_48' title='bbox 819 808 927 847; x_wconf 91' lang='lat' dir='ltr'><strong>uno</strong></span> <span class='ocrx_word' id='word_1_49' title='bbox 964 791 1271 862; x_wconf 88' lang='lat' dir='ltr'><strong>eodemque</strong></span> <span class='ocrx_word' id='word_1_50' title='bbox 1302 798 1496 847; x_wconf 88' lang='lat' dir='ltr'><strong>vetere</strong></span> <span class='ocrx_word' id='word_1_51' title='bbox 1524 793 1671 847; x_wconf 89' lang='lat' dir='ltr'><strong>libro</strong></span> <span class='ocrx_word' id='word_1_52' title='bbox 1706 794 1901 847; x_wconf 86' lang='lat' dir='ltr'><strong>hausta</strong></span> <span class='ocrx_word' id='word_1_53' title='bbox 1936 809 2063 847; x_wconf 88' lang='lat' dir='ltr'><strong>esse</strong></span> 
     </span>
     <span class='ocr_line' id='line_1_8' title="bbox 245 874 2057 947; baseline -0.001 -17"><span class='ocrx_word' id='word_1_54' title='bbox 245 875 538 938; x_wconf 77' lang='lat' dir='ltr'><strong>dicantur:</strong></span> <span class='ocrx_word' id='word_1_55' title='bbox 601 876 809 947; x_wconf 86' lang='lat' dir='ltr'><strong>quippe</strong></span> <span class='ocrx_word' id='word_1_56' title='bbox 871 875 1096 943; x_wconf 89' lang='lat' dir='ltr'><strong>codice,</strong></span> <span class='ocrx_word' id='word_1_57' title='bbox 1151 874 1244 945; x_wconf 85' lang='lat' dir='ltr'><strong>qui</strong></span> <span class='ocrx_word' id='word_1_58' title='bbox 1301 874 1544 931; x_wconf 87' lang='lat' dir='ltr'><strong>Gandavi</strong></span> <span class='ocrx_word' id='word_1_59' title='bbox 1609 875 1664 930; x_wconf 93' lang='lat' dir='ltr'><strong>in</strong></span> <span class='ocrx_word' id='word_1_60' title='bbox 1718 875 2057 932; x_wconf 86' lang='lat' dir='ltr'><strong>bibliotheca</strong></span> 
     </span>
     <span class='ocr_line' id='line_1_9' title="bbox 245 957 2059 1029; baseline 0 -15"><span class='ocrx_word' id='word_1_61' title='bbox 245 959 306 1015; x_wconf 88' lang='lat' dir='ltr'><strong>S.</strong></span> <span class='ocrx_word' id='word_1_62' title='bbox 359 957 513 1013; x_wconf 87' lang='lat' dir='ltr'><strong>Petri</strong></span> <span class='ocrx_word' id='word_1_63' title='bbox 561 958 852 1015; x_wconf 87' lang='lat' dir='ltr'><strong>Blandinia</strong></span> <span class='ocrx_word' id='word_1_64' title='bbox 908 958 1338 1027; x_wconf 77' lang='lat' dir='ltr'><strong>asservabatur,</strong></span> <span class='ocrx_word' id='word_1_65' title='bbox 1391 957 1773 1029; x_wconf 87' lang='lat' dir='ltr'><strong>antiquissimo</strong></span> <span class='ocrx_word' id='word_1_66' title='bbox 1815 958 2059 1015; x_wconf 86' lang='lat' dir='ltr'><strong>Nannius</strong></span> 
     </span>
     <span class='ocr_line' id='line_1_10' title="bbox 243 1041 2058 1114; baseline 0.001 -18"><span class='ocrx_word' id='word_1_67' title='bbox 243 1059 349 1114; x_wconf 89' lang='lat' dir='ltr'><strong>per</strong></span> <span class='ocrx_word' id='word_1_68' title='bbox 403 1058 468 1096; x_wconf 89' lang='lat' dir='ltr'><strong>se</strong></span> <span class='ocrx_word' id='word_1_69' title='bbox 524 1048 582 1097; x_wconf 93' lang='lat' dir='ltr'><strong>et</strong></span> <span class='ocrx_word' id='word_1_70' title='bbox 624 1042 826 1097; x_wconf 83' lang='lat' dir='ltr'><strong>Mureti</strong></span> <span class='ocrx_word' id='word_1_71' title='bbox 871 1041 1052 1113; x_wconf 84' lang='lat' dir='ltr'><strong>gratia</strong></span> <span class='ocrx_word' id='word_1_72' title='bbox 1095 1041 1369 1097; x_wconf 86' lang='lat' dir='ltr'><strong>Antonius</strong></span> <span class='ocrx_word' id='word_1_73' title='bbox 1416 1041 1774 1112; x_wconf 84' lang='lat' dir='ltr'><strong>Morillonus,</strong></span> <span class='ocrx_word' id='word_1_74' title='bbox 1817 1043 2058 1114; x_wconf 88' lang='lat' dir='ltr'><strong>denique</strong></span> 
     </span>
     <span class='ocr_line' id='line_1_11' title="bbox 245 1122 2058 1197; baseline -0.001 -16"><span class='ocrx_word' id='word_1_75' title='bbox 245 1123 531 1196; x_wconf 83' lang='lat' dir='ltr'><strong>Cruquius</strong></span> <span class='ocrx_word' id='word_1_76' title='bbox 556 1126 644 1180; x_wconf 88' lang='lat' dir='ltr'><strong>usi</strong></span> <span class='ocrx_word' id='word_1_77' title='bbox 672 1142 802 1182; x_wconf 86' lang='lat' dir='ltr'><strong>esse</strong></span> <span class='ocrx_word' id='word_1_78' title='bbox 833 1127 1038 1181; x_wconf 87' lang='lat' dir='ltr'><strong>volunt.</strong></span> <span class='ocrx_word' id='word_1_79' title='bbox 1126 1124 1195 1178; x_wconf 88' lang='lat' dir='ltr'><strong>Et</strong></span> <span class='ocrx_word' id='word_1_80' title='bbox 1230 1122 1503 1196; x_wconf 86' lang='lat' dir='ltr'><strong>Cruquius</strong></span> <span class='ocrx_word' id='word_1_81' title='bbox 1536 1125 1756 1197; x_wconf 88' lang='lat' dir='ltr'><strong>quidem</strong></span> <span class='ocrx_word' id='word_1_82' title='bbox 1785 1126 2058 1182; x_wconf 90' lang='lat' dir='ltr'><strong>minimum</strong></span> 
     </span>
     <span class='ocr_line' id='line_1_12' title="bbox 244 1207 2059 1278; baseline 0.001 -14"><span class='ocrx_word' id='word_1_83' title='bbox 244 1207 470 1278; x_wconf 81' lang='lat' dir='ltr'><strong>negotii</strong></span> <span class='ocrx_word' id='word_1_84' title='bbox 516 1209 767 1273; x_wconf 78' lang='lat' dir='ltr'><strong>facessit,</strong></span> <span class='ocrx_word' id='word_1_85' title='bbox 829 1226 951 1264; x_wconf 90' lang='lat' dir='ltr'><strong>cum</strong></span> <span class='ocrx_word' id='word_1_86' title='bbox 999 1213 1145 1265; x_wconf 85' lang='lat' dir='ltr'><strong>totus</strong></span> <span class='ocrx_word' id='word_1_87' title='bbox 1190 1209 1311 1263; x_wconf 83' lang='lat' dir='ltr'><strong>fere</strong></span> <span class='ocrx_word' id='word_1_88' title='bbox 1350 1225 1421 1263; x_wconf 88' lang='lat' dir='ltr'><strong>ex</strong></span> <span class='ocrx_word' id='word_1_89' title='bbox 1461 1209 1673 1265; x_wconf 86' lang='lat' dir='ltr'><strong>Mureto</strong></span> <span class='ocrx_word' id='word_1_90' title='bbox 1715 1216 1771 1265; x_wconf 78' lang='lat' dir='ltr'><strong>et</strong></span> <span class='ocrx_word' id='word_1_91' title='bbox 1800 1211 2059 1266; x_wconf 84' lang='lat' dir='ltr'><strong>Lambino</strong></span> 
     </span>
     <span class='ocr_line' id='line_1_13' title="bbox 243 1290 2061 1364; baseline 0.001 -18"><span class='ocrx_word' id='word_1_92' title='bbox 243 1291 527 1364; x_wconf 83' lang='lat' dir='ltr'><strong>pendeat,</strong></span> <span class='ocrx_word' id='word_1_93' title='bbox 577 1292 853 1348; x_wconf 90' lang='lat' dir='ltr'><strong>interdum</strong></span> <span class='ocrx_word' id='word_1_94' title='bbox 901 1293 970 1347; x_wconf 89' lang='lat' dir='ltr'><strong>ad</strong></span> <span class='ocrx_word' id='word_1_95' title='bbox 997 1290 1265 1346; x_wconf 88' lang='lat' dir='ltr'><strong>Nannium</strong></span> <span class='ocrx_word' id='word_1_96' title='bbox 1294 1291 1555 1363; x_wconf 86' lang='lat' dir='ltr'><strong>inclinet,</strong></span> <span class='ocrx_word' id='word_1_97' title='bbox 1614 1294 1786 1349; x_wconf 89' lang='lat' dir='ltr'><strong>semel</strong></span> <span class='ocrx_word' id='word_1_98' title='bbox 1827 1301 2061 1349; x_wconf 85' lang='lat' dir='ltr'><strong>tantum-</strong></span> 
     </span>
     <span class='ocr_line' id='line_1_14' title="bbox 245 1369 2060 1450; baseline -0.001 -19"><span class='ocrx_word' id='word_1_99' title='bbox 245 1376 416 1431; x_wconf 88' lang='lat' dir='ltr'><strong>modo</strong></span> <span class='ocrx_word' id='word_1_100' title='bbox 459 1374 671 1447; x_wconf 77' lang='lat' dir='ltr'><strong>scripto</strong></span> <span class='ocrx_word' id='word_1_101' title='bbox 714 1376 862 1431; x_wconf 90' lang='lat' dir='ltr'><strong>libro</strong></span> <span class='ocrx_word' id='word_1_102' title='bbox 907 1374 1118 1446; x_wconf 85' lang='lat' dir='ltr'><strong>aliquid</strong></span> <span class='ocrx_word' id='word_1_103' title='bbox 1168 1369 1465 1450; x_wconf 82' lang='lat' dir='ltr'><strong>debeat⁶⁹).</strong></span> <span class='ocrx_word' id='word_1_104' title='bbox 1550 1377 1725 1433; x_wconf 89' lang='lat' dir='ltr'><strong>Porro</strong></span> <span class='ocrx_word' id='word_1_105' title='bbox 1771 1378 2060 1433; x_wconf 84' lang='lat' dir='ltr'><strong>Lambinus</strong></span> 
     </span>
     <span class='ocr_line' id='line_1_15' title="bbox 246 1458 2060 1570; baseline 0.001 -57"><span class='ocrx_word' id='word_1_106' title='bbox 246 1476 320 1514; x_wconf 90' lang='lat' dir='ltr'><strong>ne</strong></span> <span class='ocrx_word' id='word_1_107' title='bbox 366 1459 643 1513; x_wconf 85' lang='lat' dir='ltr'><strong>tantillum</strong></span> <span class='ocrx_word' id='word_1_108' title='bbox 696 1458 918 1529; x_wconf 89' lang='lat' dir='ltr'><strong>quidem</strong></span> <span class='ocrx_word' id='word_1_109' title='bbox 964 1475 996 1514; x_wconf 92' lang='lat' dir='ltr'><strong>e</strong></span> <span class='ocrx_word' id='word_1_110' title='bbox 1034 1463 1226 1513; x_wconf 81' lang='lat' dir='ltr'><strong>vetere</strong></span> <span class='ocrx_word' id='word_1_111' title='bbox 1273 1459 1422 1514; x_wconf 88' lang='lat' dir='ltr'><strong>libro</strong></span> <span class='ocrx_word' id='word_1_112' title='bbox 1462 1460 1807 1570; x_wconf 81' lang='lat' dir='ltr'><strong>desumpsit,</strong></span> <span class='ocrx_word' id='word_1_113' title='bbox 1865 1461 1966 1515; x_wconf 89' lang='lat' dir='ltr'><strong>sed</strong></span> <span class='ocrx_word' id='word_1_114' title='bbox 2011 1459 2060 1514; x_wconf 90' lang='lat' dir='ltr'><strong>is</strong></span> 
     </span>
     <span class='ocr_line' id='line_1_16' title="bbox 248 1540 2063 1613; baseline -0.001 -15"><span class='ocrx_word' id='word_1_115' title='bbox 248 1541 584 1613; x_wconf 85' lang='lat' dir='ltr'><strong>compositis</strong></span> <span class='ocrx_word' id='word_1_116' title='bbox 605 1541 804 1597; x_wconf 87' lang='lat' dir='ltr'><strong>Nannii</strong></span> <span class='ocrx_word' id='word_1_117' title='bbox 837 1549 893 1597; x_wconf 88' lang='lat' dir='ltr'><strong>et</strong></span> <span class='ocrx_word' id='word_1_118' title='bbox 925 1542 1124 1597; x_wconf 76' lang='lat' dir='ltr'><strong>Mureti</strong></span> <span class='ocrx_word' id='word_1_119' title='bbox 1161 1540 1480 1613; x_wconf 73' lang='lat' dir='ltr'><strong>exemplis‘</strong></span> <span class='ocrx_word' id='word_1_120' title='bbox 1501 1541 1969 1598; x_wconf 85' lang='lat' dir='ltr'><strong>emendatiorem&#39;</strong></span> <span class='ocrx_word' id='word_1_121' title='bbox 2005 1550 2063 1597; x_wconf 92' lang='lat' dir='ltr'><strong>ut</strong></span> 
     </span>
     <span class='ocr_line' id='line_1_17' title="bbox 248 1624 2062 1697; baseline -0.001 -17"><span class='ocrx_word' id='word_1_122' title='bbox 248 1625 374 1696; x_wconf 87' lang='lat' dir='ltr'><strong>ipse</strong></span> <span class='ocrx_word' id='word_1_123' title='bbox 401 1625 509 1694; x_wconf 85' lang='lat' dir='ltr'><strong>ait,</strong></span> <span class='ocrx_word' id='word_1_124' title='bbox 539 1632 600 1680; x_wconf 92' lang='lat' dir='ltr'><strong>ut</strong></span> <span class='ocrx_word' id='word_1_125' title='bbox 631 1624 763 1680; x_wconf 89' lang='lat' dir='ltr'><strong>mibi</strong></span> <span class='ocrx_word' id='word_1_126' title='bbox 794 1625 1016 1681; x_wconf 86' lang='lat' dir='ltr'><strong>videtur</strong></span> <span class='ocrx_word' id='word_1_127' title='bbox 1047 1624 1452 1697; x_wconf 80' lang='lat' dir='ltr'><strong>corruptiorem</strong></span> <span class='ocrx_word' id='word_1_128' title='bbox 1481 1625 1842 1697; x_wconf 82' lang='lat' dir='ltr'><strong>scriptionem</strong></span> <span class='ocrx_word' id='word_1_129' title='bbox 1870 1625 2029 1694; x_wconf 74' lang='lat' dir='ltr'><strong>reddi</strong></span> <span class='ocrx_word' id='word_1_130' title='bbox 2050 1661 2062 1670; x_wconf 85' lang='lat'><strong>·</strong></span> 
     </span>
     <span class='ocr_line' id='line_1_18' title="bbox 248 1707 2061 1781; baseline 0 -18"><span class='ocrx_word' id='word_1_131' title='bbox 248 1709 332 1764; x_wconf 88' lang='lat' dir='ltr'><strong>dit</strong></span> <span class='ocrx_word' id='word_1_132' title='bbox 386 1707 477 1763; x_wconf 89' lang='lat' dir='ltr'><strong>sui</strong></span> <span class='ocrx_word' id='word_1_133' title='bbox 527 1708 741 1780; x_wconf 87' lang='lat' dir='ltr'><strong>ingenii</strong></span> <span class='ocrx_word' id='word_1_134' title='bbox 783 1708 1024 1780; x_wconf 80' lang='lat' dir='ltr'><strong>placitis.</strong></span> <span class='ocrx_word' id='word_1_135' title='bbox 1106 1707 1180 1763; x_wconf 80' lang='lat' dir='ltr'><strong>At</strong></span> <span class='ocrx_word' id='word_1_136' title='bbox 1218 1709 1464 1764; x_wconf 86' lang='lat' dir='ltr'><strong>Muretus</strong></span> <span class='ocrx_word' id='word_1_137' title='bbox 1498 1715 1580 1764; x_wconf 88' lang='lat' dir='ltr'><strong>tot</strong></span> <span class='ocrx_word' id='word_1_138' title='bbox 1614 1708 1887 1765; x_wconf 85' lang='lat' dir='ltr'><strong>lectiones</strong></span> <span class='ocrx_word' id='word_1_139' title='bbox 1925 1724 2061 1781; x_wconf 91' lang='lat' dir='ltr'><strong>pro-</strong></span> 
     </span>
     <span class='ocr_line' id='line_1_19' title="bbox 249 1790 2061 1865; baseline 0.001 -19"><span class='ocrx_word' id='word_1_140' title='bbox 249 1791 409 1865; x_wconf 89' lang='lat' dir='ltr'><strong>prias</strong></span> <span class='ocrx_word' id='word_1_141' title='bbox 437 1790 765 1864; x_wconf 88' lang='lat' dir='ltr'><strong>Nannioque</strong></span> <span class='ocrx_word' id='word_1_142' title='bbox 806 1792 1094 1863; x_wconf 86' lang='lat' dir='ltr'><strong>ignoratas</strong></span> <span class='ocrx_word' id='word_1_143' title='bbox 1124 1792 1294 1847; x_wconf 87' lang='lat' dir='ltr'><strong>babet</strong></span> <span class='ocrx_word' id='word_1_144' title='bbox 1326 1807 1533 1864; x_wconf 83' lang='lat' dir='ltr'><strong>easque</strong></span> <span class='ocrx_word' id='word_1_145' title='bbox 1566 1799 1673 1848; x_wconf 83' lang='lat' dir='ltr'><strong>tam</strong></span> <span class='ocrx_word' id='word_1_146' title='bbox 1706 1792 1930 1848; x_wconf 86' lang='lat' dir='ltr'><strong>diversa</strong></span> <span class='ocrx_word' id='word_1_147' title='bbox 1961 1811 2061 1849; x_wconf 88' lang='lat' dir='ltr'><strong>na-</strong></span> 
     </span>
     <span class='ocr_line' id='line_1_20' title="bbox 248 1874 2060 1947; baseline 0.001 -18"><span class='ocrx_word' id='word_1_148' title='bbox 248 1883 398 1945; x_wconf 87' lang='lat' dir='ltr'><strong>tura,</strong></span> <span class='ocrx_word' id='word_1_149' title='bbox 428 1882 489 1931; x_wconf 87' lang='lat' dir='ltr'><strong>ut</strong></span> <span class='ocrx_word' id='word_1_150' title='bbox 520 1877 663 1931; x_wconf 85' lang='lat' dir='ltr'><strong>alter</strong></span> <span class='ocrx_word' id='word_1_151' title='bbox 685 1874 906 1946; x_wconf 86' lang='lat' dir='ltr'><strong>quidam</strong></span> <span class='ocrx_word' id='word_1_152' title='bbox 927 1877 1109 1931; x_wconf 84' lang='lat' dir='ltr'><strong>codex</strong></span> <span class='ocrx_word' id='word_1_153' title='bbox 1139 1875 1438 1932; x_wconf 84' lang='lat' dir='ltr'><strong>Morillono</strong></span> <span class='ocrx_word' id='word_1_154' title='bbox 1471 1875 1563 1947; x_wconf 91' lang='lat' dir='ltr'><strong>qui</strong></span> <span class='ocrx_word' id='word_1_155' title='bbox 1598 1876 1717 1932; x_wconf 90' lang='lat' dir='ltr'><strong>eius</strong></span> <span class='ocrx_word' id='word_1_156' title='bbox 1750 1884 2060 1941; x_wconf 87' lang='lat' dir='ltr'><strong>auctorest</strong></span> 
     </span>
     <span class='ocr_line' id='line_1_21' title="bbox 248 1958 2057 2031; baseline 0.002 -18"><span class='ocrx_word' id='word_1_157' title='bbox 248 1965 486 2031; x_wconf 89' lang='lat' dir='ltr'><strong>praesto</strong></span> <span class='ocrx_word' id='word_1_158' title='bbox 533 1958 710 2016; x_wconf 79' lang='lat' dir='ltr'><strong>fuisse</strong></span> <span class='ocrx_word' id='word_1_159' title='bbox 755 1960 995 2030; x_wconf 87' lang='lat' dir='ltr'><strong>debeat,</strong></span> <span class='ocrx_word' id='word_1_160' title='bbox 1039 1959 1196 2016; x_wconf 92' lang='lat' dir='ltr'><strong>cuius</strong></span> <span class='ocrx_word' id='word_1_161' title='bbox 1229 1959 1329 2015; x_wconf 90' lang='lat' dir='ltr'><strong>ille</strong></span> <span class='ocrx_word' id='word_1_162' title='bbox 1360 1961 1662 2016; x_wconf 85' lang='lat' dir='ltr'><strong>collatione</strong></span> <span class='ocrx_word' id='word_1_163' title='bbox 1715 1961 2057 2017; x_wconf 82' lang='lat' dir='ltr'><strong>emendatum</strong></span> 
     </span>
     <span class='ocr_line' id='line_1_22' title="bbox 248 2039 2052 2116; baseline 0.001 -18"><span class='ocrx_word' id='word_1_164' title='bbox 248 2042 593 2100; x_wconf 83' lang='lat' dir='ltr'><strong>Nannianum</strong></span> <span class='ocrx_word' id='word_1_165' title='bbox 651 2045 960 2116; x_wconf 86' lang='lat' dir='ltr'><strong>exemplum</strong></span> <span class='ocrx_word' id='word_1_166' title='bbox 1020 2060 1051 2099; x_wconf 86' lang='lat' dir='ltr'><strong>e</strong></span> <span class='ocrx_word' id='word_1_167' title='bbox 1106 2043 1361 2099; x_wconf 89' lang='lat' dir='ltr'><strong>Flandria</strong></span> <span class='ocrx_word' id='word_1_168' title='bbox 1413 2042 1685 2100; x_wconf 85' lang='lat' dir='ltr'><strong>Venetias</strong></span> <span class='ocrx_word' id='word_1_169' title='bbox 1739 2039 2052 2114; x_wconf 67' lang='lat' dir='ltr'><strong>miserit&#39;ffl).</strong></span> 
     </span>
    </p>
   </div>
   <div class='ocr_carea' id='block_1_5' title="bbox 244 2154 659 2163">
    <p class='ocr_par' dir='ltr' id='par_1_5' title="bbox 244 2154 659 2163">
     <span class='ocr_line' id='line_1_23' title="bbox 244 2154 659 2163; baseline 0 1797"><span class='ocrx_word' id='word_1_170' title='bbox 244 2154 659 2163; x_wconf 95' lang='lat' dir='ltr'><strong> </strong></span> 
     </span>
    </p>
   </div>
   <div class='ocr_carea' id='block_1_6' title="bbox 246 2223 2062 3527">
    <p class='ocr_par' dir='ltr' id='par_1_6' title="bbox 248 2223 2058 2634">
     <span class='ocr_line' id='line_1_24' title="bbox 388 2223 2056 2287; baseline 0.001 -10"><span class='ocrx_word' id='word_1_171' title='bbox 388 2223 486 2287; x_wconf 86' lang='lat'><strong>68)</strong></span> <span class='ocrx_word' id='word_1_172' title='bbox 535 2226 632 2275; x_wconf 90' lang='lat' dir='ltr'><strong>Diu</strong></span> <span class='ocrx_word' id='word_1_173' title='bbox 677 2234 793 2276; x_wconf 89' lang='lat' dir='ltr'><strong>aute</strong></span> <span class='ocrx_word' id='word_1_174' title='bbox 831 2226 1086 2276; x_wconf 76' lang='lat' dir='ltr'><strong>Nunnium</strong></span> <span class='ocrx_word' id='word_1_175' title='bbox 1125 2226 1305 2276; x_wconf 89' lang='lat' dir='ltr'><strong>Petrus</strong></span> <span class='ocrx_word' id='word_1_176' title='bbox 1343 2226 1563 2276; x_wconf 81' lang='lat' dir='ltr'><strong>Crinitus</strong></span> <span class='ocrx_word' id='word_1_177' title='bbox 1606 2242 1717 2276; x_wconf 87' lang='lat' dir='ltr'><strong>eam</strong></span> <span class='ocrx_word' id='word_1_178' title='bbox 1758 2229 1913 2278; x_wconf 87' lang='lat' dir='ltr'><strong>vitam</strong></span> <span class='ocrx_word' id='word_1_179' title='bbox 1960 2230 2056 2280; x_wconf 88' lang='lat' dir='ltr'><strong>sibi</strong></span> 
     </span>
     <span class='ocr_line' id='line_1_25' title="bbox 249 2293 2055 2361; baseline 0.001 -16"><span class='ocrx_word' id='word_1_180' title='bbox 249 2303 427 2345; x_wconf 87' lang='lat' dir='ltr'><strong>uotam</strong></span> <span class='ocrx_word' id='word_1_181' title='bbox 457 2294 620 2345; x_wconf 79' lang='lat' dir='ltr'><strong>fuisse</strong></span> <span class='ocrx_word' id='word_1_182' title='bbox 654 2294 978 2361; x_wconf 81' lang='lat' dir='ltr'><strong>significavit,</strong></span> <span class='ocrx_word' id='word_1_183' title='bbox 1006 2294 1069 2344; x_wconf 93' lang='lat' dir='ltr'><strong>de</strong></span> <span class='ocrx_word' id='word_1_184' title='bbox 1106 2295 1271 2359; x_wconf 84' lang='lat' dir='ltr'><strong>poetis</strong></span> <span class='ocrx_word' id='word_1_185' title='bbox 1305 2294 1414 2344; x_wconf 87' lang='lat' dir='ltr'><strong>Lat.</strong></span> <span class='ocrx_word' id='word_1_186' title='bbox 1448 2293 1498 2355; x_wconf 85' lang='lat'><strong>3,</strong></span> <span class='ocrx_word' id='word_1_187' title='bbox 1525 2294 1611 2346; x_wconf 83' lang='lat'><strong>38.</strong></span> <span class='ocrx_word' id='word_1_188' title='bbox 1683 2296 1924 2347; x_wconf 87' lang='lat' dir='ltr'><strong>Memoria</strong></span> <span class='ocrx_word' id='word_1_189' title='bbox 1956 2310 2055 2347; x_wconf 91' lang='lat' dir='ltr'><strong>non</strong></span> 
     </span>
     <span class='ocr_line' id='line_1_26' title="bbox 250 2362 2058 2430; baseline 0.001 -17"><span class='ocrx_word' id='word_1_190' title='bbox 250 2364 526 2429; x_wconf 75' lang='lat' dir='ltr'><strong>indignum</strong></span> <span class='ocrx_word' id='word_1_191' title='bbox 561 2371 665 2422; x_wconf 88' lang='lat' dir='ltr'><strong>est,</strong></span> <span class='ocrx_word' id='word_1_192' title='bbox 708 2378 837 2427; x_wconf 88' lang='lat' dir='ltr'><strong>quae</strong></span> <span class='ocrx_word' id='word_1_193' title='bbox 884 2379 916 2413; x_wconf 87' lang='lat' dir='ltr'><strong>a</strong></span> <span class='ocrx_word' id='word_1_194' title='bbox 956 2363 1194 2413; x_wconf 87' lang='lat' dir='ltr'><strong>Suetonio</strong></span> <span class='ocrx_word' id='word_1_195' title='bbox 1229 2362 1518 2413; x_wconf 83' lang='lat' dir='ltr'><strong>referuntur</strong></span> <span class='ocrx_word' id='word_1_196' title='bbox 1553 2364 1774 2430; x_wconf 84' lang='lat' dir='ltr'><strong>Augusti</strong></span> <span class='ocrx_word' id='word_1_197' title='bbox 1810 2365 1876 2414; x_wconf 88' lang='lat' dir='ltr'><strong>ad</strong></span> <span class='ocrx_word' id='word_1_198' title='bbox 1915 2367 2058 2416; x_wconf 87' lang='lat' dir='ltr'><strong>Flac-</strong></span> 
     </span>
     <span class='ocr_line' id='line_1_27' title="bbox 249 2430 2055 2498; baseline 0.001 -17"><span class='ocrx_word' id='word_1_199' title='bbox 249 2448 366 2481; x_wconf 87' lang='lat' dir='ltr'><strong>cum</strong></span> <span class='ocrx_word' id='word_1_200' title='bbox 417 2431 663 2497; x_wconf 84' lang='lat' dir='ltr'><strong>epistolae</strong></span> <span class='ocrx_word' id='word_1_201' title='bbox 706 2430 980 2482; x_wconf 81' lang='lat' dir='ltr'><strong>‘confictas</strong></span> <span class='ocrx_word' id='word_1_202' title='bbox 1025 2432 1099 2481; x_wconf 89' lang='lat' dir='ltr'><strong>illi</strong></span> <span class='ocrx_word' id='word_1_203' title='bbox 1139 2431 1278 2481; x_wconf 87' lang='lat' dir='ltr'><strong>visas</strong></span> <span class='ocrx_word' id='word_1_204' title='bbox 1317 2447 1429 2482; x_wconf 88' lang='lat' dir='ltr'><strong>esse</strong></span> <span class='ocrx_word' id='word_1_205' title='bbox 1479 2446 1643 2495; x_wconf 89' lang='lat' dir='ltr'><strong>neque</strong></span> <span class='ocrx_word' id='word_1_206' title='bbox 1685 2433 1871 2498; x_wconf 84' lang='lat' dir='ltr'><strong>dignas</strong></span> <span class='ocrx_word' id='word_1_207' title='bbox 1916 2441 2055 2484; x_wconf 88' lang='lat' dir='ltr'><strong>tanto</strong></span> 
     </span>
     <span class='ocr_line' id='line_1_28' title="bbox 248 2500 2057 2567; baseline -0.001 -16"><span class='ocrx_word' id='word_1_208' title='bbox 248 2500 481 2567; x_wconf 83' lang='lat' dir='ltr'><strong>principe</strong></span> <span class='ocrx_word' id='word_1_209' title='bbox 529 2500 740 2566; x_wconf 90' lang='lat' dir='ltr'><strong>eiusque</strong></span> <span class='ocrx_word' id='word_1_210' title='bbox 780 2516 979 2550; x_wconf 87' lang='lat' dir='ltr'><strong>summa</strong></span> <span class='ocrx_word' id='word_1_211' title='bbox 1014 2500 1342 2553; x_wconf 85' lang='lat' dir='ltr'><strong>eruditione&#39;.</strong></span> <span class='ocrx_word' id='word_1_212' title='bbox 1416 2500 1591 2550; x_wconf 89' lang='lat' dir='ltr'><strong>Criniti</strong></span> <span class='ocrx_word' id='word_1_213' title='bbox 1634 2501 1816 2551; x_wconf 90' lang='lat' dir='ltr'><strong>librum</strong></span> <span class='ocrx_word' id='word_1_214' title='bbox 1868 2503 2057 2552; x_wconf 88' lang='lat' dir='ltr'><strong>editum</strong></span> 
     </span>
     <span class='ocr_line' id='line_1_29' title="bbox 249 2568 2052 2634; baseline 0 -15"><span class='ocrx_word' id='word_1_215' title='bbox 249 2570 357 2620; x_wconf 86' lang='lat' dir='ltr'><strong>vidi</strong></span> <span class='ocrx_word' id='word_1_216' title='bbox 395 2584 443 2618; x_wconf 88' lang='lat' dir='ltr'><strong>a.</strong></span> <span class='ocrx_word' id='word_1_217' title='bbox 487 2568 650 2629; x_wconf 83' lang='grc'><strong>1508,</strong></span> <span class='ocrx_word' id='word_1_218' title='bbox 688 2569 780 2620; x_wconf 87' lang='lat' dir='ltr'><strong>sed</strong></span> <span class='ocrx_word' id='word_1_219' title='bbox 812 2570 1064 2634; x_wconf 85' lang='lat' dir='ltr'><strong>antiquior</strong></span> <span class='ocrx_word' id='word_1_220' title='bbox 1094 2569 1247 2618; x_wconf 86' lang='lat' dir='ltr'><strong>editio</strong></span> <span class='ocrx_word' id='word_1_221' title='bbox 1275 2575 1477 2618; x_wconf 84' lang='lat' dir='ltr'><strong>exstare</strong></span> <span class='ocrx_word' id='word_1_222' title='bbox 1506 2568 1689 2617; x_wconf 84' lang='lat' dir='ltr'><strong>dicitnr</strong></span> <span class='ocrx_word' id='word_1_223' title='bbox 1718 2570 1782 2617; x_wconf 88' lang='lat' dir='ltr'><strong>de</strong></span> <span class='ocrx_word' id='word_1_224' title='bbox 1809 2583 1857 2618; x_wconf 87' lang='lat' dir='ltr'><strong>a.</strong></span> <span class='ocrx_word' id='word_1_225' title='bbox 1899 2570 2052 2619; x_wconf 85' lang='lat'><strong>1500.</strong></span> 
     </span>
    </p>

    <p class='ocr_par' dir='ltr' id='par_1_7' title="bbox 246 2636 2059 3322">
     <span class='ocr_line' id='line_1_30' title="bbox 391 2636 2057 2703; baseline -0.001 -15"><span class='ocrx_word' id='word_1_226' title='bbox 391 2636 486 2702; x_wconf 84' lang='lat'><strong>69)</strong></span> <span class='ocrx_word' id='word_1_227' title='bbox 528 2637 839 2688; x_wconf 83' lang='lat' dir='ltr'><strong>Vocabulum</strong></span> <span class='ocrx_word' id='word_1_228' title='bbox 873 2639 1107 2702; x_wconf 83' lang='lat' dir='ltr'><strong>quosdam</strong></span> <span class='ocrx_word' id='word_1_229' title='bbox 1139 2653 1191 2703; x_wconf 90' lang='lat' dir='ltr'><strong>p.</strong></span> <span class='ocrx_word' id='word_1_230' title='bbox 1227 2636 1356 2696; x_wconf 85' lang='lat'><strong>298,</strong></span> <span class='ocrx_word' id='word_1_231' title='bbox 1403 2637 1435 2684; x_wconf 86' lang='grc'><strong>2</strong></span> <span class='ocrx_word' id='word_1_232' title='bbox 1469 2642 1518 2685; x_wconf 87' lang='lat' dir='ltr'><strong>et</strong></span> <span class='ocrx_word' id='word_1_233' title='bbox 1553 2636 1606 2684; x_wconf 88' lang='lat' dir='ltr'><strong>in</strong></span> <span class='ocrx_word' id='word_1_234' title='bbox 1647 2637 1846 2702; x_wconf 86' lang='lat' dir='ltr'><strong>scriptis</strong></span> <span class='ocrx_word' id='word_1_235' title='bbox 1892 2645 2057 2687; x_wconf 83' lang='lat' dir='ltr'><strong>exstat</strong></span> 
     </span>
     <span class='ocr_line' id='line_1_31' title="bbox 251 2704 2058 2770; baseline -0.002 -12"><span class='ocrx_word' id='word_1_236' title='bbox 251 2720 420 2770; x_wconf 87' lang='lat' dir='ltr'><strong>neque</strong></span> <span class='ocrx_word' id='word_1_237' title='bbox 450 2721 483 2755; x_wconf 87' lang='lat' dir='ltr'><strong>a</strong></span> <span class='ocrx_word' id='word_1_238' title='bbox 530 2720 785 2770; x_wconf 87' lang='lat' dir='ltr'><strong>quoquam</strong></span> <span class='ocrx_word' id='word_1_239' title='bbox 820 2715 937 2757; x_wconf 85' lang='lat' dir='ltr'><strong>ante</strong></span> <span class='ocrx_word' id='word_1_240' title='bbox 968 2706 1241 2769; x_wconf 88' lang='lat' dir='ltr'><strong>Cruquium</strong></span> <span class='ocrx_word' id='word_1_241' title='bbox 1280 2705 1415 2770; x_wconf 75' lang='lat' dir='ltr'><strong>typis</strong></span> <span class='ocrx_word' id='word_1_242' title='bbox 1447 2705 1752 2769; x_wconf 88' lang='lat' dir='ltr'><strong>impressum</strong></span> <span class='ocrx_word' id='word_1_243' title='bbox 1785 2710 1881 2756; x_wconf 88' lang='lat' dir='ltr'><strong>est.</strong></span> <span class='ocrx_word' id='word_1_244' title='bbox 1957 2704 2058 2755; x_wconf 88' lang='lat' dir='ltr'><strong>Sed</strong></span> 
     </span>
     <span class='ocr_line' id='line_1_32' title="bbox 249 2772 2058 2842; baseline -0.002 -16"><span class='ocrx_word' id='word_1_245' title='bbox 249 2792 302 2842; x_wconf 88' lang='lat' dir='ltr'><strong>p.</strong></span> <span class='ocrx_word' id='word_1_246' title='bbox 337 2773 461 2836; x_wconf 87' lang='grc'><strong>297,</strong></span> <span class='ocrx_word' id='word_1_247' title='bbox 489 2773 524 2825; x_wconf 87' lang='grc'><strong>3</strong></span> <span class='ocrx_word' id='word_1_248' title='bbox 558 2774 785 2835; x_wconf 75' lang='lat' dir='ltr'><strong>Quintus,</strong></span> <span class='ocrx_word' id='word_1_249' title='bbox 816 2778 853 2826; x_wconf 85' lang='lat'>4</span> <span class='ocrx_word' id='word_1_250' title='bbox 880 2775 1089 2840; x_wconf 76' lang='lat' dir='ltr'><strong>quidem,</strong></span> <span class='ocrx_word' id='word_1_251' title='bbox 1128 2772 1196 2825; x_wconf 90' lang='grc'><strong>10</strong></span> <span class='ocrx_word' id='word_1_252' title='bbox 1229 2776 1282 2823; x_wconf 83' lang='lat' dir='ltr'><strong>in</strong></span> <span class='ocrx_word' id='word_1_253' title='bbox 1306 2776 1540 2838; x_wconf 69' lang='lat' dir='ltr'><strong>qratiam,</strong></span> <span class='ocrx_word' id='word_1_254' title='bbox 1574 2774 1640 2825; x_wconf 85' lang='lat'><strong>12</strong></span> <span class='ocrx_word' id='word_1_255' title='bbox 1674 2774 2058 2835; x_wconf 76' lang='lat' dir='ltr'><strong>demonstratur,</strong></span> 
     </span>
     <span class='ocr_line' id='line_1_33' title="bbox 252 2842 2057 2910; baseline 0 -16"><span class='ocrx_word' id='word_1_256' title='bbox 252 2847 319 2895; x_wconf 79' lang='lat'><strong>15</strong></span> <span class='ocrx_word' id='word_1_257' title='bbox 354 2844 506 2893; x_wconf 66' lang='lat' dir='ltr'><em>&#39;cinno</em></span> <span class='ocrx_word' id='word_1_258' title='bbox 542 2859 635 2900; x_wconf 82' lang='lat' dir='ltr'><strong>me,</strong></span> <span class='ocrx_word' id='word_1_259' title='bbox 674 2844 740 2894; x_wconf 81' lang='lat'><strong>18</strong></span> <span class='ocrx_word' id='word_1_260' title='bbox 769 2852 828 2893; x_wconf 84' lang='lat' dir='ltr'><strong>ut</strong></span> <span class='ocrx_word' id='word_1_261' title='bbox 859 2844 969 2909; x_wconf 74' lang='lat' dir='ltr'><strong>hoe,</strong></span> <span class='ocrx_word' id='word_1_262' title='bbox 999 2844 1069 2892; x_wconf 93' lang='grc'><strong>24</strong></span> <span class='ocrx_word' id='word_1_263' title='bbox 1097 2858 1386 2907; x_wconf 64' lang='lat' dir='ltr'><strong>suggerere,</strong></span> <span class='ocrx_word' id='word_1_264' title='bbox 1421 2842 1487 2894; x_wconf 83' lang='lat'><strong>33</strong></span> <span class='ocrx_word' id='word_1_265' title='bbox 1514 2845 1830 2903; x_wconf 61' lang='lat' dir='ltr'><strong>purissimum,</strong></span> <span class='ocrx_word' id='word_1_266' title='bbox 1854 2861 1908 2910; x_wconf 83' lang='lat' dir='ltr'><strong>p.</strong></span> <span class='ocrx_word' id='word_1_267' title='bbox 1936 2842 2057 2904; x_wconf 84' lang='lat'><strong>298,</strong></span> 
     </span>
     <span class='ocr_line' id='line_1_34' title="bbox 254 2910 2059 2977; baseline -0.002 -13"><span class='ocrx_word' id='word_1_268' title='bbox 254 2914 319 2964; x_wconf 81' lang='lat'><strong>15</strong></span> <span class='ocrx_word' id='word_1_269' title='bbox 349 2927 415 2960; x_wconf 85' lang='lat' dir='ltr'><strong>ne</strong></span> <span class='ocrx_word' id='word_1_270' title='bbox 449 2927 676 2961; x_wconf 66' lang='lat' dir='ltr'><strong>aceresem</strong></span> <span class='ocrx_word' id='word_1_271' title='bbox 704 2910 993 2963; x_wconf 77' lang='lat' dir='ltr'><strong>brevitatem</strong></span> <span class='ocrx_word' id='word_1_272' title='bbox 1029 2911 1274 2962; x_wconf 89' lang='lat' dir='ltr'><strong>Lambino</strong></span> <span class='ocrx_word' id='word_1_273' title='bbox 1307 2912 1603 2971; x_wconf 81' lang='lat' dir='ltr'><strong>obsecutus,</strong></span> <span class='ocrx_word' id='word_1_274' title='bbox 1640 2927 1693 2977; x_wconf 88' lang='lat' dir='ltr'><strong>p.</strong></span> <span class='ocrx_word' id='word_1_275' title='bbox 1734 2912 1865 2975; x_wconf 90' lang='grc'><strong>297,</strong></span> <span class='ocrx_word' id='word_1_276' title='bbox 1902 2916 1933 2963; x_wconf 87' lang='grc'>5</span> <span class='ocrx_word' id='word_1_277' title='bbox 1965 2928 2059 2961; x_wconf 75' lang='lat' dir='ltr'><strong>ea:-</strong></span> 
     </span>
     <span class='ocr_line' id='line_1_35' title="bbox 246 2979 2059 3045; baseline -0.001 -14"><span class='ocrx_word' id='word_1_278' title='bbox 246 2981 553 3045; x_wconf 76' lang='lat' dir='ltr'><strong>probrasset</strong></span> <span class='ocrx_word' id='word_1_279' title='bbox 580 2982 633 3029; x_wconf 75' lang='lat' dir='ltr'><strong>in</strong></span> <span class='ocrx_word' id='word_1_280' title='bbox 671 2982 1031 3040; x_wconf 79' lang='lat' dir='ltr'><strong>altercatione,</strong></span> <span class='ocrx_word' id='word_1_281' title='bbox 1089 2979 1152 3029; x_wconf 86' lang='lat'><strong>16</strong></span> <span class='ocrx_word' id='word_1_282' title='bbox 1181 2983 1419 3030; x_wconf 71' lang='lat' dir='ltr'><strong>extremis</strong></span> <span class='ocrx_word' id='word_1_283' title='bbox 1449 2979 1695 3043; x_wconf 77' lang='lat' dir='ltr'><strong>Esquiliis</strong></span> <span class='ocrx_word' id='word_1_284' title='bbox 1712 3016 1729 3041; x_wconf 91' lang='lat'><strong>,</strong></span> <span class='ocrx_word' id='word_1_285' title='bbox 1766 2981 1834 3032; x_wconf 84' lang='lat'><strong>29</strong></span> <span class='ocrx_word' id='word_1_286' title='bbox 1885 2981 2059 3040; x_wconf 76' lang='lat' dir='ltr'><strong>habeo,</strong></span> 
     </span>
     <span class='ocr_line' id='line_1_36' title="bbox 251 3048 2057 3132; baseline 0.001 -34"><span class='ocrx_word' id='word_1_287' title='bbox 251 3066 304 3116; x_wconf 84' lang='lat' dir='ltr'><strong>p.</strong></span> <span class='ocrx_word' id='word_1_288' title='bbox 339 3048 472 3106; x_wconf 87' lang='grc'><strong>298,</strong></span> <span class='ocrx_word' id='word_1_289' title='bbox 527 3051 596 3101; x_wconf 80' lang='grc'><strong>27</strong></span> <span class='ocrx_word' id='word_1_290' title='bbox 640 3052 861 3132; x_wconf 48' lang='lat' dir='ltr'><strong>epistola·</strong></span> <span class='ocrx_word' id='word_1_291' title='bbox 893 3050 1111 3103; x_wconf 76' lang='lat' dir='ltr'><strong>obscura</strong></span> <span class='ocrx_word' id='word_1_292' title='bbox 1156 3063 1249 3098; x_wconf 85' lang='lat' dir='ltr'><strong>suo</strong></span> <span class='ocrx_word' id='word_1_293' title='bbox 1297 3048 1448 3115; x_wconf 81' lang='lat' dir='ltr'><strong>genio</strong></span> <span class='ocrx_word' id='word_1_294' title='bbox 1493 3048 1797 3115; x_wconf 81' lang='lat' dir='ltr'><strong>indulgens,</strong></span> <span class='ocrx_word' id='word_1_295' title='bbox 1844 3057 2057 3113; x_wconf 88' lang='lat' dir='ltr'><strong>utraque</strong></span> 
     </span>
     <span class='ocr_line' id='line_1_37' title="bbox 251 3117 2057 3183; baseline 0.001 -15"><span class='ocrx_word' id='word_1_296' title='bbox 251 3119 364 3168; x_wconf 85' lang='lat' dir='ltr'><strong>sine</strong></span> <span class='ocrx_word' id='word_1_297' title='bbox 400 3117 643 3167; x_wconf 84' lang='lat' dir='ltr'><strong>librorum</strong></span> <span class='ocrx_word' id='word_1_298' title='bbox 673 3119 970 3170; x_wconf 82' lang='lat' dir='ltr'><strong>auctoritate</strong></span> <span class='ocrx_word' id='word_1_299' title='bbox 1001 3117 1219 3183; x_wconf 85' lang='lat' dir='ltr'><strong>scripsit.</strong></span> <span class='ocrx_word' id='word_1_300' title='bbox 1292 3118 1557 3167; x_wconf 80' lang='lat' dir='ltr'><strong>Praeterea</strong></span> <span class='ocrx_word' id='word_1_301' title='bbox 1595 3132 1646 3182; x_wconf 89' lang='lat' dir='ltr'><strong>p.</strong></span> <span class='ocrx_word' id='word_1_302' title='bbox 1692 3118 1820 3178; x_wconf 90' lang='grc'><strong>297,</strong></span> <span class='ocrx_word' id='word_1_303' title='bbox 1867 3117 1935 3169; x_wconf 84' lang='grc'><strong>36</strong></span> <span class='ocrx_word' id='word_1_304' title='bbox 1968 3121 2057 3168; x_wconf 88' lang='lat' dir='ltr'><strong>de-</strong></span> 
     </span>
     <span class='ocr_line' id='line_1_38' title="bbox 250 3185 2056 3258; baseline 0.002 -23"><span class='ocrx_word' id='word_1_305' title='bbox 250 3186 587 3253; x_wconf 84' lang='lat' dir='ltr'><strong>prehendisse</strong></span> <span class='ocrx_word' id='word_1_306' title='bbox 618 3202 673 3238; x_wconf 89' lang='lat' dir='ltr'><strong>se</strong></span> <span class='ocrx_word' id='word_1_307' title='bbox 714 3188 795 3237; x_wconf 81' lang='lat' dir='ltr'><strong>‘in</strong></span> <span class='ocrx_word' id='word_1_308' title='bbox 835 3186 1116 3237; x_wconf 88' lang='lat' dir='ltr'><strong>Blandiniis</strong></span> <span class='ocrx_word' id='word_1_309' title='bbox 1151 3185 1538 3258; x_wconf 79' lang='lat' dir='ltr'><strong>manuscriptis&#39;</strong></span> <span class='ocrx_word' id='word_1_310' title='bbox 1577 3186 1809 3236; x_wconf 80' lang='lat' dir='ltr'><strong>lacunam</strong></span> <span class='ocrx_word' id='word_1_311' title='bbox 1844 3186 1943 3249; x_wconf 85' lang='lat' dir='ltr'><strong>ait,</strong></span> <span class='ocrx_word' id='word_1_312' title='bbox 1992 3189 2056 3238; x_wconf 90' lang='lat' dir='ltr'><strong>de</strong></span> 
     </span>
     <span class='ocr_line' id='line_1_39' title="bbox 250 3255 1352 3322; baseline 0.005 -18"><span class='ocrx_word' id='word_1_313' title='bbox 250 3269 351 3319; x_wconf 87' lang='lat' dir='ltr'><strong>qna</strong></span> <span class='ocrx_word' id='word_1_314' title='bbox 390 3255 643 3320; x_wconf 85' lang='lat' dir='ltr'><strong>explenda</strong></span> <span class='ocrx_word' id='word_1_315' title='bbox 666 3257 975 3322; x_wconf 84' lang='lat' dir='ltr'><strong>desperaret.</strong></span> <span class='ocrx_word' id='word_1_316' title='bbox 1327 3283 1352 3310; x_wconf 79' lang='grc' dir='ltr'><strong><em>ο</em></strong></span> 
     </span>
    </p>

    <p class='ocr_par' dir='ltr' id='par_1_8' title="bbox 250 3322 2062 3527">
     <span class='ocr_line' id='line_1_40' title="bbox 395 3322 2050 3391; baseline 0.001 -17"><span class='ocrx_word' id='word_1_317' title='bbox 395 3323 487 3387; x_wconf 90' lang='grc'><strong>70)</strong></span> <span class='ocrx_word' id='word_1_318' title='bbox 524 3325 632 3374; x_wconf 86' lang='lat' dir='ltr'><strong>Hoc</strong></span> <span class='ocrx_word' id='word_1_319' title='bbox 671 3324 859 3388; x_wconf 84' lang='lat' dir='ltr'><strong>aliquot</strong></span> <span class='ocrx_word' id='word_1_320' title='bbox 893 3323 1140 3389; x_wconf 88' lang='lat' dir='ltr'><strong>exemplis</strong></span> <span class='ocrx_word' id='word_1_321' title='bbox 1176 3322 1622 3373; x_wconf 87' lang='lat' dir='ltr'><strong>demonstrandum</strong></span> <span class='ocrx_word' id='word_1_322' title='bbox 1658 3339 1771 3373; x_wconf 87' lang='lat' dir='ltr'><strong>esse</strong></span> <span class='ocrx_word' id='word_1_323' title='bbox 1804 3325 2050 3391; x_wconf 79' lang='lat' dir='ltr'><strong>intelligo.</strong></span> 
     </span>
     <span class='ocr_line' id='line_1_41' title="bbox 250 3391 2062 3458; baseline -0.001 -16"><span class='ocrx_word' id='word_1_324' title='bbox 250 3393 409 3442; x_wconf 85' lang='lat' dir='ltr'><strong>Multa</strong></span> <span class='ocrx_word' id='word_1_325' title='bbox 442 3393 648 3457; x_wconf 84' lang='lat' dir='ltr'><strong>quidem</strong></span> <span class='ocrx_word' id='word_1_326' title='bbox 677 3393 739 3442; x_wconf 84' lang='lat' dir='ltr'><strong>ab</strong></span> <span class='ocrx_word' id='word_1_327' title='bbox 777 3394 975 3443; x_wconf 86' lang='lat' dir='ltr'><strong>Nannio</strong></span> <span class='ocrx_word' id='word_1_328' title='bbox 1010 3392 1165 3441; x_wconf 83' lang='lat' dir='ltr'><strong>nimia</strong></span> <span class='ocrx_word' id='word_1_329' title='bbox 1199 3391 1524 3442; x_wconf 81' lang='lat' dir='ltr'><strong>festinatione</strong></span> <span class='ocrx_word' id='word_1_330' title='bbox 1563 3401 1798 3458; x_wconf 83' lang='lat' dir='ltr'><strong>corrupta</strong></span> <span class='ocrx_word' id='word_1_331' title='bbox 1831 3394 2062 3442; x_wconf 78' lang='lat' dir='ltr'><strong>Morillo-&#39;</strong></span> 
     </span>
     <span class='ocr_line' id='line_1_42' title="bbox 252 3460 2053 3527; baseline -0.003 -17"><span class='ocrx_word' id='word_1_332' title='bbox 252 3476 349 3511; x_wconf 88' lang='lat' dir='ltr'><strong>nus</strong></span> <span class='ocrx_word' id='word_1_333' title='bbox 383 3478 448 3511; x_wconf 84' lang='lat' dir='ltr'><strong>ex</strong></span> <span class='ocrx_word' id='word_1_334' title='bbox 485 3461 665 3511; x_wconf 88' lang='lat' dir='ltr'><strong>eodem</strong></span> <span class='ocrx_word' id='word_1_335' title='bbox 700 3462 827 3511; x_wconf 90' lang='lat' dir='ltr'><strong>libro</strong></span> <span class='ocrx_word' id='word_1_336' title='bbox 858 3460 1152 3527; x_wconf 86' lang='lat' dir='ltr'><strong>diligentius</strong></span> <span class='ocrx_word' id='word_1_337' title='bbox 1184 3460 1412 3526; x_wconf 85' lang='lat' dir='ltr'><strong>inspecto</strong></span> <span class='ocrx_word' id='word_1_338' title='bbox 1448 3460 1731 3509; x_wconf 86' lang='lat' dir='ltr'><strong>correxisse</strong></span> <span class='ocrx_word' id='word_1_339' title='bbox 1761 3467 1957 3524; x_wconf 84' lang='lat' dir='ltr'><strong>potest,</strong></span> <span class='ocrx_word' id='word_1_340' title='bbox 1996 3468 2053 3506; x_wconf 81' lang='lat' dir='ltr'><strong>ut</strong></span> 
     </span>
    </p>
   </div>
   <div class='ocr_carea' id='block_1_7' title="bbox 334 3532 1626 3585">
    <p class='ocr_par' dir='ltr' id='par_1_9' title="bbox 334 3532 1626 3585">
     <span class='ocr_line' id='line_1_43' title="bbox 334 3532 1626 3585; baseline 0.009 -1"><span class='ocrx_word' id='word_1_341' title='bbox 334 3550 604 3585; x_wconf 63' lang='lat' dir='ltr'><strong>mom</strong></span> <span class='ocrx_word' id='word_1_342' title='bbox 1596 3532 1626 3574; x_wconf 59' lang='lat' dir='ltr'><strong>f</strong></span> 
     </span>
    </p>
   </div>
  </div>
 </body>
</html>
