2553 3960
300 215 453 306 μιᾳ]
503 236 563 283 c.
596 236 895 285 sum-om
925 236 1179 300 Tmo.
1212 236 1310 283 nn
1335 237 1502 283 vrrA
1530 235 1898 284 cansarum
1921 231 2058 282 Lm.
2090 235 2167 282 11.

333 408 465 450 num
495 390 683 451 lacum
706 394 881 469 mari,
925 393 1141 453 effecit.
1200 391 1266 451 In
1296 409 1410 471 quo
1449 408 1577 450 cum
1621 389 1813 451 hieme
1845 398 1966 450 tota
1995 390 2200 470 copias
2237 409 2340 451 ex·

336 476 656 552 creuisset,
722 476 1057 555 Pompeium
1102 478 1255 535 inter
1291 474 1480 551 Mylas
1520 483 1580 534 et
1617 473 1978 534 Naulochum
2014 476 2340 552 superavit,

333 558 439 617 sub
469 557 672 624 boram
709 568 1086 639 pugnaetam
1125 568 1251 619 arto
1284 567 1533 639 repente
1562 575 1765 618 somno
1797 556 2129 635 devinctus,
2173 567 2235 617 ut
2266 558 2339 620 ad

333 641 579 702 dandum
617 645 844 721 signum
874 642 946 704 ab
987 645 1188 705 amicis
1219 645 1593 703 excitaretur.
1663 642 1832 703 Unde
1863 640 2186 720 praebitam
2215 641 2335 702 An·

332 727 491 785 tonio
524 729 820 787 materiam
843 737 1036 807 putem
1066 726 1458 805 exprobrandi
1476 771 1494 802 ,
1531 744 1612 786 ne
1636 726 1827 786 rectis
1860 724 2104 805 quidem
2127 726 2331 787 oculis
2349 743 2375 781 ⁵

332 827 468 869 eum
498 812 786 889 aspicere
807 812 1094 890 potuisse
1118 811 1486 871 instructam
1514 809 1745 886 noim,
1787 827 2000 871 veo-mn
2023 811 2333 888 supinum,

331 894 571 955 caelum
598 895 923 956 intuentem
937 941 955 972 ,
983 895 1294 973 stupidum
1324 894 1641 971 cubuisse,
1672 912 1787 956 nec
1807 895 1992 972 prius
2016 895 2333 954 surrexis-

330 995 401 1038 se
426 994 508 1039 ac
531 978 828 1040 militibus
857 981 921 1040 in
949 984 1345 1058 conspectum
1377 979 1619 1040 venisse
1640 995 1825 1059 quam
1867 995 1909 1039 a
1935 976 2020 1038 M.
2047 975 2338 1058 Ayrippa

329 1060 590 1141 fuyatae
615 1064 740 1124 sint
766 1064 985 1130 ostium
1024 1080 1239 1124 naves.
1302 1062 1420 1124 Alii
1452 1063 1665 1123 dictum
1690 1062 2021 1142 factumque
2060 1064 2185 1122 eius
2222 1066 2334 1123 cri-

336 1147 648 1222 minantur,
689 1150 851 1226 quasi
895 1147 1178 1209 classibus
1219 1155 1566 1227 tempestate
1601 1146 1845 1227 perditis
1893 1147 2334 1225 exclamaverit,
2356 1158 2405 1200 1⁶

337 1229 523 1289 etiam
561 1229 755 1292 invito
793 1229 1076 1310 Neptuno
1114 1232 1443 1293 victoriam
1485 1249 1555 1291 se
1582 1230 1981 1310 adepturum,
2015 1249 2083 1291 ac
2103 1230 2197 1290 die
2224 1233 2336 1291 cir-

338 1315 592 1373 censium
624 1317 887 1393 proximo
920 1315 1186 1376 sollemni
1204 1333 1455 1396 pompae
1484 1315 1846 1375 simulacrum
1877 1316 1969 1376 dei
1995 1314 2336 1376 detraxerit.

335 1396 465 1457 Nec
506 1406 724 1458 temere
765 1398 932 1477 plura
956 1417 1044 1460 >ac
1085 1400 1304 1461 maiora
1346 1400 1610 1479 pericula
1661 1398 1780 1459 ullo
1817 1400 1931 1460 alio
1980 1398 2138 1459 bello
2179 1400 2336 1459 adiit.

340 1481 611 1542 Traiecto
640 1484 698 1550 in
727 1483 979 1543 Siciliam
1007 1485 1290 1563 exercitu,
1322 1502 1449 1543 cum
1475 1492 1698 1563 partem
1729 1483 2007 1563 reliquam
2039 1484 2337 1562 copiarum

332 1567 647 1626 continenti
673 1577 995 1647 repeteret,
1024 1564 1348 1648 ‘oppressus
1383 1587 1458 1628 ex
1484 1570 1784 1648 inproviso
1818 1587 1850 1628 a
1877 1567 2242 1628 Demochare
2274 1575 2336 1628 et
2355 1583 2405 1624 ιε

330 1649 745 1728 Apollophane
777 1653 1093 1730 praefectis
1129 1651 1400 1732 Pompei,
1442 1670 1552 1712 uno
1593 1652 1819 1713 demum
1859 1653 2093 1728 navigio
2124 1669 2333 1729 aeger·

329 1735 472 1793 rime
503 1734 723 1811 effugit.
762 1735 974 1796 lterum
1006 1755 1133 1796 cum
1161 1745 1400 1815 praeter
1425 1736 1646 1796 Locros
1671 1736 1916 1813 Regium
1947 1734 2194 1816 pedibus
2221 1739 2336 1797 iret

332 1826 392 1878 et
425 1820 764 1897 prospectis
800 1818 1114 1880 biremibus
1143 1820 1511 1900 Pompeianis
1545 1829 1757 1884 terram
1792 1820 2159 1898 legentibus,
2199 1838 2334 1892 suas

329 1909 523 1977 ratus,
553 1901 954 1964 descendisset
981 1904 1052 1964 ad
1084 1904 1247 1983 litus,
1279 1923 1468 1985 paene
1499 1913 1785 1985 exceptus
1815 1914 1923 1964 est.
1968 1904 2130 1965 Tunc
2160 1906 2334 1965 etiam

330 2004 439 2065 per
468 1985 671 2046 devios
715 1991 971 2049 tramites
1000 1989 1389 2067 refugientem
1431 2008 1637 2050 servus
1663 1988 1877 2050 Aemili
1905 1989 2065 2052 Pauli
2104 1991 2330 2050 comitis
2349 1998 2404 2041 2⁰

331 2072 484 2146 eius,
515 2069 721 2130 dolens
746 2075 1137 2152 proscriptum
1177 2074 1314 2133 olim
1354 2073 1426 2135 ab
1457 2091 1531 2134 eo
1565 2082 1788 2153 patrem
1816 2073 2052 2134 Paulum
2079 2081 2140 2134 et
2168 2075 2334 2154 quasi

331 2155 645 2213 occasione
687 2155 915 2216 ultiouis
945 2156 1141 2218 oblata
1165 2203 1183 2234 ,
1231 2160 1566 2218 interficere
1600 2168 1841 2219 conatus
1879 2166 1989 2219 est.

455 2236 596 2297 Post
650 2238 890 2319 Pompei
946 2240 1143 2318 fugam
1196 2242 1558 2320 collegarum
1610 2242 1854 2304 alterum
1900 2241 1977 2302 Μ.
2031 2241 2332 2321 Lepidum,

328 2339 497 2401 quem
541 2339 618 2381 ex
645 2321 851 2383 Africa
892 2326 949 2384 in
991 2325 1260 2385 auxilium
1300 2335 1612 2403 evocarat,
1653 2324 2088 2406 superbientem
2127 2327 2334 2404 viginti

328 2404 621 2482 legionum
663 2406 869 2467 fiducia
910 2426 1272 2488 summasque
1302 2411 1413 2470 sibi
1447 2419 1648 2490 partes
1674 2420 1903 2471 terrore
1931 2419 1990 2470 et
2018 2412 2184 2471 minis
2210 2411 2330 2470 vin·
2349 2434 2400 2474 u

328 2488 613 2549 dicantem
660 2490 933 2570 spoliavit
972 2495 1231 2553 exercitu
1260 2494 1702 2574 supplicemque
1733 2512 2018 2556 concessa
2058 2496 2178 2554 vita
2208 2492 2330 2554 Cir-

280 2616 287 2625 .
332 2574 495 2633 ceios
526 2575 583 2632 in
616 2582 961 2654 perpetuum
991 2577 1302 2655 relegavit.

249 2658 307 2712 17
451 2656 529 2717 M.
562 2657 799 2719 Antonii
831 2662 1174 2721 societatem
1202 2679 1439 2741 semper
1468 2662 1696 2723 dubiam
1726 2671 1786 2722 et
1815 2664 2092 2722 incertam
2122 2678 2329 2722 recon-

326 2741 826 2822 ciliationibusque
856 2746 1031 2806 variis
1059 2744 1210 2804 male
1245 2745 1541 2807 focilatam
1571 2746 1801 2827 abrupit
1832 2746 2093 2825 tandem,
2125 2754 2186 2805 et
2215 2762 2329 2824 quo

323 2827 510 2902 magis
544 2826 942 2904 degenerasse
974 2846 1103 2888 eum
1133 2847 1166 2889 a
1197 2829 1354 2889 civili
1391 2848 1555 2891 more
1585 2830 1972 2910 approbaret,
2017 2838 2325 2898 testamen·
2346 2852 2401 2896 so

322 2918 460 2987 tum,
492 2910 645 2989 quod
674 2912 724 2971 is
753 2912 997 2990 Romae,
1028 2915 1199 2973 etiam
1228 2912 1302 2973 de
1321 2912 1639 2994 Cleopatra
1668 2914 1867 2975 liberis
1898 2916 2049 2975 inter
2079 2913 2331 2974 heredes

324 2996 697 3074 nuncupatis,
741 2996 1088 3076 reliquerat,
1136 2998 1511 3077 aperiundum
1549 2998 2020 3078 recitandumque
2051 3016 2162 3078 pro
2195 3004 2330 3059 con·

322 3078 480 3135 tione
521 3082 761 3139 curavit.
844 3080 1089 3143 Remisit
1131 3090 1322 3142 tamen
1361 3082 1514 3143 hosti
1570 3083 1821 3143 iudicato
1868 3082 2331 3143 necessitudines

325 3161 657 3240 amicosque
686 3182 922 3242 omnes,
963 3174 1135 3245 atque
1170 3167 1321 3226 inter
1351 3166 1496 3227 alios
1530 3164 1596 3226 C.
1632 3168 1860 3227 Sosium
1902 3175 1963 3228 et
1993 3165 2060 3227 Τ.
2093 3166 2330 3227 Domiti-

323 3260 416 3301 um
438 3250 572 3302 tunc
600 3245 785 3307 adhuc
811 3250 1107 3310 consules.
1140 3248 1602 3312 Bononiensibus
1626 3269 1856 3331 quoque
1886 3252 2144 3330 publice,
2175 3248 2401 3330 quodss

322 3327 380 3384 in
406 3324 786 3390 Antoniorum
817 3332 1091 3395 clientela
1120 3337 1428 3414 antiquitus
1453 3344 1648 3413 erant,
1692 3337 1939 3414 gratiam
1967 3337 2110 3396 fecit
2135 3337 2329 3397 coniu-

321 3408 487 3468 ran'di
528 3428 654 3470 cum
698 3420 820 3474 tota
849 3414 1017 3478 Italia
1047 3436 1156 3498 pro
1196 3419 1459 3499 partibus
1494 3422 1632 3480 suis.
1696 3419 1825 3481 Nec
1854 3420 2034 3481 multo
2065 3428 2203 3500 post
2230 3436 2328 3479 na·

323 3490 440 3549 vali
473 3493 703 3571 proelio
735 3498 886 3575 apud
915 3498 1147 3562 Actium
1183 3505 1355 3581 vicit,
1397 3506 1453 3564 in
1487 3523 1679 3565 serum
1708 3503 2075 3566 dimicatione
2104 3512 2330 3585 protra-
