2553 3960
389 242 391 244 >
477 220 1033 268 DEPERDITORUM
1074 219 1440 268 LIBRORUM
1483 218 1884 279 RELIQUIAE.
2097 207 2219 270 303

208 377 510 458 puellus
544 375 759 455 puella.
818 367 1117 435 Lucilius
1101 394 1157 433 m
1184 373 1296 434 XI:
1359 372 1515 434 Inde
1546 375 1713 435 venit
1751 373 2011 437 Romam
2053 380 2223 435 tener

208 463 345 542 ipse
373 459 555 520 etiam
583 466 769 539 atque
788 458 1057 537 puellus.
1124 456 1463 520 Caecilius
1446 477 1502 518 1n
1533 458 1798 519 Umbris:
1857 457 1989 538 A9e
2023 475 2222 537 aqe,i

201 556 429 644 puere‚
463 544 585 605 duc
611 561 705 604 me
738 542 827 603 ad
846 543 1097 621 patrios
1121 543 1279 622 fines
1309 544 1670 604 decoratum
1700 543 1982 642 opipare.
2049 542 2218 601 Afra-

208 631 333 689 nius
365 631 421 687 iu
449 627 757 688 lucendio,
817 624 869 688 Ο
894 645 1095 707 puere
1117 646 1347 706 puere,
1378 627 1512 687 sine
1536 626 1904 706 prospicere
1930 644 2025 687 me
2051 625 2216 687 mihi.

158 732 183 773 5
210 714 441 774 Plautus
483 714 539 771 iu
580 710 909 772 Lenonibus
957 713 1234 788 geminis:
1296 710 1481 773 Dolet
1523 710 1624 772 hic
1662 712 1907 789 puellus
1948 728 2087 771 sese
2116 727 2216 770 oe-

206 815 350 858 num
390 795 624 857 ducier.
707 795 957 856 Lucilius
1001 796 1057 854 in
1104 794 1247 856 1111:
1319 794 1587 876 Cumque
1625 793 1727 856 hic
1755 803 1880 856 tam
1904 794 2221 874 formosus

208 881 385 942 homo
415 897 494 941 ac
521 885 579 939 te
608 880 827 959 diqnus
852 878 1119 958 puellus.
1182 878 1379 939 Livius
1408 881 1464 939 iu
1488 877 1765 954 Odyssia.
1752 901 1765 913 ·
1798 879 2038 941 Sancta
2059 896 2222 958 puer

208 965 473 1026 Saturni
492 964 632 1043 filia
660 963 900 1042 reqina.
958 962 1214 1025 Naevius
1251 964 1309 1023 in
1335 962 1406 1023 11.
1440 963 1583 1023 belli
1620 962 1846 1024 Punici:
1889 963 2104 1025 Prima
2132 964 2219 1024 in·
2234 1017 2240 1022 .

210 1049 373 1111 cedit
409 1047 659 1109 Cereris
697 1047 1081 1146 Proserpina
1110 1065 1291 1126 puer.
1355 1048 1545 1108 Varro
1594 1048 1650 1107 in
1696 1057 1888 1108 satura
1937 1064 2085 1127 quae
2138 1049 2218 1106 in-

141 1156 189 1197 ιο
209 1134 479 1194 scribitur
498 1123 736 1203 ’Ἀλλος
781 1114 980 1204 οὗτος
1014 1120 1370 1212 Ἡρακλῆςε
1429 1130 1832 1211 Gravidaque
1872 1137 2072 1192 mater
2108 1149 2213 1211 pe·

99 1215 103 1219 ’
147 1218 373 1298 perit
404 1214 546 1278 Iovi
568 1216 858 1296 puellum.
926 1215 1295 1277 Priscianus
1329 1225 1385 1294 6,
1418 1223 1478 1293 8,
1508 1224 1604 1276 41.
1639 1224 1737 1276 42.
1780 1234 1850 1295 p.
1891 1224 2003 1277 697
2031 1215 2099 1277 Ρ.
2136 1214 2216 1293 cf.

208 1319 427 1396 supra
437 1319 505 1380 p.
540 1309 667 1374 122,
702 1309 758 1361 8.

346 1374 435 1445 Τὸ
465 1402 600 1444 των
628 1383 843 1462 ἔργων
875 1383 1255 1483 σκρίνιον,
1275 1371 1404 1445 οὐκ
1435 1403 1515 1445 ον
1543 1373 1652 1445 ἀπ’
1645 1373 1921 1483 ἀρχῇς,
1993 1371 2028 1445 5
2074 1372 2222 1444 Αὔ-

211 1481 497 1567 γουστος
538 1461 926 1572 προςένειμε
961 1464 1043 1564 τῇ
1085 1457 1289 1570 ἀρχῇ,
1333 1457 1457 1547 τὴν
1488 1463 1562 1529 ἐν
1590 1463 1669 1550 τῇ
1701 1456 1918 1571 Ῥώμῃ
1956 1466 2223 1548 βασιλι-

139 1574 191 1614 15
212 1542 340 1633 κήν
372 1542 774 1631 viver-sionna,
795 1531 915 1623 ‘mg
947 1538 982 1612 5
1025 1547 1457 1631 Τράγκυλλος
1486 1530 1643 1614 εἷπε
1660 1548 2040 1632 φιλολόγος.
2115 1550 2217 1614 Ιο-

212 1655 405 1697 annes
418 1634 795 1696 Laurentius
806 1632 1016 1714 Lydus
1046 1633 1128 1695 de
1148 1635 1499 1714 maqistrat.
1531 1635 1708 1697 Rom.
1746 1645 1792 1712 1,
1809 1645 1907 1697 34.
1945 1636 2024 1716 cf.
2048 1634 2217 1698 Prel-

210 1722 302 1783 ler
332 1722 410 1781 de
435 1716 794 1800 reqionibus
812 1736 881 1798 p.
921 1726 1079 1789 140,·
1107 1718 1233 1780 nisi
1253 1717 1424 1797 forte
1450 1718 1646 1780 verba
1682 1737 1882 1798 supra
1917 1738 1982 1799 p.
2017 1729 2113 1797 55,
2155 1729 2223 1780 11

208 1806 452 1884 scripta
481 1808 722 1883 spectat
762 1801 1268 1864 intricatissimus
1300 1804 1494 1865 locus.

338 1886 495 1950 XIV.
554 1887 755 1964 Longe
786 1886 1253 1947 iucundissimum
1282 1905 1491 1967 poema
1521 1932 1535 1945 .
1567 1933 1581 1947 .
1614 1933 1629 1947 .
1665 1890 1738 1950 de
1775 1887 2021 1948 tribus
2050 1888 2219 1949 Sue-

132 1974 401 2035 wtonii
434 1971 653 2034 libris
691 1988 839 2051 quos
869 1971 971 2032 ille
1003 1972 1089 2032 de
1121 1971 1458 2051 Regibus
1486 1972 1644 2034 dedit
1672 1974 1728 2032 in
1753 1974 2048 2052 epitomen
2084 1990 2219 2033 coe-

208 2059 349 2137 gisti
380 2103 395 2118 .
436 2103 451 2118 .
492 2102 506 2116 .
533 2055 595 2116 Iu
626 2055 715 2116 bis
754 2055 1022 2116 versibus
1060 2075 1174 2134 ego
1201 2059 1311 2118 ista
1347 2059 1629 2136 cognovi:

511 2145 908 2217 Europamque
932 2145 1230 2218 Asiamque
1244 2189 1258 2213 ,
1290 2148 1399 2204 duo
1422 2149 1509 2204 vel
1533 2148 1780 2203 maa-ima
1810 2153 1999 2202 terrae

512 2228 765 2285 Membra
779 2271 792 2296 ,
829 2229 1023 2301 quibus
1047 2229 1275 2303 Libyam
1305 2230 1463 2287 dubie
1491 2229 1782 2287 Sallustius
1809 2231 1961 2286 addit

515 2313 785 2384 Europae
816 2314 1134 2370 adiunctam
1149 2356 1163 2383 ‚
1183 2317 1368 2387 possit
1400 2330 1525 2371 cum
1557 2317 1717 2371 tertia
1745 2315 1870 2384 dici,

123 2395 186 2454 '25
516 2395 800 2468 Reqnatas
824 2399 1028 2459 multis,
1063 2413 1200 2469 quos
1226 2399 1392 2471 fama
1420 2399 1688 2456 oblitterat
1717 2404 1769 2453 et
1799 2414 1935 2470 quos

514 2480 785 2535 Barbara
821 2479 1114 2537 Romanae
1141 2498 1253 2538 non
1282 2483 1511 2539 tradunt
1534 2484 1754 2538 nomina
1789 2484 2034 2554 linquae.-

515 2563 814 2620 Illibanum
835 2563 1485 2638 Numidamque-Avelim,
1510 2566 1890 2638 Parthumque
1931 2567 2218 2624 Vononem.

515 2649 593 2704 Et
623 2648 904 2706 Caranum
930 2647 1158 2704 Pellaea
1190 2650 1338 2706 dedit
1360 2654 1460 2723 qui
1486 2653 1708 2706 nomina
1737 2665 1947 2723 requiri,

516 2729 727 2805 Quique
745 2747 934 2804 mayos
960 2733 1143 2789 docuit
1167 2737 1428 2807 mysteria
1454 2751 1600 2791 vana
1627 2734 1968 2807 Nechepsus,

117 2826 187 2879 30
516 2815 593 2871 Et
615 2816 715 2888 qui
736 2818 987 2888 reynavit
1008 2820 1128 2873 sine
1157 2821 1375 2874 nomine
1405 2836 1538 2875 mox
1571 2818 1888 2876 Sesoostris.

1031 2901 1308 2959 Ausonius
1336 2905 1417 2959 ad
1437 2903 1754 2974 Paulinum,
1778 2905 1932 2974 epist.
1970 2902 2050 2959 19.

335 2977 462 3039 XV.
530 2979 842 3041 Suetonius
870 2977 1238 3060 Tranquillus
1282 2983 1367 3043 de
1397 2982 1497 3042 Re
1516 2982 1552 3043 b
1571 3001 1649 3043 us
1687 2983 1920 3042 variis
1965 2982 2218 3063 Praepo-

204 3063 474 3140 sitiones‚
509 3064 712 3144 inquit,
737 3081 940 3124 omnes
972 3065 1201 3125 omnino
1236 3066 1613 3128 suntGraece
1640 3066 2057 3145 duodeviginti,
2091 3066 2220 3147 (qui

204 3165 480 3208 numerus
530 3150 682 3208 inter
726 3166 926 3209 omues
970 3150 1208 3210 criticos
1251 3153 1658 3228 grammaticos
1703 3150 1972 3230 profecto
2006 3168 2220 3212 conve-

120 3244 180 3286 35
206 3232 322 3311 nit)
357 3241 587 3294 nostras
612 3250 754 3293 vero
788 3250 926 3294 esse
955 3230 1093 3293 bas:
1125 3233 1220 3314 ab,
1251 3234 1347 3310 ad,
1380 3243 1634 3314 praeter,
1665 3252 1794 3314 pro,
1827 3252 2219 3314 prae,prope‚

203 3317 299 3391 in,
336 3335 444 3392 ex,
477 3316 620 3393 sub,
656 3336 865 3396 super,
899 3315 1118 3378 subter.
1205 3315 1409 3379 Iulius
1442 3318 1762 3380 Romanus
1792 3318 1968 3397 apud
1997 3317 2215 3380 Chari-

204 3397 369 3458 sium
395 3417 460 3478 p.
495 3409 609 3462 210
637 3399 706 3461 P.

339 3482 743 3544 Praeverbium
788 3504 860 3545 an
909 3485 1245 3547 adverbium
1286 3485 1398 3547 dici
1444 3485 1724 3565 debeat‘IJ
1793 3487 2102 3547 Suetonius
2135 3495 2216 3544 et·
