2553 3960
280 193 399 258 180
483 206 543 254 ο.
571 205 870 254 sumom
900 205 1153 265 TRANQ.
1189 204 1282 252 DE
1314 205 1477 252 vrrA
1516 204 1882 253 CAESARUM
1918 205 2054 279 mn.
2082 204 2177 253 v1.

280 362 632 422 sissimorum
660 369 980 439 temporum
1012 368 1170 436 sunt,
1216 359 1353 436 cogi
1382 359 1438 418 in
1478 378 1643 419 unum
1671 378 1908 435 annum,
1942 359 2279 439 quibusdam

281 447 450 506 etiam
480 446 730 520 iteratis,
773 445 972 522 iussit,
1004 454 1061 504 et
1098 442 1399 520 Olympiae
1433 460 1665 524 quoque
1701 451 1935 522 praeter
1973 453 2277 503 consuetu-

279 529 466 590 dinem
517 530 792 588 musicum
847 546 1036 607 agona
1099 528 1400 588 commisit.
1486 526 1578 587 Ac
1639 546 1712 587 ne
1757 526 1891 605 quid
1938 528 2092 588 circa
2122 527 2281 587 haec

280 621 624 693 occupatum
653 622 927 672 avocaret
959 611 1341 686 detineretve,
1382 629 1508 670 cum
1538 613 1868 690 praesentia
1900 613 2023 670 eius
2045 612 2278 671 urbicas

278 716 378 758 res
407 715 588 775 egere
621 715 655 757 a
682 695 893 756 liberto
923 694 1093 756 Helio
1121 695 1557 771 admoneretur,
1595 697 1900 774 rescripsit
1925 694 2015 755 his
2046 694 2275 755 verbis:
2297 712 2323 752 5

408 779 706 855 Quamvis
748 799 911 840 nunc
959 786 1123 840 tuum
1165 779 1487 841 consilium
1528 779 1613 840 sit
1656 786 1712 840 et
1753 784 1957 839 votum
1999 779 2280 840 celeriter

279 864 513 928 reverti
537 883 651 941 me,
689 871 890 925 tamen
917 862 1186 925 suadere
1218 869 1278 923 et
1309 871 1531 941 optare
1560 862 1772 942 potius
1802 861 2022 940 debeat,
2061 868 2130 923 ut
2154 860 2275 923 Ne·

280 968 435 1013 rone
465 948 688 1028 diqnus
722 956 1024 1009 revertar.

410 1031 689 1093 Cantante
729 1050 824 1109 eo,
862 1051 935 1092 ne
964 1033 1298 1092 necessaria
1330 1030 1557 1111 quidem
1594 1049 1765 1092 causa
1799 1030 2091 1091 excedere
2124 1030 2279 1092 thea-

285 1127 375 1178 tro
404 1116 619 1176 licitum
651 1124 758 1175 est.
844 1115 1046 1194 Itaque
1081 1124 1139 1174 et
1176 1116 1384 1175 enixae
1415 1114 1692 1195 quaedam
1726 1116 1782 1173 in
1817 1113 2168 1194 spectaculis
2198 1114 2277 1174 di·
2300 1131 2349 1174 ιο

287 1208 508 1275 cuntur,
544 1208 602 1258 et
632 1199 791 1258 multi
827 1199 1017 1259 taedio
1051 1198 1314 1259 audiendi
1344 1197 1746 1278 laudandique,
1782 1197 1991 1259 clausis
2034 1198 2280 1283 oppido·

283 1302 408 1345 rum
441 1283 643 1362 portis,
677 1292 771 1342 aut
798 1283 989 1341 furtim
1020 1281 1326 1341 desiluisse
1358 1281 1429 1340 de
1459 1299 1619 1342 muro
1655 1290 1749 1341 aut
1789 1291 1976 1342 morte
2023 1283 2281 1342 simulata

283 1368 489 1429 funere
513 1365 667 1426 elati.
726 1366 908 1441 Quam
933 1376 1120 1426 autem
1144 1365 1372 1445 trepide
1395 1367 1682 1444 anxieque
1708 1368 2040 1442 certaverit,
2074 1375 2282 1444 quanta

287 1450 746 1514 adversariorum
776 1449 1180 1526 aemulatione,
1216 1467 1330 1530 quo
1361 1458 1514 1509 metu
1540 1450 1805 1527 iudicum,
1831 1453 1930 1509 vix
1961 1449 2120 1510 credi
2155 1457 2280 1528 pot-

288 1544 396 1597 est.
482 1533 905 1610 AdversarioS,
948 1536 1113 1613 quasi
1138 1533 1312 1613 plane
1359 1533 1706 1595 conditionis
1749 1533 2036 1611 eiusdem,
2079 1533 2351 1594 obser-15

289 1638 449 1696 vare,
498 1628 764 1698 captare,
810 1618 1083 1679 infamare
1126 1627 1394 1694 secreto,
1456 1635 1874 1698 nonnumquam
1914 1637 1989 1678 ex
2034 1634 2282 1676 occursu

289 1702 609 1764 maledictis
639 1703 961 1780 incessere,
1014 1720 1083 1762 ac
1126 1703 1174 1762 si
1216 1703 1314 1782 qui
1357 1710 1479 1761 arte
1528 1702 1976 1781 praecellerent,
2023 1718 2281 1761 conrum-

291 1805 434 1868 pere
470 1788 640 1847 etiam
668 1786 913 1848 solebat.
967 1819 973 1825 -
999 1785 1230 1846 Iudices
1259 1795 1448 1846 autem
1477 1788 1635 1864 prius
1667 1805 1833 1865 quam
1864 1787 2151 1864 inciperet
2189 1803 2282 1844 re·

291 1872 691 1931 verentissime
723 1869 1162 1949 adloquebatur,
1199 1869 1405 1930 omnia
1435 1886 1504 1929 se
1528 1869 1828 1948 facienda
1864 1869 2121 1948 fecisse,
2171 1867 2286 1929 sed

292 1954 656 2017 eventumin
679 1971 866 2014 manu
898 1971 1034 2015 esse
1061 1952 1378 2015 Fortunae
1386 1978 1417 2025 ,·
1458 1953 1600 2015 illos
1627 1960 1698 2016 ut
1724 1955 2023 2034 sapientis
2065 1960 2123 2015 et
2168 1953 2275 2015 do·
2299 1966 2351 2007 2⁰

294 2046 427 2101 ctos
448 2038 623 2099 viros
644 2037 911 2117 fortuita
933 2038 1156 2099 debere
1175 2037 1506 2099 excludere
1521 2063 1549 2109 ,·
1583 2047 1773 2118 atque,
1808 2049 1869 2100 ut
1892 2039 2129 2099 auderet
2150 2037 2281 2098 hor-

293 2122 573 2199 tantibus,
623 2123 895 2202 aequiore
939 2124 1123 2182 animo
1169 2122 1506 2199 recedebat,
1547 2141 1615 2183 ac
1656 2142 1730 2182 ne
1770 2125 1855 2182 sic
1899 2122 2129 2202 quidem
2161 2124 2286 2182 sine

296 2203 705 2281 sollicitudine,
741 2206 1180 2267 taciturnitatem
1212 2207 1605 2287 pudoremque
1641 2206 1992 2286 quorundam
2037 2224 2147 2286 pro
2190 2208 2285 2266 tri-

210 2290 447 2358 24stitia
490 2296 549 2347 et
587 2287 939 2366 malignitate
981 2308 1231 2368 arguens
1280 2300 1704 2371 suspectosque
1751 2290 1863 2350 sibi
1914 2290 2133 2351 dicens.
2218 2289 2286 2349 In

298 2371 572 2434 certando
588 2390 732 2432 vero
747 2372 959 2451 italegi
987 2373 1357 2452 oboediebat,
1375 2383 1435 2434 ut
1458 2392 1761 2454 numquam
1785 2393 2066 2436 excreare
2092 2392 2285 2449 ausus,
2306 2390 2360 2431 25

297 2456 565 2519 sudorem
594 2474 824 2537 quoque
854 2457 1060 2518 frontis
1105 2457 1346 2519 brachio
1393 2457 1758 2535 detergeret;
1803 2468 1972 2540 atque
2014 2460 2185 2517 etiam
2230 2459 2290 2515 in

294 2543 520 2619 tragico
546 2542 792 2620 quodam
817 2551 968 2620 actu,
996 2561 1120 2602 cum
1150 2541 1407 2622 elapsum
1429 2541 1695 2602 baculum
1720 2545 1832 2604 cito
1857 2542 2289 2619 resumpsisset,

299 2625 542 2706 pavidus
573 2634 631 2685 et
658 2635 917 2686 metuens
946 2645 1019 2686 ne
1054 2626 1129 2688 ob
1164 2625 1432 2686 delictum
1467 2629 1777 2687 certamine
1808 2633 2287 2700 summoveretur,

299 2728 414 2771 non
434 2709 601 2770 aliter
626 2711 991 2771 confirmatus
1014 2719 1103 2770 est
1126 2728 1293 2791 quam
1313 2710 1610 2770 adiurante
1628 2711 1950 2790 hypocrita,
1974 2727 2091 2769 non
2113 2711 2289 2770 anim-

299 2794 604 2855 adversum
654 2793 707 2854 id
762 2794 912 2853 inter
972 2794 1359 2855 exultationes
1414 2793 2010 2875 succlamationesque
2067 2792 2286 2872 populi.
2312 2808 2365 2848 ao

298 2879 601 2939 Victorem
636 2887 822 2937 autem
861 2895 925 2936 se
956 2879 1084 2956 ipse
1116 2877 1546 2957 pronuntiabam
1581 2896 1692 2958 qua
1724 2879 1794 2938 de
1827 2896 2000 2939 causa
2031 2887 2088 2937 et
2122 2893 2288 2956 prae·

302 2963 473 3023 conio
503 2960 712 3042 ubique
746 2961 1056 3022 contendit.
1142 2960 1234 3022 Ac
1278 2981 1352 3022 ne
1399 2963 1557 3023 cuius
1600 2962 1835 3023 alterius
1872 2962 2289 3023 hieronicarum

300 3046 575 3105 memoria
618 3054 714 3106 aut
757 3045 1066 3123 vestigium
1122 3054 1350 3107 extaret
1406 3063 1670 3124 usquam,
1724 3047 1982 3106 subverti
2034 3054 2092 3105 et
2141 3058 2290 3102 unco

301 3126 448 3186 trahi
479 3127 744 3208 abicique
775 3131 832 3189 in
868 3129 1100 3190 latrinas
1140 3132 1389 3190 omnium
1428 3138 1642 3191 statuas
1691 3141 1749 3191 et
1795 3133 2077 3209 imagines
2118 3131 2293 3206 impe-

303 3209 471 3269 ravit.
556 3210 863 3291 Aurigavit
901 3231 1131 3294 quoque
1174 3214 1559 3294 plurifariam,
1615 3212 1894 3294 Olympiis
1936 3231 2080 3273 vero
2128 3214 2367 3273 etiamas

306 3292 723 3371 decemiugem,
763 3298 1019 3375 quamvis
1063 3297 1120 3357 id
1166 3299 1353 3377 ipsum
1394 3298 1449 3356 in
1492 3316 1635 3376 rege
1662 3298 2002 3360 Mithradate
2045 3297 2297 3358 carmine

308 3374 554 3452 quodam
596 3393 701 3435 suo
743 3379 1242 3458 reprehendisset;
1293 3381 1397 3442 sed
1440 3400 1722 3442 excussus
1765 3400 1934 3442 curru
1979 3400 2048 3442 ac
2099 3398 2298 3441 rursus

306 3459 619 3535 repositus,
653 3476 778 3517 cum
813 3464 1130 3540 perdurare
1160 3483 1276 3525 non
1307 3474 1531 3545 posset,
1564 3464 1781 3526 destitit
1804 3474 1936 3526 ante
1962 3465 2299 3533 decursunu
