2553 3960
318 211 405 274 46
491 224 551 273 0.
578 224 879 273 stm'rom
912 224 1168 283 TRANQ.
1207 224 1302 271 DE
1326 225 1490 272 VITA
1518 224 1889 273 CAESARUM
1911 226 2050 272 LIB.
2076 226 2151 272 11.

321 397 434 458 que
472 378 836 458 complures,
880 380 1040 458 prius
1083 396 1250 458 quam
1292 378 1724 440 invalescerent
1770 380 1980 441 indicio
2030 380 2320 459 detectas,

322 464 667 542 compressit
702 462 846 522 alias
875 462 989 522 alio
1021 471 1318 542 tempore:
1352 462 1555 542 Lepidi
1581 464 1826 541 iuvenis,
1861 463 2070 524 deinde
2101 465 2318 525 Varro·

317 549 405 607 nis
431 547 705 608 Murenae
735 555 794 605 et
823 545 1003 607 Fanni
1036 545 1385 627 Caepionis,
1415 565 1550 608 mox
1577 547 1654 608 M.
1686 546 1933 624 Egnati,
1963 549 2100 608 exin
2129 547 2316 608 Plauti

314 632 444 692 Rufi
479 630 732 709 Lucique
768 629 928 691 Pauli
966 633 1286 710 progeneri
1318 633 1435 709 sui,
1480 650 1549 691 ac
1580 640 1816 710 praeter
1850 632 1955 693 has
1987 631 2049 692 L.
2075 631 2315 709 Audasi,

316 714 594 776 salsarum
632 714 949 774 tabularum
989 717 1077 774 rei
1109 733 1181 775 ac
1211 733 1402 795 neque
1429 724 1619 776 aetate
1660 733 1851 795 neque
1885 732 2137 795 corpore
2172 717 2314 775 inte·
2336 741 2366 781 s

317 801 435 877 gri,
471 801 607 858 item
635 798 801 858 Asini
829 797 1078 878 Epicadi
1114 817 1190 859 ex
1217 809 1396 877 gente
1425 799 1694 860 Parthina
1724 799 1947 861 ibridae
1968 845 1985 877 ,
2017 799 2089 860 ad
2121 809 2315 860 extre·

315 900 466 943 mum
501 881 778 961 Telephi,
819 883 1077 943 mulieris
1119 887 1276 943 servi
1323 882 1833 945 nomenculatoris.
1896 884 2043 945 Nam
2076 903 2150 944 ne
2189 884 2313 944 ulti-

314 985 443 1028 mae
474 965 703 1046 quidem
732 968 907 1027 sortis
934 958 1220 1027 h'ominum
1263 970 1695 1047 conspiratione
1725 977 1785 1028 et
1815 967 2078 1048 periculo
2109 968 2313 1027 caruit.

313 1050 601 1112 Audasius
633 1059 804 1130 atque
831 1049 1126 1130 Epicadus
1163 1050 1364 1112 Iuliam
1392 1051 1565 1112 liliam
1597 1060 1656 1111 et
1686 1051 2011 1132 Agrippam
2039 1060 2316 1130 nepotem

315 1153 392 1195 ex
423 1133 653 1211 insulis,
689 1133 895 1213 quibus
925 1134 1395 1212 continebantur,
1435 1153 1648 1215 rapere
1684 1136 1757 1197 ad
1786 1138 2107 1211 exercitus,
2141 1134 2312 1195 Tele-
2333 1146 2387 1190 ιο

315 1217 465 1298 phus
499 1219 662 1297 quasi
697 1216 891 1280 debita
923 1218 1033 1278 sibi
1065 1219 1184 1279 fato
1218 1219 1603 1280 dominatione
1641 1229 1702 1280 et
1742 1223 1928 1299 ipsum
1960 1228 2019 1279 et
2051 1226 2316 1280 senatum

234 1341 259 1355 ..
315 1301 558 1379 adgredi
601 1300 971 1363 destinarant.
1048 1303 1194 1377 Quin
1237 1305 1409 1364 etiam
1451 1303 1734 1383 quondam
1782 1305 1937 1364 iuxta
1991 1301 2317 1363 cubiculum

315 1388 440 1446 eius
481 1385 599 1446 lixa
642 1385 867 1466 quidam
906 1405 984 1448 ex
1025 1385 1263 1461 Illyrico
1306 1390 1600 1463 exercitu,
1648 1388 1986 1449 ianitoribus
2029 1387 2314 1467 deceptis,

313 1477 488 1531 noctu
540 1469 941 1549 deprehensus
998 1480 1090 1531 est
1143 1471 1330 1532 cultro
1385 1473 1685 1533 venatorio
1740 1474 1992 1548 cinctus,
2048 1473 2312 1551 imposne

313 1555 520 1614 mentis
564 1573 636 1614 an
674 1554 935 1615 simulata
978 1554 1293 1632 dementia,
1337 1557 1644 1625 incertum
1692 1555 1832 1615 nihil
1870 1557 2019 1617 enim
2064 1555 2310 1634 exprimi
2334 1574 2385 1617 ιε

313 1639 655 1718 quaestione
686 1641 890 1717 potuit.

230 1731 299 1784 20
437 1721 697 1783 Externa
737 1721 895 1783 bella
936 1722 1049 1783 duo
1100 1724 1330 1783 omniuo
1381 1741 1489 1802 per
1534 1743 1599 1784 se
1654 1726 1874 1802 gessit,
1929 1723 2313 1784 Delmaticum

313 1805 657 1867 adulescens
691 1806 909 1883 adhuc,
943 1814 1003 1867 et
1042 1806 1298 1867 Antonio
1338 1807 1568 1868 devicto
1600 1806 2022 1868 Cantabricum.
2079 1806 2311 1867 Delma·

313 1892 430 1950 tico
470 1892 641 1949 etiam
683 1890 924 1950 vulnera
964 1892 1234 1969 excepit,
1278 1909 1389 1951 una
1432 1893 1561 1951 acie
1613 1891 1876 1952 dextrum
1915 1909 2072 1969 genu
2115 1889 2310 1971 lapide

312 1975 492 2050 ictus,
531 1973 714 2035 altera
746 1983 804 2033 et
837 1993 970 2035 crus
998 1984 1058 2035 et
1089 1984 1390 2056 utrumque
1425 1974 1722 2038 brachium
1750 1977 1914 2037 ruina
1944 1976 2137 2056 pontis
2168 1993 2305 2036 con·
2326 1998 2384 2038 2⁰

312 2060 620 2119 sauciatus.
692 2056 939 2138 Reliqua
982 2077 1092 2138 per
1122 2058 1357 2136 legatos
1388 2060 1833 2137 administravit,
1876 2068 1938 2121 ut
1968 2070 2159 2121 tamen
2189 2061 2308 2139 qui·

310 2140 549 2201 busdam
608 2141 953 2202 Pannonicis
1010 2151 1181 2222 atque
1226 2142 1585 2205 Germanicis
1643 2153 1739 2204 aut
1789 2146 2171 2205 interveniret
2217 2151 2313 2203 aut

309 2242 424 2285 non
456 2223 636 2301 longe
667 2224 933 2304 abesset,
964 2227 1300 2288 Ravennam
1330 2228 1428 2288 vel
1441 2227 1846 2290 Mediolanium
1875 2229 1970 2289 vel
1984 2227 2311 2308 Aquileiam

225 2312 290 2364 21
308 2325 493 2387 usque
524 2306 596 2367 ab
627 2309 772 2369 urbe
804 2311 1211 2389 progrediens,
1264 2311 1496 2372 Domuit
1526 2321 1714 2372 autem
1739 2315 1944 2392 partim
1973 2313 2147 2373 ductu
2176 2330 2307 2391 par·

308 2394 409 2452 tim
442 2393 716 2471 auspiciis
744 2396 862 2454 suis
894 2393 1288 2473 Cantabriam,
1318 2396 1713 2475 Aquitaniam,
1756 2396 2140 2472 Pannoniam,
2167 2395 2306 2455 Del·
2325 2419 2380 2460 κ

306 2477 534 2536 matiam
578 2495 705 2536 cum
745 2476 983 2552 Illyrico
1030 2482 1218 2557 omni,
1262 2483 1398 2541 item
1439 2481 1700 2541 Raetiam
1751 2490 1810 2540 et
1856 2480 2196 2542 Vindelicos
2239 2495 2307 2538 ac

309 2559 612 2638 Salassos,
645 2571 858 2638 gentes
889 2562 1200 2643 Inalpinas.
1282 2563 1556 2625 Coercuit
1596 2574 1655 2624 et
1698 2564 1988 2625 Dacorum
2026 2563 2307 2623 incursio-

308 2663 445 2722 nes,
478 2644 659 2706 tribus
702 2663 899 2706 eorum
930 2647 1170 2708 ducibus
1215 2667 1343 2709 cum
1377 2666 1586 2725 magna
1611 2651 1781 2728 copia
1814 2651 2038 2725 caesis,
2072 2646 2305 2709 Germa-

306 2746 532 2808 nosque
563 2729 712 2790 ultra
740 2729 935 2791 Albim
965 2731 1197 2792 fluvium
1225 2734 1563 2807 summovit,
1608 2751 1682 2793 ex
1727 2732 1932 2812 quibus
1974 2730 2204 2792 Suebos
2247 2739 2309 2790 et

307 2812 648 2890 Sigambros
679 2813 944 2875 dedentis
975 2834 1039 2875 se
1081 2815 1330 2877 traduxit
1360 2819 1413 2875 in
1448 2815 1689 2878 Galliam
1720 2827 1890 2896 atque
1929 2819 1986 2876 in
2022 2816 2306 2895 proximis
2325 2831 2379 2875 so

305 2896 511 2958 Rheno
559 2901 718 2974 agris
765 2898 1113 2959 conlocavit.
1184 2899 1351 2960 Alias
1394 2902 1529 2960 item
1570 2903 1832 2962 nationes
1889 2900 2308 2979 male-quietas

308 2980 379 3041 ad
419 2979 758 3061 obsequium
813 2983 1064 3061 redegit.
1125 2982 1255 3043 Nec
1298 2984 1400 3044 ulli
1429 2986 1593 3061 genti
1644 2987 1768 3046 sine
1800 2986 1965 3045 iustis
2000 2993 2059 3044 et
2098 3001 2306 3044 neces·

309 3066 474 3124 sariis
505 3068 694 3126 causis
729 3065 945 3127 bellum
978 3067 1193 3144 intulit,
1225 3076 1554 3148 tantumque
1586 3071 1725 3130 afuit
1748 3088 1780 3130 a
1806 3068 2119 3149 cupiditate
2165 3066 2306 3147 quoss

308 3163 422 3226 quo
465 3149 636 3209 modo
677 3152 975 3231 imperinm
1019 3151 1117 3212 vel
1164 3151 1433 3212 bellicam
1470 3153 1716 3229 gloriam
1748 3153 2030 3231 augendi,
2074 3161 2136 3212 ut
2165 3168 2304 3230 quo-

307 3228 544 3290 rundam
586 3233 963 3295 barbarorum
1009 3237 1306 3316 principes
1347 3239 1403 3296 in
1446 3237 1590 3298 aede
1623 3238 1824 3299 Martis
1854 3238 2076 3299 Ultoris
2112 3237 2378 3295 iuraress

308 3316 574 3390 coegerit
612 3333 910 3380 mansuros
952 3339 1018 3381 se
1048 3323 1103 3380 in
1136 3320 1249 3381 fide
1286 3339 1355 3382 ac
1387 3339 1533 3400 pace
1570 3341 1736 3402 quam
1765 3331 2070 3402 peterent,
2121 3337 2154 3379 a
2184 3319 2305 3397 qui·

307 3396 546 3458 busdam
586 3417 732 3459 vero
775 3420 984 3464 novum
1026 3423 1215 3482 genus
1246 3404 1537 3484 obsidum,
1569 3406 1842 3483 feminas,
1886 3408 2131 3484 exigere
2165 3411 2304 3463 tem-

308 3484 583 3559 ptaverit,
613 3482 767 3562 quod
797 3487 1123 3567 neglegere
1152 3507 1368 3551 marum
1396 3492 1641 3570 pignera
1677 3489 1981 3562 sentiebat;
2020 3498 2079 3550 et
2112 3497 2306 3548 tamen
