2553 3960
988 252 1199 303 mvus
1244 254 1494 303 muns,
1565 238 1572 244 ’
2208 247 2248 308 9

218 414 384 483 rent,
419 415 671 467 coactus
700 415 796 467 est
822 406 1197 488 triumphum,
1242 427 1316 468 ne
1351 410 1651 470 consulatu
1683 410 2122 490 excluderetur,
2165 414 2245 474 di-

223 492 471 551 mittere.
560 490 613 551 E
660 489 897 551 duobus
945 492 1276 555 consulatus
1320 492 1832 572 competitoribus,
1884 493 2060 556 Lucio
2102 497 2244 558 Luc-
2263 512 2330 569 19

226 576 360 635 ceio
389 574 716 653 Marcoque
749 573 992 653 Bibulo,
1030 576 1338 636 Lucceium
1368 576 1476 636 sibi
1514 576 1802 654 adiunxit,
1842 587 2046 656 pactus
2080 590 2140 640 nt
2171 584 2243 660 is,

228 660 500 737 quoniam
545 659 796 719 inferior
835 661 1022 737 gratia
1057 669 1215 720 esset
1257 660 1622 740 pecuniaque
1655 657 1937 740 polleret,
1982 682 2245 726 nummos

176 762 205 802 s
230 743 305 803 de
338 760 444 803 suo
469 787 488 819 ,
535 744 826 803 communi
860 744 1119 820 nomine,
1170 761 1278 823 per
1318 746 1606 805 centurias
1637 746 2052 824 pronuntiaret.
2116 750 2243 825 Qua

226 828 468 904 cognita
519 846 586 886 re
639 827 979 905 optimates,
1027 845 1177 905 quos
1221 837 1408 888 metus
1455 836 1697 907 ceperat
1736 828 1874 888 nihil
1915 847 2031 890 non
2075 850 2240 893 ausu-

221 929 351 971 rum
387 928 517 970 eum
557 912 615 969 in
653 926 875 970 summo
906 915 1241 987 magistratu
1274 912 1554 972 concordi
1598 921 1656 971 et
1687 915 2088 976 consentiente
2120 917 2239 977 col-

221 995 393 1073 lega,
443 1003 716 1054 auctores
747 993 956 1054 Bibulo
997 994 1227 1054 fuerunt
1256 996 1587 1056 tantundem
1619 996 1963 1076 pollicendi,
2011 1017 2082 1060 ac
2116 999 2240 1079 ple-

221 1079 392 1157 rique
431 1080 712 1156 pecunias
745 1079 1143 1155 contulernnt,
1176 1097 1250 1139 ne
1279 1078 1505 1140 Catone
1534 1080 1764 1158 quidem
1793 1081 2081 1142 abnuente
2113 1102 2240 1144 eam

152 1183 204 1224 ιο
220 1163 600 1240 largitionem
625 1180 660 1222 e
690 1180 759 1222 re
794 1161 1025 1241 publica
1056 1163 1204 1222 lieri.

349 1246 537 1324 Igitur
582 1265 709 1306 cnm
752 1244 958 1305 Bibulo
1009 1245 1211 1306 consul
1254 1256 1501 1308 creatur.
1588 1247 1844 1309 Eandem
1885 1249 1962 1309 ob
2008 1269 2240 1312 cansam

222 1347 413 1409 opera
457 1328 530 1389 ab
565 1329 937 1408 optimatibus
968 1329 1098 1390 data
1141 1339 1262 1407 est,
1304 1339 1366 1391 ut
1407 1333 1743 1410 provinciae
1775 1333 1981 1393 futuris
2029 1352 2238 1395 consu-

221 1415 381 1474 libus
408 1413 623 1472 minimi
658 1415 914 1490 negotii,
955 1413 1014 1473 id
1046 1423 1136 1474 est
1167 1414 1353 1476 silvae
1391 1415 1724 1495 callesque,
1762 1416 2237 1478 decernerentur.

224 1500 356 1575 Qua
386 1498 635 1557 maxime
664 1499 869 1558 iniuria
899 1499 1230 1574 instinctuS,
1261 1498 1526 1559 omnibus
1556 1501 1768 1561 officiis
1791 1501 2045 1561 Gnaeum
2074 1501 2237 1563 Pom·

147 1599 201 1640 ιε
223 1584 419 1663 peinm
464 1582 801 1642 'adsectatus
852 1590 973 1658 est,
1018 1582 1303 1642 offensum
1350 1582 1641 1661 patribus,
1688 1584 1871 1662 quod,
1912 1584 2238 1645 Mithridate

221 1684 374 1745 rege
410 1667 602 1742 victo,
653 1667 1011 1726 cunctantius
1054 1666 1531 1726 confirmarentur
1572 1674 1700 1727 acta
1743 1686 1874 1735 sua:
1928 1667 2237 1748 Pompeio·

224 1770 338 1830 que
386 1749 647 1810 Marcum
702 1748 975 1810 Crassum
1031 1749 1460 1826 reconciliavit,
1514 1758 1773 1811 veterem
1821 1750 2109 1811 inimicum
2161 1771 2239 1812 ex

223 1833 577 1910 consulatu,
625 1851 797 1912 quem
838 1852 1054 1894 summa
1101 1834 1391 1894 discordia
1432 1834 1597 1894 simul
1643 1843 1980 1912 gesserant;
2025 1854 2098 1896 ac
2142 1854 2234 1896 so-

221 1920 496 1982 cietatem
547 1936 674 1978 cnm
716 1926 965 1996 utroque
999 1918 1154 1995 iniit,
1199 1936 1273 1978 ne
1312 1917 1446 1997 quid
1478 1928 1753 1997 ageretur
1786 1920 1844 1978 ln
1877 1937 1944 1979 re
1981 1919 2234 1999 publica,

139 2021 198 2062 ιο
219 2003 379 2084 quod
409 2002 810 2082 displicuisset
843 2002 941 2062 ulli
973 2021 1006 2062 e
1038 2002 1239 2062 trihus.
1306 2003 1454 2062 Inito
1488 2003 1709 2064 honore
1742 2006 1958 2083 primus
1991 2006 2235 2064 omnium
2250 2015 2321 2068 20

215 2087 497 2163 instituit,
541 2095 604 2147 nt
635 2095 749 2148 tam
793 2096 1027 2147 senatus
1064 2104 1232 2165 quam
1267 2086 1469 2166 populi
1515 2088 1712 2149 diurna
1746 2098 1872 2150 acta
1915 2090 2237 2150 confierent

216 2180 278 2232 et
337 2170 792 2250 publicarentur.
882 2170 1194 2249 Antiquum
1245 2173 1415 2232 etiam
1464 2172 1659 2232 retulit
1708 2190 1953 2250 morem,
2006 2182 2067 2233 ut
2118 2190 2234 2251 quo

216 2273 426 2316 mense
461 2253 659 2314 fasces
700 2271 815 2314 non
844 2254 1126 2331 haberet,
1167 2272 1452 2315 accensus
1484 2263 1617 2316 ante
1650 2274 1778 2316 eum
1811 2258 1950 2333 iret,
1992 2257 2234 2316 lictores

218 2357 382 2419 pone
415 2347 822 2417 sequerentur.
908 2338 1069 2417 Lege
1103 2347 1293 2399 autem
1325 2340 1551 2416 agraria
1583 2340 1982 2419 promulgata,
2016 2339 2233 2400 obnun-

137 2426 459 2485 wtiantem
496 2422 788 2499 collegam
832 2424 1003 2483 armis
1048 2424 1177 2483 foro
1215 2423 1472 2502 expulit,
1521 2442 1592 2484 ac
1635 2433 1875 2503 postero
1910 2422 2004 2483 die
2040 2425 2095 2483 in
2143 2441 2230 2482 se-

214 2517 355 2568 natu
393 2515 810 2585 conquestum,
860 2525 972 2567 nec
1014 2524 1300 2586 quoquam
1345 2517 1587 2586 reperto
1634 2509 1730 2586 qui
1761 2525 1937 2587 super
1964 2507 2065 2567 tali
2097 2523 2232 2567 con-

216 2591 582 2652 sternatione
611 2590 837 2650 referre
868 2599 965 2651 aut
998 2608 1241 2650 censere
1276 2591 1494 2671 aliquid
1527 2591 1799 2666 auderet,
1838 2591 2028 2668 qualia
2059 2589 2234 2650 multa

215 2693 405 2753 saepe
454 2676 510 2733 in
556 2673 874 2735 levioribus
908 2673 1092 2734 turbis
1132 2673 1369 2735 decreta
1401 2684 1595 2751 erant,
1638 2676 1693 2733 in
1739 2691 1864 2733 eam
1908 2674 2104 2750 coegit
2135 2671 2232 2732 de·-

215 2760 651 2839 sperationem,
694 2768 786 2835 ut,
833 2757 1023 2836 quoad
1053 2766 1348 2836 potestate
1388 2758 1597 2836 abiret,
1631 2757 1803 2818 domo
1838 2755 2064 2818 abditus
2095 2756 2233 2816 nihil

137 2860 196 2903 so
215 2843 373 2905 aliud
406 2861 580 2923 qnam
614 2859 722 2921 per
752 2841 936 2902 edicta
968 2841 1352 2903 obnuntiaret.

347 2927 513 2989 Unus
545 2944 620 2985 ex
650 2943 724 2985 eo
755 2935 1020 3005 tempore
1053 2929 1240 2987 omnia
1270 2930 1328 2987 in
1366 2946 1431 2987 re
1472 2926 1702 3005 publica
1737 2934 1795 2986 et
1827 2925 1898 2986 ad
1939 2925 2232 2986 arbitrium

216 3011 679 3085 administravit,
732 3018 793 3069 ut
832 3010 1088 3071 nonnulli
1129 3010 1507 3087 urbanorum,
1553 3029 1678 3071 cum
1724 3010 1860 3088 quid
1904 3029 2009 3088 per
2045 3011 2232 3070 iocum

212 3094 467 3156 testandi
510 3095 700 3172 gratia
742 3094 1071 3171 signarent,
1112 3111 1230 3153 non
1272 3092 1529 3155 Caesare
1563 3102 1623 3154 et
1661 3093 1902 3170 Bibulo,
1945 3094 2049 3153 sed
2084 3093 2230 3154 Iulio

213 3188 273 3240 et
316 3178 579 3241 Caesare
623 3177 958 3238 consulibus
1002 3186 1190 3237 actum
1232 3177 1590 3255 scriberent,
1632 3177 1723 3237 bis
1769 3177 2012 3238 eundem
2062 3196 2229 3258 prae-

139 3273 536 3344 ssponentes,
581 3263 813 3323 nomine
855 3269 1029 3340 atque
1071 3263 1450 3338 cognomine;
1494 3270 1670 3341 utque
1715 3262 1895 3341 vulgo
1935 3281 2072 3324 mox
2116 3263 2230 3329 fer,-

206 3357 409 3409 rentur
439 3349 501 3409 hi
531 3363 774 3409 versus:
896 3408 923 3429 ‚

355 3438 484 3495 Non
519 3436 724 3494 Bibulo
756 3435 1047 3506 quicquam
1082 3448 1267 3506 nuper
1307 3435 1410 3489 sed
1451 3434 1692 3491 Caesare
1726 3435 1946 3508 facium
1984 3440 2094 3490 est.-

631 3519 782 3576 Nam
816 3518 1012 3575 Bibulo
1046 3520 1181 3584 fieri
1215 3519 1436 3575 consule
1472 3521 1551 3574 nil
1588 3521 1820 3575 memini.
