2553 3960
289 126 410 190 296
828 134 889 183 c.
936 132 1269 182 summm
1311 129 1743 191 TRANQmLm

416 290 481 353 C.
541 290 814 352 Valerius
860 289 1121 351 Catullus
1172 288 1427 366 scriptor
1469 286 1687 363 lyricus
1731 285 2005 347 Veronae
2049 287 2313 347 nascitur

292 394 353 438 a.
395 384 533 438 667.
556 383 684 449 668
721 420 736 437 .
771 420 785 433 .
824 420 841 436 .
882 372 1142 435 Catullus
1177 373 1473 433 tricesimo
1504 371 1711 451 aetatis
1736 388 1878 431 suae
1905 388 2052 431 anno
2081 369 2310 432 Romae

287 461 527 522 moritur
558 477 619 521 a.
657 467 787 522 697.
823 466 955 521 698.

413 544 623 604 Varius
667 553 725 604 et
768 543 996 618 Tucca,
1039 541 1267 619 Virgilii
1302 549 1358 600 et
1390 538 1612 600 Horatii
1649 537 2122 616 contubernales,
2156 556 2304 618 poe-

285 639 381 691 tae
414 627 696 689 habentur
727 628 1005 704 illustres,
1040 621 1137 705 qui
1168 624 1469 685 Aeneidos
1500 633 1712 702 postea
1745 622 1927 685 libros
1953 623 2304 683 emendave-
2328 650 2355 690 ⁵

284 720 416 773 runt
448 711 554 772 sub
588 730 659 772 ea
692 713 830 790 lege
859 721 920 771 ut
951 709 1089 770 nihil
1123 709 1407 769 adderent
1437 724 1496 768 a.
1535 716 1668 770 737.

413 795 695 875 Virgilius
746 795 908 856 Maro
954 798 1011 854 in
1050 811 1205 873 pago
1239 794 1336 872 qui
1366 793 1567 853 Andes
1599 791 1805 851 dicitur
1843 789 1994 851 haud
2026 791 2237 869 procul
2270 809 2305 851 a

285 881 518 943 Mantua
561 881 819 941 nascitur
859 879 1139 958 Pompeio
1185 888 1243 939 et
1279 875 1495 938 Crasso
1528 893 1690 937 cons.
1722 874 1918 938 Idibus
1945 873 2304 936 Octobribus

286 984 346 1027 a.
389 972 527 1029 684.
585 1011 599 1025 .
656 1008 672 1023 .
731 1010 745 1024 .
793 964 1071 1043 Virgilius
1120 960 1444 1023 Cremonae
1487 961 1691 1022 studiis
1741 960 1995 1021 eruditur
2052 977 2111 1020 a.
2163 967 2300 1022 696.

288 1057 404 1112 697
434 1092 449 1107 .
492 1094 506 1108 .
543 1093 558 1107 .
591 1047 870 1127 Virgilius
910 1056 1135 1126 sumpta
1175 1055 1314 1124 toga
1355 1044 1746 1105 Mediolanum
1793 1045 2216 1123 transgreditur
2248 1054 2308 1105 et
2328 1068 2383 1112 ιο

284 1142 419 1215 post
450 1131 634 1192 breve
669 1141 897 1211 tempus
927 1131 1169 1191 Romam
1198 1130 1392 1209 pergit
1424 1146 1486 1190 α.
1522 1137 1651 1190 701.
1689 1137 1804 1191 702
1836 1173 1850 1188 .
1889 1174 1904 1188 .
1943 1174 1957 1189 .
1990 1129 2305 1204 Quintilius

201 1215 204 1219 ’
287 1216 701 1279 Cremonensis
746 1216 975 1294 Virgilii
1020 1224 1079 1276 et
1109 1214 1330 1274 Horatii
1375 1215 1593 1274 amicus
1637 1216 1877 1274 moritur
1920 1232 1980 1275 a.
2017 1222 2150 1276 730.
2191 1222 2308 1276 731

287 1347 301 1361 .
339 1346 353 1360 .
387 1347 402 1361 .
437 1301 719 1379 Virgilius
762 1299 1069 1360 Brundusii
1114 1300 1356 1359 moritur
1403 1299 1604 1358 Sentio
1636 1300 1943 1360 Saturnino
1988 1309 2045 1359 et
2087 1298 2306 1358 Lucre·

285 1387 367 1448 tio
396 1383 575 1446 Cinna
615 1401 776 1444 cons.
824 1382 974 1444 Ossa
1018 1385 1141 1444 eius
1185 1382 1498 1463 Neapolim
1541 1382 1816 1443 translata
1844 1385 1902 1443 in
1935 1382 2194 1444 secundo
2230 1382 2306 1443 ab

288 1470 431 1531 urbe
471 1469 716 1529 miliario
766 1467 1162 1547 sepeliuntur,
1214 1468 1378 1528 titulo
1436 1466 1604 1527 huius
1647 1468 1803 1528 modi
1847 1486 2020 1546 supra
2053 1468 2302 1546 scripto,
2329 1496 2382 1537 1⁸

287 1573 456 1633 quem
489 1556 621 1631 ipse
652 1553 908 1614 moriens
939 1553 1292 1613 dictaverat:

456 1636 688 1699 Mantua
734 1656 825 1697 me
868 1638 1099 1716 genuit,
1155 1634 1386 1697 Calabri
1434 1653 1722 1713 rapuere,
1785 1644 1943 1696 tenet
1972 1654 2123 1696 nunc

542 1721 941 1799 Parthenope;
989 1722 1175 1781 cecini
1205 1738 1456 1799 pascua,
1491 1737 1645 1796 rura,
1678 1720 1878 1780 duces.
1913 1737 1972 1783 a.
2010 1728 2143 1781 735.

423 1806 774 1873 vergilianam
812 1808 966 1857 vitam
982 1844 998 1868 ,
1038 1821 1167 1871 quae
1189 1805 1373 1856 Donati
1393 1806 1802 1855 commentatoris
1827 1820 1941 1857 esse
1967 1813 2016 1856 et
2039 1804 2202 1856 fertur
2228 1807 2302 1872 (v,

284 1874 600 1925 Glossarium
636 1876 974 1927 Isidorianum
1011 1890 1054 1925 s.
1094 1891 1141 1925 v.
1180 1872 1476 1939 lenociniis)
1517 1882 1566 1924 et
1599 1889 1718 1925 vere
1752 1889 1867 1925 esse
1903 1875 2134 1936 videtur,
2186 1874 2305 1925 licet
2324 1886 2378 1927 20

284 1944 428 1994 multi
466 1943 761 2008 Tranquillo
798 1944 1127 2011 vindicarint,
1178 1942 1263 1994 hic
1292 1942 1485 1994 referre
1520 1943 1632 1995 ausi
1653 1953 1772 1994 'non
1823 1958 2016 1995 sumus.
2068 1942 2303 1995 Ceterum

283 2013 503 2080 plurima
531 2013 831 2063 Suetoniani
854 2014 1051 2081 ingenii
1074 2014 1295 2080 vestigia
1316 2027 1570 2080 agnoscas
1593 2014 1645 2062 in
1668 2027 1728 2063 eo
1754 2015 1988 2080 exemplo
2013 2014 2122 2064 eius
2147 2013 2304 2075 vitae,

286 2081 422 2146 quod
451 2082 676 2141 omnium
701 2083 1111 2146 antiquissimum
1140 2097 1168 2132 e
1193 2082 1366 2132 codice
1392 2082 1511 2132 olim
1541 2082 1863 2145 Floriacensi,
1894 2097 2029 2133 nunc
2054 2081 2307 2134 Beruensi

287 2149 388 2201 172
413 2149 573 2199 edidit
600 2148 657 2199 P.
686 2149 871 2200 Daniel
896 2158 945 2201 et
977 2165 1141 2217 nuper
1167 2149 1575 2216 (Rudolphopoli
1596 2149 1755 2217 1847)
1781 2151 1836 2203 C.
1863 2150 1920 2203 G.
1942 2150 2139 2202 Miiller.

415 2231 724 2294 Cornelius
757 2233 954 2295 Gallus
988 2233 1409 2296 Foroiuliensis
1442 2245 1653 2314 poeta,
1698 2254 1731 2296 a
1765 2252 1880 2314 quo
1914 2237 2153 2315 primum
2183 2235 2300 2296 Ae·
2324 2261 2378 2302 25

282 2326 523 2397 gyptum
565 2327 784 2379 rectam
821 2338 1004 2398 supra
1047 2319 1325 2396 diximus,
1365 2319 1814 2398 quadragesimo
1876 2322 2048 2380 tertio
2096 2322 2306 2380 aetatis

207 2471 210 2481 y
283 2420 427 2462 suae
471 2419 620 2463 anno
667 2405 907 2483 propria
949 2422 1016 2464 se
1059 2422 1225 2464 manu
1265 2405 1537 2465 interficit
1579 2422 1639 2465 a.
1689 2413 1821 2466 727.
1859 2412 1974 2466 728
2014 2447 2030 2462 .
2066 2449 2081 2465 .
2119 2447 2135 2462 .
2183 2403 2307 2465 Ae-

283 2495 502 2566 gyptus
531 2486 595 2548 fit
626 2485 882 2549 Romana
920 2489 1257 2567 provincia,
1305 2506 1474 2567 quam
1513 2489 1729 2568 primus
1761 2490 1943 2549 tenuit
1979 2487 2044 2549 C.
2081 2487 2306 2549 Corne-

285 2570 397 2631 lius
432 2570 663 2649 Gallus,
697 2573 919 2652 dequo
949 2573 1228 2651 Virgilius
1265 2573 1469 2634 scribit
1499 2574 1555 2632 in
1577 2572 1873 2634 Bucolicis
1907 2590 1965 2633 a.
1996 2580 2131 2637 725.
2162 2580 2300 2635 726.

408 2655 683 2717 Horatius
710 2654 962 2717 Flaccus
993 2657 1263 2718 satiricus
1290 2666 1348 2718 et
1373 2657 1593 2733 lyricus
1621 2666 1795 2737 poeta
1829 2656 2100 2718 libertino
2134 2667 2303 2736 patre
2324 2681 2379 2724 ω

280 2739 524 2801 Venusii
543 2743 800 2802 nascitur
815 2758 875 2806 a.
898 2748 1220 2803 687--689
1251 2785 1266 2801 .
1298 2786 1312 2801 .
1345 2786 1360 2802 .
1392 2741 1663 2803 Horatius
1695 2743 2173 2821 quinquagesimo
2203 2760 2301 2802 se-

279 2826 460 2904 ptimo
487 2827 696 2885 aetatis
720 2843 861 2886 suae
888 2842 1035 2886 anno
1051 2825 1273 2885 Romae
1297 2828 1539 2886 moritur
1553 2844 1612 2887 a.
1634 2834 1783 2887 744.
1804 2873 1817 2887 .
1839 2871 1852 2886 .
1874 2826 2168 2887 Statuerat
2183 2825 2305 2886 Ho-

278 2911 458 2970 ratius
491 2909 563 2970 ad
601 2910 831 2970 tertium
860 2928 1047 2990 usque
1082 2909 1290 2970 librum
1321 2910 1621 2990 complere
1653 2927 1802 2991 opus
1833 2911 2163 2986 carminum,
2199 2929 2304 2971 ve-

277 3011 403 3053 rum
434 2992 617 3054 tribus
649 2994 814 3054 libris
847 2995 956 3054 iam
995 2995 1165 3055 editis
1197 3012 1272 3054 ex
1309 2997 1557 3055 maximo
1599 2995 1907 3055 intervallo
1941 2993 2092 3055 hunc
2129 3012 2304 3074 quar-

278 3085 395 3136 tum
428 3077 694 3138 scribere
727 3079 1063 3158 compulsus
1095 3087 1185 3139 est
1216 3077 1289 3138 ab
1321 3078 1623 3158 Augusto,
1680 3088 1739 3139 ut
1773 3079 1956 3139 refert
1988 3080 2304 3139 Suetonius
2324 3095 2379 3136 aa

275 3160 334 3219 in
377 3163 492 3221 vita
535 3161 791 3239 Horatii,
841 3165 899 3223 in
939 3162 1169 3224 laudem
1214 3163 1466 3242 privigni
1509 3166 1597 3224 sui
1636 3163 1811 3226 Drusi
1854 3162 2105 3224 Neronis
2131 3209 2150 3240 ,
2203 3166 2304 3242 qui

276 3243 468 3303 victor
525 3245 598 3305 de
658 3245 863 3308 Raetis
905 3246 1226 3308 Vindelicis
1266 3248 1458 3308 fuerat
1511 3267 1808 3309 reversus.
1903 3246 2162 3308 Scholia
2215 3247 2310 3308 ad

277 3322 501 3387 Horat.
537 3344 729 3388 carm.
764 3340 825 3407 4,
857 3341 911 3409 1,
949 3341 999 3392 1.
1032 3331 1300 3411 Apparet
1338 3332 1491 3393 bunc
1520 3332 1759 3393 librum.
1795 3375 1811 3392 .
1844 3376 1858 3390 .
1893 3332 2122 3393 hortatu
2150 3330 2303 3393 Cae-

278 3407 427 3466 saris
471 3412 750 3488 scriptum
793 3433 963 3494 esse,
1022 3410 1183 3476 cdius
1225 3417 1314 3477 rei
1360 3419 1532 3478 etiam
1588 3417 1898 3479 Suetonius
1945 3424 2150 3477 auctor
2188 3424 2301 3476 est.
