2553 3960
292 208 414 270 260
788 217 848 266 c,
883 217 1270 266 sumemus
1303 216 1788 277 TRANQmLLUs

293 358 481 418 unius
524 358 849 436 corporis,
893 357 1042 437 quia
1083 356 1426 436 scriptores
1472 374 1552 417 ac
1584 363 1812 435 poetas
1856 353 1971 416 sub
2016 355 2303 416 clientela

293 439 622 503 Musarum
651 440 993 517 iudicaret,
1038 459 1163 502 non
1214 439 1492 502 absurde
1528 447 1586 501 et
1607 439 1843 519 fecisse
1882 446 1941 500 et
1966 439 2305 517 scripsisse

294 543 364 585 se
395 527 474 586 ait
506 544 586 586 ex
626 544 879 586 numero
917 524 1205 586 divarum
1245 533 1305 585 et
1343 525 1781 603 appellatione.
1862 523 2043 583 Huius
2080 540 2300 601 cogno-

255 612 260 615 ’
293 612 509 670 meniu
544 609 843 689 plerisque
869 609 1151 671 indicibus
1175 618 1233 670 et
1260 610 1440 671 titulis
1475 628 1582 688 per
1606 627 1771 670 unam
1800 607 1843 669 L
1874 607 2123 669 litteram
2156 609 2300 667 scri-

296 702 455 772 ptum
489 693 916 771 animadverte,
960 712 1156 753 verum
1200 694 1331 772 ipse
1364 693 1421 755 id
1454 712 1560 772 per
1591 693 1731 755 duas
1766 692 1935 754 effert
1964 695 2022 751 in
2054 692 2298 775 parasti·
2329 712 2356 751 5

296 776 467 838 chide
501 777 720 854 libelli,
755 780 851 856 qui
884 777 1216 837 inscribitur
1251 780 1487 857 pinax.
2166 774 2171 777 ’

239 878 271 935 7
428 862 504 926 M.
541 861 826 923 Antonius
860 861 1119 941 Gniph0,
1150 863 1437 940 ingenuus
1469 864 1526 923 in
1564 860 1749 922 Gallia
1780 870 1943 921 natus
1977 859 2082 922 sed
2115 878 2298 940 expo-

298 948 476 1022 situS,
541 964 574 1006 a
622 947 904 1006 nutritore
969 963 1073 1006 suo
1124 948 1503 1006 manumissus
1549 947 1953 1023 institutusque
2015 944 2302 1022 (Alexan-

298 1030 460 1091 driae
491 1028 754 1108 quidem,
790 1038 849 1089 ut
877 1029 1055 1109 aliqui
1079 1030 1338 1109 tradunt,
1381 1032 1438 1091 in
1467 1029 1845 1091 contubernio
1878 1029 2121 1103 Dionysi
2160 1029 2301 1102 Scy-

296 1112 724 1182 tobrachionis;
780 1113 936 1193 quod
990 1113 1256 1192 equidem
1310 1132 1427 1175 non
1472 1123 1692 1175 temere
1746 1113 2123 1190 crediderim,
2173 1130 2301 1172 cum
2328 1130 2382 1170 ιο

297 1208 622 1275 temporum
661 1198 809 1257 ratio
850 1198 946 1257 vix
994 1198 1311 1276 congruat)
1355 1199 1536 1259 fuisse
1582 1198 1790 1258 dicitur
1829 1199 2046 1276 ingenii
2088 1199 2303 1274 magni,

299 1282 614 1342 memoriae
648 1281 960 1358 singularis
979 1328 996 1359 ,
1028 1299 1140 1342 nec
1170 1284 1355 1342 minus
1382 1283 1605 1344 Graece
1632 1300 1801 1362 quam
1830 1282 2029 1344 Latine
2064 1281 2302 1349 doctus;

304 1373 612 1446 praeterea
647 1365 796 1425 comi
828 1365 1105 1444 facilique
1136 1374 1370 1444 natura,
1406 1385 1518 1427 nec
1547 1384 1794 1446 unquam
1824 1366 1896 1427 de
1936 1364 2306 1427 mercedibus

301 1458 526 1530 pactus,
556 1466 745 1528 eoque
771 1449 936 1529 plura
957 1469 1030 1509 ex
1055 1449 1401 1512 liberalitate
1428 1451 1765 1515 discentium
1789 1460 2158 1513 consecutus.
2184 1450 2303 1511 Do-

303 1536 419 1594 cuit
451 1535 693 1612 primum
731 1535 789 1593 in
821 1534 950 1595 Divi
979 1532 1108 1593 Iulii
1139 1534 1311 1594 domo
1342 1536 1537 1613 pueri,
1580 1535 1788 1597 deinde
1820 1538 1876 1594 in
1911 1554 2014 1596 sua
2057 1537 2304 1614 privata.
2330 1553 2382 1594 ιε

297 1618 511 1680 Docuit
535 1627 724 1678 autem
749 1627 809 1678 et
833 1619 1201 1696 rhetoricam,
1219 1621 1298 1679 ita
1321 1629 1382 1679 ut
1407 1620 1661 1700 quotidie
1682 1629 2000 1699 praecepta
2025 1620 2304 1698 eloquen-

300 1705 415 1762 tiae
439 1702 726 1779 traderet,
760 1701 1111 1765 declamaret
1134 1721 1278 1765 vero
1308 1706 1531 1764 nonnisi
1555 1703 1836 1766 nundinis.
1885 1704 2158 1768 Scholam
2181 1706 2307 1764 eius

303 1786 498 1847 claros
525 1804 759 1865 quoque
791 1789 951 1848 viros
983 1786 1391 1868 frequentasse
1422 1791 1611 1867 aiunt,
1645 1790 1797 1853 iniis
1826 1788 1902 1851 M.
1932 1787 2304 1866 Ciceronem,

302 1871 473 1930 etiam
507 1888 634 1929 cum
670 1879 940 1950 praetura
969 1871 1328 1949 fungeretur.
1389 1874 1636 1954 Scripsit
1666 1873 1840 1935 multa
1861 1917 1879 1950 ,
1914 1875 2175 1951 quamvis
2208 1891 2303 1932 an-

300 1973 430 2015 num
498 1956 703 2016 aetatis
758 1956 1291 2036 quinquagesimum
1338 1976 1455 2019 non
1503 1958 1848 2020 excesserit.
1930 1956 2058 2020 Etsi
2098 1956 2379 2020 Ateiuszo

300 2039 645 2117 Philologus
677 2040 790 2099 duo
815 2048 1028 2101 tantum
1053 2041 1343 2104 volumina
1384 2042 1468 2103 de
1496 2042 1759 2114 Latino
1801 2060 2139 2106 sermone
2170 2042 2306 2103 reli-

304 2124 503 2203 quisse
531 2140 661 2182 eum
691 2122 891 2192 tradit;
926 2143 1053 2186 nam
1080 2136 1275 2187 cetera
1300 2128 1515 2206 scripta
1550 2127 1963 2205 discipulorum
1996 2128 2119 2187 eius
2151 2144 2306 2198 esse,
2346 2177 2359 2187 .

303 2224 418 2267 non
443 2207 658 2284 ipsius;
684 2207 741 2266 in
765 2207 970 2286 quibus
998 2218 1057 2269 et
1079 2229 1239 2271 suum
1267 2211 1481 2272 alicubi
1510 2214 1759 2290 reperiri
1785 2230 2027 2288 nomen,
2054 2221 2111 2272 ut
2132 2212 2252 2272 hoc
2275 2211 2305 2253 *

244 2306 281 2360 8
424 2289 501 2350 Μ.
553 2289 870 2369 Pompilius
922 2292 1324 2373 Andronicus,
1371 2298 1602 2357 natione
1656 2299 1866 2374 Syrus,
1920 2296 2108 2358 studio
2163 2295 2304 2375 Epi—

303 2392 517 2436 cureae
542 2384 741 2435 sectae
767 2376 1115 2437 desidiosior
1155 2381 1209 2437 in
1237 2381 1609 2458 professione
1645 2383 2017 2459 grammatica
2053 2379 2303 2441 habeba·
2326 2402 2379 2443 25

298 2469 390 2519 tur
423 2460 728 2539 minusque
755 2459 998 2522 idoneus
1025 2461 1096 2522 ad
1123 2463 1391 2526 tuendam
1421 2464 1699 2527 scholam.
1758 2465 1959 2545 Itaque
1992 2483 2120 2528 cum
2152 2483 2218 2524 se
2249 2465 2306 2523 in

299 2542 442 2604 urbe
476 2561 591 2605 non
622 2543 807 2605 solum
836 2545 1091 2607 Antonio
1125 2547 1435 2626 Gniphoni,
1471 2550 1576 2611 sed
1608 2553 1820 2612 ceteris
1858 2551 2027 2611 etiam
2055 2549 2304 2610 deterio-

299 2628 460 2689 ribus
493 2632 768 2708 postponi
799 2630 1058 2707 videret,
1112 2630 1320 2692 Cumas
1351 2636 1572 2694 transiit
1603 2634 1799 2714 ibique
1830 2636 1887 2695 in
1921 2636 2042 2696 otio
2075 2636 2217 2696 vixit
2249 2642 2306 2694 et

299 2713 473 2773 multa
505 2714 862 2792 composuit;
892 2733 1093 2776 verum
1124 2716 1271 2777 adeo
1304 2719 1475 2797 inops
1507 2727 1681 2797 atque
1713 2737 1926 2798 egens,
1972 2728 2032 2779 ut
2066 2727 2306 2780 coactus

297 2798 372 2857 sit
433 2798 806 2876 praecipuum
855 2798 996 2860 illud
1047 2800 1386 2878 opusculum
1446 2821 1607 2863 suum
1667 2803 2027 2864 annalium
2088 2802 2302 2863 Ennii
2326 2823 2378 2863 ao

299 2881 784 2942 elenchorum
811 2879 969 2943 XVI.
1003 2883 1233 2945 milibus
1261 2904 1542 2947 nummum
1575 2887 1797 2947 cuidam
1828 2888 2120 2964 vendere,
2153 2903 2303 2966 quos

297 2966 479 3027 libros
526 2965 781 3027 Orbilius
823 2984 1178 3046 suppressos
1222 2969 1539 3032 redemisse
1576 2991 1640 3032 se
1678 2971 1818 3032 dicit
1859 2972 2302 3050 vulgandosque

302 3068 539 3110 curasse
569 3053 801 3111 nomine
833 3052 1103 3112 auctoris.

240 3148 274 3202 9
423 3132 484 3193 L.
528 3135 779 3196 Orbilius
811 3135 1070 3215 Pupillus
1103 3136 1575 3218 Beneventanus,
1611 3150 1800 3201 morte
1832 3150 2159 3221 parentum,
2190 3158 2300 3200 una

299 3228 473 3297 atque
514 3219 714 3281 eadem
747 3220 838 3280 die
869 3221 1223 3283 inimicorum
1257 3222 1393 3283 dolo
1428 3225 1932 3305 interemptorum,
1972 3225 2373 3302 destitutum&

301 3301 486 3380 primo
521 3305 909 3380 apparituram
941 3308 1370 3386 magistratibus
1400 3309 1572 3381 fecit;
1620 3309 1829 3371 deinde
1865 3312 1920 3372 in
1959 3309 2298 3372 Macedonia

302 3384 597 3446 corniculo
618 3431 635 3461 ,
668 3402 803 3447 mox
834 3406 986 3468 equo
1017 3393 1253 3464 meruit;
1285 3394 1630 3475 functusque
1658 3395 1888 3472 militia,
1919 3394 2103 3457 studia
2125 3389 2295 3473 repe-

303 3465 404 3538 dt,
455 3483 603 3542 quae
636 3468 745 3528 iam
774 3471 905 3531 inde
947 3492 979 3533 a
1018 3493 1204 3553 puero
1236 3493 1352 3536 non
1381 3478 1589 3539 leviter
1623 3480 1919 3556 attigerat;
1964 3498 2035 3542 ac
2069 3478 2296 3559 profes-
