2553 3960
334 213 377 273 4
515 221 575 269 c
606 220 907 269 summu
939 219 1196 280 TRANQ.
1227 219 1325 268 ms
1356 220 1519 268 vrrA
1554 219 1921 268 cfflsnnnu
1956 221 2093 268 Lm.
2123 221 2171 268 1·

337 393 498 458 quas
523 393 730 436 secum
758 374 942 435 simul
970 373 1418 454 defendissent,
1454 374 1643 436 exitio
1672 373 1991 454 futurum,·
2021 393 2169 437 nam
2193 375 2347 438 Cae-

338 462 477 521 sari
506 458 729 520 multos
751 457 994 519 Marios
1019 459 1241 518 inesse.

283 566 318 618 2
468 544 763 623 Stipendia
795 546 975 622 prima
1006 543 1065 601 in
1086 541 1229 602 Asia
1257 541 1399 601 fecit
1425 541 1605 602 Marci
1630 542 1862 604 Thermi
1892 546 2182 623 praetoris
2215 543 2348 606 coh·

338 629 636 697 tubernio;
667 646 702 687 a
734 645 849 705 quo
880 625 953 687 ad
981 625 1394 686 accersendam
1420 624 1667 686 classem
1691 628 1748 686 in
1772 627 2095 702 Bithyniam
2117 630 2350 706 missus,

340 712 566 774 desedit
610 710 762 790 apud
808 710 1203 786 Nicomeden,
1255 727 1374 770 non
1408 711 1534 769 sine
1573 729 1807 770 rumore
1843 722 2171 790 prostratae
2220 714 2402 791 regis

340 797 678 878 pudicitiae:
711 813 879 873 quem
911 812 1200 855 rumorem
1229 795 1418 870 auxit,
1444 796 1591 855 intra
1619 813 1843 875 paucos
1872 814 2071 856 rursus
2101 796 2230 856 dies
2259 815 2350 857 re·

342 883 519 961 petita
552 879 814 955 Bithynia
846 896 955 958 per
989 896 1221 939 causam
1249 877 1574 955 exigendae
1620 880 1935 957 pecuniae,
1977 898 2127 958 quae
2173 880 2351 940 debe-

339 975 497 1026 retur
542 963 762 1025 cuidam
795 963 1065 1022 libertino
1100 962 1296 1022 clienti
1331 979 1458 1022 suo.
1501 961 1748 1041 Reliqua
1776 963 1974 1023 militia
2003 964 2352 1024 secundiore

341 1051 493 1111 fama
524 1049 627 1107 fuit
659 1056 717 1107 et
763 1065 795 1107 a
830 1046 1078 1107 Thermo
1128 1047 1185 1105 in
1218 1048 1649 1125 expugnatione
1683 1046 2086 1122 Mytilenarum
2128 1064 2353 1107 corona

283 1139 323 1194 ὃ
343 1134 528 1194 civica
561 1131 803 1191 donatus
836 1139 943 1190 est.
1002 1129 1211 1190 Meruit
1244 1140 1303 1190 et
1333 1129 1438 1190 sub
1470 1130 1722 1191 Servilio
1752 1130 2009 1196 Isaurico
2043 1132 2099 1190 in
2126 1129 2353 1207 Cilicia,
2377 1143 2429 1183 ιο

340 1216 445 1278 sed
476 1215 639 1275 brevi
667 1223 953 1292 tempore.
1013 1213 1160 1273 Nam
1192 1214 1391 1274 Sullae
1430 1224 1616 1275 morte
1649 1223 1985 1293 comperta,
2029 1215 2198 1275 simul
2242 1232 2353 1294 spe

340 1318 529 1362 novae
579 1298 993 1374 dissensionis,
1048 1316 1196 1376 quae
1244 1316 1353 1377 per
1392 1298 1647 1359 Marcum
1675 1297 1953 1377 Lepidum
1984 1297 2352 1375 movebatur,

339 1386 582 1447 Romam
624 1399 881 1461 propere
934 1381 1101 1441 redit.
1166 1381 1241 1441 Et
1274 1381 1477 1461 Lepidi
1526 1382 1754 1460 quidem
1798 1383 2110 1459 societate,
2154 1400 2354 1460 quam-

343 1487 513 1548 quam
558 1468 782 1543 magnis
827 1465 1264 1526 condicionibus
1304 1468 1673 1542 invitaretur,
1721 1464 2025 1542 abstinuit,
2084 1484 2211 1526 cum
2269 1468 2352 1525 in-

340 1554 521 1630 genio
569 1553 692 1609 eius
734 1549 955 1610 diffisus
996 1559 1112 1609 tum
1156 1551 1504 1626 occasione,
1548 1567 1717 1628 quam
1751 1551 2031 1609 minorem
2075 1552 2355 1628 opinione
2379 1567 2427 1607 ιε

283 1644 320 1699 4
343 1634 681 1698 offenderat.
734 1632 1003 1694 Ceterum
1030 1635 1355 1712 composita
1378 1634 1663 1694 seditione
1693 1634 1846 1693 civili
1871 1631 2203 1693 Cornelium
2231 1633 2353 1693 Do·

342 1720 615 1781 labellam
659 1719 1023 1779 consularem
1063 1727 1121 1777 et
1166 1717 1565 1796 triumphalem
1609 1717 2054 1796 repetundarum
2094 1718 2355 1796 postula-

343 1806 456 1873 vit3
490 1801 877 1880 absolutoque
905 1801 1171 1862 Rhodum
1205 1802 1487 1862 secedere
1514 1804 1738 1878 statuit,
1765 1809 1822 1862 et
1850 1802 1922 1861 ad
1951 1801 2356 1862 declinandam

343 1887 609 1949 invidiam
650 1894 708 1944 et
740 1894 801 1944 ut
842 1903 948 1965 per
991 1887 1168 1945 otium
1210 1904 1280 1946 ac
1325 1887 1584 1964 requiem
1618 1847 1937 1964 A'pollonio
1972 1884 2194 1947 Moloni
2237 1886 2356 1945 cla-

344 1973 574 2033 rissimo
616 1978 750 2030 tunc
795 1968 1022 2030 dicendi
1064 1971 1346 2048 magistro
1393 1987 1633 2049 operam
1675 1969 1855 2031 daret.
1924 1969 2050 2031 Huc
2091 1969 2221 2031 dum
2269 1968 2356 2029 hi·
2376 1980 2432 2024 ao

345 2057 544 2117 bernis
581 2056 691 2115 iam
739 2054 1032 2115 mensibus
1074 2056 1294 2132 traicit,
1344 2056 1497 2115 circa
1543 2053 2015 2115 Pharmacussam
2045 2054 2289 2114 insulam
2321 2071 2358 2114 a

348 2137 741 2221 praedonibus
767 2148 971 2218 captus
995 2147 1086 2198 est
1100 2141 1467 2217 ,mansitque
1497 2137 1649 2217 apud
1674 2155 1810 2216 eos,
1836 2157 1952 2200 non
1977 2138 2101 2198 sine
2137 2156 2357 2198 summa

343 2223 769 2301 indignatione,
807 2240 996 2302 prope
1032 2222 1411 2321 quadraginta
1443 2221 1569 2282 dies
1601 2241 1727 2281 cum
1759 2241 1872 2284 uno
1907 2221 2132 2282 medico
2166 2232 2224 2282 et
2258 2241 2355 2282 cu·

343 2307 618 2369 bicularis
651 2307 895 2367 duobus
960 2306 1105 2367 Nam
1137 2306 1383 2367 comites
1418 2323 1748 2384 servosque
1783 2316 2015 2367 ceteros
2046 2307 2205 2366 initio
2238 2315 2354 2366 sta-

345 2394 445 2452 tim
476 2390 547 2451 ad
581 2388 976 2468 expediendas
1006 2392 1312 2469 pecunias,
1344 2391 1552 2470 quibus
1581 2390 1995 2467 redimeretur,
2038 2389 2353 2450 dimiserat.
2375 2408 2432 2450 25

345 2475 673 2550 Numeratis
715 2473 923 2534 deinde
968 2475 1389 2552 quinquaginta
1418 2475 1679 2552 talentis,
1725 2477 2030 2554 expositus
2071 2474 2130 2533 in
2177 2474 2355 2534 litore

344 2579 462 2622 non
515 2557 730 2618 distulit
785 2557 920 2636 quin
975 2576 1008 2616 e
1059 2559 1312 2636 vestigio
1360 2559 1550 2618 classe
1603 2558 1847 2619 deducta
1898 2567 2357 2637 persequeretur

346 2644 647 2718 abeuntis,
690 2660 760 2702 ac
799 2641 1074 2702 redactos
1114 2645 1171 2702 in
1205 2651 1553 2720 potestatem
1600 2643 1926 2721 supplicio,
1980 2642 2139 2720 quod
2168 2659 2355 2721 saepe

345 2729 461 2790 illis
489 2728 733 2787 minatus
763 2728 914 2786 inter
947 2727 1138 2786 iocum
1167 2726 1387 2802 fuerat,
1419 2725 1719 2786 adiiceret.
1770 2728 2050 2788 Vastante
2074 2727 2355 2804 regiones

349 2814 645 2892 proximas
676 2809 999 2871 Mithridate
1030 2829 1102 2869 ne
1134 2808 1402 2869 desidere
1431 2810 1486 2869 in
1511 2809 1837 2870 discrimine
1869 2811 2161 2870 sociorum
2193 2810 2353 2870 vide-
2375 2823 2433 2866 ao

348 2904 540 2973 retur,
566 2894 637 2956 ab
665 2894 875 2956 Rhodo
893 2939 910 2971 ,
936 2911 1053 2973 quo
1084 2894 1486 2972 pertenderat,
1512 2895 1735 2953 transiit
1765 2895 1821 2952 in
1846 2892 2075 2970 Asiam,
2102 2894 2356 2957 auxiliis-

351 2998 465 3059 que
494 2980 812 3040 contractis
847 2987 905 3037 et
948 2978 1250 3056 praefecto
1298 2978 1459 3054 regis
1489 2978 1790 3057 provincia
1820 2978 2069 3055 expulso
2104 2979 2356 3038 nutantis

353 3083 422 3123 ac
456 3064 656 3124 dubias
691 3064 954 3123 civitates
984 3063 1217 3122 retinuit
1245 3063 1305 3121 in
1336 3060 1467 3120 fide.

298 3161 330 3212 5
480 3147 791 3208 Tribunatu
820 3146 1077 3223 militum,
1110 3146 1207 3225 qui
1237 3146 1454 3224 primus
1477 3146 1720 3206 Romam
1748 3163 1995 3206 reverso
2024 3163 2131 3225 per
2153 3146 2356 3206 suffra-

351 3231 450 3308 gia
481 3230 683 3309 populi
713 3229 903 3291 honor
928 3232 1168 3309 optigit,
1202 3238 1438 3290 actores
1466 3227 1856 3290 restituendae
1881 3230 2218 3290 tribuniciae
2250 3247 2355 3308 po·
2377 3249 2432 3291 ss

353 3316 609 3391 testatis,
637 3314 797 3374 cuius
820 3315 934 3374 vim
959 3314 1117 3374 Sulla
1143 3312 1506 3391 diminuerat,
1535 3315 1865 3373 enixissime
1891 3316 2049 3374 iuvit.
2094 3314 2156 3375 L.
2188 3316 2358 3378 etiam

250 3468 271 3472 -
358 3396 573 3459 Cinnae
605 3401 805 3457 uxoris
834 3399 1027 3475 fratri,
1073 3407 1131 3457 et
1161 3399 1259 3476 qui
1295 3415 1420 3457 cum
1463 3414 1538 3457 eo
1573 3397 1725 3458 civili
1763 3398 2057 3459 discordia
2083 3397 2356 3476 Lepidum

360 3482 542 3541 secuti
574 3491 709 3554 post
736 3500 938 3541 necem
965 3482 1219 3542 consulis
1251 3481 1323 3542 ad
1343 3482 1661 3542 Sertorium
1687 3483 2094 3557 confugerant,
2118 3481 2360 3543 reditum
