2553 3960
962 250 1169 298 mvus
1216 249 1599 299 AUGUSTUS.
2200 240 2276 298 41

251 417 406 469 tem.
457 406 795 467 Profectum
827 422 966 465 mox
1010 404 1352 466 avunculum
1385 406 1443 463 in
1475 405 1783 486 Hispanias
1830 405 2110 467 adversus
2163 403 2284 465 CN.

254 492 516 571 Pompei
565 489 825 567 liberos,
867 489 1098 550 vixdum
1145 490 1339 550 firmus
1381 508 1414 550 a
1457 492 1624 568 gravi
1671 490 2010 566 valitudine,
2064 507 2173 569 per
2201 491 2283 548 in-

258 577 458 637 festas
502 573 770 634 hostibus
819 575 943 634 vias
987 575 1351 654 paucissimis
1400 574 1706 634 comitibus
1751 575 2056 652 naufragio
2116 575 2286 633 etiam

261 661 436 721 facto
502 659 887 735 subsecutus,
965 676 1324 738 magnopere
1391 658 1704 735 demeruit,
1781 657 2104 738 approbata
2170 659 2285 717 cito

216 761 243 799 5
264 747 450 804 etiam
484 760 709 804 morum
739 741 941 822 >iudoffile
975 761 1160 823 super
1183 743 1408 802 itineris
1441 742 1796 806 industriam.

403 825 662 888 Caesare
692 835 832 907 post
873 836 1147 907 receptas
1187 826 1493 905 Hispanias
1522 827 1956 908 expeditionem
1996 829 2053 886 in
2090 827 2289 889 Dacos

268 920 333 972 et
357 910 498 971 inde
526 913 584 971 in
601 910 848 972 Parthos
872 910 1228 988 destinante,
1273 913 1625 990 praemissus
1658 910 2034 992 Apolloniam
2088 911 2288 972 studiis

266 997 529 1055 vacavit.
573 996 768 1074 thue
796 997 1037 1074 primum
1069 998 1329 1057 occisum
1363 1012 1492 1054 eum
1525 994 1918 1074 heredemque
1953 1014 2020 1055 se
2054 1013 2287 1075 compe·

265 1082 379 1157 rit,
432 1079 530 1139 diu
573 1087 873 1141 cunctatus
911 1099 982 1140 an
1017 1081 1316 1161 proximas
1352 1079 1624 1157 legiones
1659 1080 2031 1159 imploraret,
2071 1081 2129 1142 id
2168 1082 2287 1161 qui-

200 1175 248 1215 ¹⁰
266 1165 410 1224 dem
434 1164 738 1224 consilium
758 1172 820 1222 ut
842 1182 1132 1245 praeceps
1146 1166 1598 1243 inmaturumque
1616 1167 1830 1241 omisit,
1862 1174 2119 1226 ceterum
2143 1164 2288 1225 urbe

266 1250 530 1328 repetita
583 1247 965 1308 hereditatem
1020 1248 1184 1325 adiit,
1262 1247 1558 1308 dubitante
1612 1258 1827 1328 matre,
1885 1251 2097 1310 vitrico
2140 1266 2287 1309 vero

266 1333 500 1393 Marcio
524 1331 796 1412 Philippo
823 1332 1114 1394 consulari
1155 1333 1392 1393 multum
1422 1331 1813 1394 dissuadente.
1875 1332 2068 1413 Atque
2103 1334 2176 1394 ab
2215 1350 2288 1393 eo

269 1426 546 1495 tempore
584 1416 942 1478 exercitibus
977 1418 1329 1497 comparatis
1362 1419 1602 1497 primum
1649 1436 1778 1478 cum
1805 1416 1884 1477 M.
1916 1417 2173 1498 Antonio
2209 1416 2288 1477 M.

271 1519 391 1580 que
435 1499 659 1580 Lepido
701 1499 908 1561 deinde
945 1510 1160 1562 tantum
1210 1520 1340 1561 cum
1379 1500 1637 1561 Antonio
1673 1520 1782 1581 per
1822 1501 2128 1561 duodecim
2162 1501 2289 1561 fere

206 1596 252 1636 ¹⁵
271 1602 500 1660 annos,
538 1585 856 1644 novissime
895 1605 1002 1666 per
1043 1594 1313 1665 quattuor
1356 1593 1416 1644 et
1448 1584 1826 1663 quadraginta
1870 1585 2032 1645 solus
2069 1602 2193 1644 rem
2230 1602 2287 1664 p.

273 1670 479 1727 tenuit.

408 1751 720 1832 Proposita
760 1755 914 1813 vitae
959 1753 1085 1812 eius
1108 1754 1269 1814 velut
1321 1769 1564 1829 summa,
1606 1761 1806 1833 partes
1830 1752 2165 1830 singillatim
2186 1771 2282 1812 ne·
2306 1763 2342 1817 9

275 1853 392 1915 que
442 1854 552 1917 per
585 1845 850 1916 tempora
885 1835 989 1896 sed
1024 1854 1133 1915 per
1174 1838 1407 1917 species
1445 1855 1769 1916 exsequar,
1818 1855 1934 1916 quo
1970 1835 2290 1897 distinctius

277 1919 662 1980 demonstrari
695 1921 1098 2000 cognoscique
1128 1922 1375 2002 possint.

207 2015 260 2055 20
405 2004 570 2065 Bella
625 2005 817 2066 civilia
867 2007 1118 2084 quinque
1165 2008 1382 2084 gessit:
1450 2007 1806 2083 Mutinense,
1892 2007 2289 2086 Philippense,

278 2089 653 2167 Perusinum,
700 2088 988 2166 Siculum,
1032 2090 1374 2158 Actiacum;
1413 2110 1446 2150 e
1479 2089 1685 2170 quibus
1720 2091 1962 2169 primum
1997 2109 2069 2151 ac
2097 2093 2289 2151 novis·

277 2175 484 2237 simum
520 2172 804 2234 adversus
838 2174 917 2235 Μ.
957 2174 1302 2252 Antonium,
1362 2175 1677 2235 secundum
1727 2173 2009 2235 adversus
2057 2174 2290 2236 Brutum

278 2266 338 2317 et
363 2255 656 2334 Cassium,
696 2260 925 2317 tertium
949 2258 1230 2319 adversus
1262 2259 1326 2320 L.
1359 2258 1669 2320 Antonium
1707 2261 1985 2320 triumviri
2029 2260 2287 2338 fratrem,

279 2350 544 2422 quartum
583 2341 864 2402 adversus
905 2342 1142 2403 Sextum
1174 2343 1510 2423 Pompeium
1537 2343 1657 2406 CN.
1688 2342 1755 2403 F.
1816 2343 2075 2405 Omnium
2101 2344 2284 2405 bello·
2309 2354 2373 2403 lo

211 2444 405 2487 zsrum
446 2426 663 2486 initium
693 2435 751 2486 et
794 2444 1023 2487 causam
1052 2427 1187 2487 hinc
1236 2430 1507 2508 sumpsit:
1546 2428 1685 2489 nihil
1719 2430 2157 2489 convenientius
2191 2429 2289 2489 du·

282 2529 421 2571 cens
465 2528 633 2589 quam
677 2529 887 2571 necem
930 2512 1197 2572 avunculi
1232 2512 1529 2572 vindicare
1573 2514 1835 2592 tuerique
1882 2521 2040 2590 acta,
2093 2512 2289 2573 confe-

280 2596 409 2655 stim
445 2604 507 2654 ut
542 2595 861 2675 Apollonia
891 2595 1093 2673 rediit,
1141 2595 1379 2656 Brutum
1429 2594 1805 2674 Cassiumque
1853 2605 1912 2655 et
1961 2598 2018 2674 gi
2052 2596 2289 2675 necopi-

281 2679 464 2756 nantis
500 2689 561 2739 et
596 2681 762 2760 (quia
796 2681 1094 2760 provisum
1141 2679 1466 2760 periculum
1514 2679 2019 2757 subterfugerant)
2056 2674 2291 2756 legibus

285 2761 524 2839 adgredi
572 2781 827 2842 reosque
866 2764 1063 2825 caedis
1106 2764 1366 2846 absentis
1409 2763 1641 2823 deferre
1695 2764 1907 2823 statuit.
1966 2763 2157 2823 Ludos
2193 2781 2289 2824 au·

219 2854 397 2909 sotem
434 2846 720 2908 victoriae
756 2846 1062 2925 CaesariS,
1095 2844 1241 2929 ‘nons
1269 2848 1615 2909 audentibus
1658 2848 1859 2908 facere
1906 2846 2111 2926 quibus
2142 2848 2289 2926 opti-

284 2939 451 3008 gerat
474 2931 533 2991 id
555 2949 791 3013 munus,
842 2933 974 3011 ipse
1003 2929 1230 3019 edidit(
1248 2932 1326 2993 Et
1355 2951 1471 3013 quo
1518 2934 1877 2995 constantius
1916 2940 2113 2992 cetera
2148 2947 2289 3011 quo-

285 3032 395 3093 que
425 3026 845 3096 exequeretur,
892 3019 951 3076 in
981 3017 1189 3084 ,locum
1216 3017 1336 3079 ΤΒ.
1374 3017 1481 3078 PL.
1521 3018 1675 3079 forte
1710 3017 1992 3077 demortui
2026 3014 2289 3077 candida·

284 3107 397 3156 tum
432 3117 498 3158 se
542 3100 826 3178 ostendit,
878 3120 1204 3182 quanquam
1242 3103 1521 3181 patricius
1561 3100 1807 3161 necdum
1845 3108 2102 3160 senator.
2172 3098 2292 3161 Sed

285 3180 628 3243 adversante
687 3185 988 3246 conatibus
1042 3189 1162 3247 suis
1213 3187 1292 3248 Μ.
1333 3187 1586 3247 Antonio
1647 3184 1916 3262 consule,
1977 3202 2149 3264 quem
2189 3183 2288 3244 vel

223 3267 665 3346 25praecipuum
701 3267 1019 3329 adiutorem
1071 3279 1445 3350 speraverat,
1503 3288 1574 3330 ac
1615 3288 1689 3329 ne
1724 3267 2018 3348 publicum
2060 3269 2289 3347 quidem

288 3357 346 3408 et
387 3350 783 3412 translativum
817 3353 909 3413 ius
941 3352 1061 3414 ulla
1103 3357 1163 3413 in
1192 3373 1257 3414 re
1291 3354 1400 3414 sibi
1434 3355 1561 3414 sine
1600 3355 1874 3434 pactione
1907 3353 2289 3431 gravissimae

284 3434 566 3495 mercedis
602 3437 1001 3515 impertiente,
1056 3438 1127 3498 ad
1159 3438 1468 3518 optimates
1505 3456 1569 3498 se
1611 3437 1884 3512 contulit,
1924 3433 2131 3514 quibus
2162 3450 2288 3494 eum

284 3517 524 3577 invisum
564 3517 888 3598 sentiebat,
932 3523 1183 3580 maxime
1221 3522 1378 3600 quod
1408 3521 1481 3581 D.
1518 3521 1753 3581 Brutum
1790 3518 2096 3579 obsessum
2124 3514 2287 3574 Muti-
