2553 3960
484 170 615 215 v111
746 157 751 162 ’
1165 169 1580 217 ΡΒΑΕΕΑΤΙΟ.

477 312 797 401 φιλόλογον
824 345 878 400 p.
896 335 1019 400 275,
1043 335 1094 389 6.
1132 335 1335 398 303,15
1361 327 1578 386 Graeci.
1628 328 1827 385 Libros
1858 347 1967 385 non
1999 337 2125 387 ante
2160 348 2297 402 qua-

482 410 853 481 dragesimum
883 413 1081 468 aetatis
1112 428 1310 467 annum
1343 411 1548 481 edidit,
1577 412 1679 467 sed
1703 412 1902 468 dudum
1928 415 2180 471 scribere
2208 416 2295 470 in-

480 493 740 551 stituerat
789 495 1017 553 libellos
1063 495 1328 566 quosdam
1372 512 1403 551 a
1446 494 1625 551 Plinio
1669 497 1959 553 admodum
2005 497 2295 555 desidera-

480 582 599 641 tos;
633 579 726 648 qui
762 579 1037 634 fuerintne
1070 578 1141 633 de
1166 577 1316 633 Viris
1345 578 1656 635 illustribus
1687 595 1754 634 an
1774 580 1870 635 alii
1897 596 2002 636 non
2028 582 2293 652 decerno,

481 665 637 715 certe
666 662 739 716 de
769 662 883 718 vita
916 661 1212 719 Caesarum
1246 661 1530 733 aliquanto
1558 668 1690 734 post
1716 662 1909 719 edidit.

602 743 781 801 Plinio
830 752 1047 802 mortuo
1089 745 1440 815 Tranquillus
1491 746 1561 801 ad
1604 744 1663 801 C.
1721 745 1757 800 S
1777 747 2045 819 epticii
2096 747 2293 805 Clari

480 827 777 884 amicitiam
808 835 972 900 atque
1004 828 1190 884 officia
1220 828 1462 898 transiit,
1494 828 1584 884 cui
1615 828 1723 886 iam
1743 830 1958 901 pridem
1984 837 2045 886 ut
2074 832 2291 888 amicis—

478 910 620 967 simo
662 910 825 967 Plinii
876 926 1039 967 carus
1082 928 1210 967 esse
1245 911 1455 967 debuit.
1544 912 1598 968 ls
1647 929 1789 968 anno
1827 920 1930 975 119
1974 915 2293 987 praefectus

477 995 766 1066 praetorio
818 995 997 1052 factus
1039 995 1413 1066 Tranquillum
1457 994 1537 1069 fita
1578 997 1915 1068 promeritus
1957 1004 2078 1069 est,
2118 1005 2178 1053 ut
2223 1000 2294 1054 de

478 1078 593 1133 vita
626 1077 924 1134 Caesarum
969 1078 1148 1134 libros
1183 1077 1311 1133 Vlll
1354 1078 1407 1133 ei
1437 1079 1681 1135 mitteret
1720 1097 1775 1151 p.
1806 1086 1943 1150 286,
1973 1088 2039 1146 3;
2087 1082 2292 1154 quippe

482 1160 733 1233 Septicio
791 1162 1030 1217 maxime
1088 1162 1474 1218 intercedente
1527 1163 1729 1218 factum
1788 1181 1918 1220 esse
1963 1165 2187 1221 videtur
2236 1171 2295 1221 ut

482 1245 962 1316 epistularum
992 1245 1491 1316 magisterium
1520 1247 1794 1316 simulque
1823 1264 1934 1303 non
1957 1248 2292 1307 mediocrem

479 1328 698 1398 gratiae
729 1329 911 1384 locum
944 1330 1088 1401 apud
1119 1329 1454 1384 Hadrianum
1486 1329 1796 1402 principem
1826 1348 1880 1403 p.
1914 1337 2015 1400 40,
2044 1337 2113 1389 22
2148 1333 2294 1387 obti-

480 1418 674 1482 neret,
718 1414 864 1468 unde
908 1429 1038 1468 mox
1082 1430 1186 1468 una
1233 1429 1355 1466 cum
1396 1413 1573 1468 amico
1617 1409 1867 1485 deiectus
1911 1421 2014 1470 est.
2105 1416 2295 1471 Refert

480 1495 625 1550 enim
650 1494 977 1567 Spartianus
1008 1512 1129 1568 cap.
1157 1504 1242 1565 ll,
1270 1495 1605 1552 Hadrianum
1636 1512 1668 1550 e
1691 1498 1995 1567 Britannia,
2026 1498 2121 1554 ubi
2151 1515 2293 1555 anno

479 1584 577 1636 121
613 1595 766 1636 muro
795 1597 898 1652 per
919 1579 1109 1636 LXXX
1143 1579 1293 1635 milia
1321 1596 1581 1652 passuum
1614 1580 1867 1637 ducendo
1896 1579 2140 1638 intentus
2172 1583 2294 1638 fue-

478 1663 585 1732 rit,
633 1662 886 1734 Septicio
917 1662 1082 1719 Claro
1113 1663 1405 1735 praefecto
1434 1663 1704 1735 praetorii
1734 1670 1790 1720 et
1819 1664 2088 1721 Suetonio
2121 1667 2291 1721 Tran-

479 1745 656 1816 quillo
701 1747 1061 1818 epistularum
1110 1747 1380 1817 magistro
1426 1746 1724 1817 multisque
1775 1747 1937 1818 aliis,
1976 1764 2117 1819 quos
2148 1749 2293 1821 apud

479 1829 741 1884 Sabinam
785 1846 1016 1885 uxorem
1060 1830 1275 1886 iniussu
1315 1845 1420 1886 suo
1463 1829 1793 1887 familiarius
1832 1847 1894 1886 se
1940 1837 2068 1887 tunc
2101 1833 2292 1903 egisse

479 1918 817 1984 cognosset,
871 1930 1031 1985 quam
1083 1913 1403 1970 reverentia
1443 1915 1637 1970 domus
1688 1915 1904 1970 aulicae
1961 1916 2290 1988 postularet,

476 2013 839 2052 successores
873 1998 1116 2054 dedisse.
1207 1999 1486 2055 Morosam
1525 1998 1670 2054 enim
1701 2005 1759 2054 et
1799 2016 2052 2072 asperam
2097 1998 2293 2055 mulie-

477 2097 594 2135 rem
627 2096 887 2152 perosus,
920 2082 1048 2153 quia
1075 2081 1354 2138 dimittere
1384 2082 1642 2155 principe
1671 2099 1734 2138 se
1763 2098 1873 2139 non
1902 2084 2041 2140 satis
2070 2084 2293 2154 dignum

476 2163 862 2235 existimabat,
913 2172 970 2220 et
1013 2166 1159 2221 omni
1210 2171 1604 2223 extraneorum
1640 2173 1805 2222 coetu
1855 2168 2142 2238 prohibuit
2189 2181 2292 2222 nec

474 2252 655 2303 tamen
691 2248 1003 2319 despicatui
1035 2266 1161 2305 esse
1195 2249 1396 2305 aulicis
1431 2266 1633 2321 passus
1665 2256 1770 2307 est.
1848 2250 2148 2306 Suetonius
2178 2266 2291 2321 quo

474 2337 725 2402 tempore
755 2333 897 2387 hanc
920 2332 1281 2389 acerbitatem
1306 2333 1580 2406 principis
1612 2337 1877 2403 expertus
1908 2339 1996 2387 est
2022 2333 2293 2403 quinqua-

473 2413 740 2484 grenarius
793 2414 932 2486 fuit,
989 2416 1253 2487 vitaeque
1300 2417 1447 2490 quod
1498 2415 1607 2471 fuit
1657 2415 1930 2486 reliquum
1983 2415 2292 2471 litterarum

471 2497 661 2553 studio
692 2499 1234 2571 conscribendisque
1265 2500 1429 2556 libris
1462 2498 1689 2554 dedisse
1720 2498 1960 2554 videtur.

595 2579 963 2637 Novissimam
993 2582 1109 2639 vivi
1139 2584 1475 2638 mentionem
1498 2581 1698 2636 factam
1728 2582 1900 2639 video
1925 2599 1955 2637 a
1978 2584 2048 2640 Μ.
2070 2584 2197 2638 Fro
2218 2600 2294 2637 n-

473 2670 639 2721 tone
671 2664 727 2718 in
766 2665 1006 2737 epistula
1037 2667 1106 2722 ad
1130 2667 1199 2721 Μ.
1225 2666 1517 2722 Aurelium
1547 2666 1960 2723 adulescentem
1991 2668 2140 2736 data,
2171 2666 2294 2722 edi-

473 2747 644 2805 tionis
668 2747 1104 2805 Mediolanensis
1137 2767 1190 2821 p.
1216 2758 1340 2810 103.
1373 2750 1648 2804 Romanae
1679 2767 1732 2822 p.
1762 2755 1881 2821 174,
1910 2750 2294 2807 Berolinensis

473 2848 527 2903 p.
565 2836 648 2891 16.
720 2831 851 2887 Eam
890 2833 1183 2904 epistulam
1210 2831 1510 2906 postremis
1541 2832 1803 2889 Hadriani
1837 2835 1995 2890 annis
2031 2834 2295 2906 scriptam

479 2914 673 2971 statuit
706 2914 1067 2987 Niebuhrius,
1099 2917 1342 2973 fortasse
1372 2916 1582 2972 rectius
1614 2916 1807 2988 primis
1836 2917 1917 2972 Pii
1948 2916 2295 2989 temporibus

479 2998 787 3054 tribuisset.
877 3000 1000 3055 Fuit
1029 3001 1251 3071 quidem
1285 2999 1490 3056 vetusti
1532 3000 1749 3057 codicis
1779 3000 1983 3072 pagina
2015 3001 2111 3057 illa
2151 3002 2294 3057 adeo

480 3081 801 3138 oblitterata
820 3125 837 3152 ,
868 3090 928 3139 ut
954 3100 1131 3156 pauca
1162 3083 1280 3154 legi
1310 3084 1595 3155 potuerint
1625 3099 1801 3154 eaque
1830 3101 2022 3156 parum
2052 3085 2200 3140 inter
2230 3100 2295 3140 se

482 3166 860 3221 cohaerentia.
946 3167 1152 3223 Verum
1186 3184 1307 3223 cum
1340 3168 1512 3223 verba
1550 3174 1748 3238 reputo
1791 3161 1821 3199 *
1857 3167 2168 3240 Tranquilli
2205 3170 2294 3221 in-

480 3247 752 3313 dustriae,
791 3252 890 3322 qui
910 3252 1020 3305 nisi
1041 3253 1212 3307 sciret
1233 3256 1436 3323 quanto
1471 3264 1639 3322 opere
1665 3264 1752 3305 me
1780 3253 2064 3324 diliqereS,
2102 3253 2293 3307 volun-

481 3332 684 3385 tarium
716 3330 821 3386 hoc
852 3337 1120 3405 negotium
1145 3336 1252 3391 sibi
1271 3351 1570 3406 numquam
1597 3338 1923 3408 expetisset,
1954 3336 2195 3406 itemque
2225 3351 2292 3391 ea

480 3428 625 3484 quae
656 3417 1001 3486 praecedunt
1025 3417 1243 3476 Invenit
1271 3424 1453 3475 autem
1480 3432 1567 3474 me
1598 3419 1986 3492 TranquilluS,
2027 3436 2152 3475 cum
2176 3416 2294 3489 fri·
