2553 3960
941 219 1359 267 PRAEFATIO.
1891 221 2038 268 Lvn

347 372 584 435 Meliora
607 377 786 450 igitur
811 396 876 436 ea
909 381 1159 451 exempla
1182 379 1329 442 dico.
1362 395 1502 450 quae
1532 379 1843 436 Iudicem
1872 398 2039 454 prae-
2068 384 2188 432 iibri
2211 401 2303 432 m·-

214 462 492 524 scrintum
519 463 731 518 babent
761 478 950 518 eorum
978 462 1456 534 grammaticorum
1488 469 1545 518 et
1565 464 1869 534 rhetorum,
1900 480 2038 536 quo·
2102 439 2255 485 ηοω·

216 562 344 604 rum
380 545 524 602 vitas
560 545 790 602 libellus
819 547 1041 617 integer
1064 544 1403 602 continebat.
1491 546 1547 602 Is
1581 546 1753 603 index
1775 563 2039 604 necessa-

219 631 312 687 rio
348 628 774 700 antiquissimus
815 636 872 686 et
901 630 993 686 vel
1024 628 1386 685 Henocbiano
1424 629 1575 685 libro
1619 630 1901 702 antiquior
1932 635 2037 696 est,

220 730 346 770 cum
390 718 448 768 et
494 714 822 784 deperditae
861 714 1039 786 partis
1079 712 1301 769 nomina
1341 713 1686 784 servaverit,
1738 715 1839 769 cfr.
1893 712 2037 770 infra

215 815 278 870 p.
302 801 443 866 272,
495 802 551 851 et
590 798 663 852 ad
711 797 1068 868 superstitem
1110 802 1323 868 partem
1365 791 1853 871 emendationisfl)
1899 814 2040 854 non-

216 881 371 945 nibil
398 880 672 936 conferat.
720 881 995 938 Fortasse
1023 896 1095 935 ne
1123 885 1340 935 erraret
1372 880 1613 950 quidem,
1643 880 1691 935 si
1724 882 1849 952 quis
1876 876 2039 936 Plinii

217 962 478 1032 maioris,
509 962 697 1034 Gellii,
726 963 956 1035 Hygini,
983 963 1251 1034 Polyaeui
1282 963 1555 1035 exemplis
1583 981 1718 1020 usus
1753 964 1863 1037 ipsi
1897 963 2039 1021 Sue-

220 1046 384 1104 tonio
434 1045 726 1103 tribueret.

351 1130 512 1186 Hunc
547 1130 720 1201 igitur
748 1131 1027 1186 nominum
1070 1130 1312 1186 indicem
1362 1129 1417 1185 in
1451 1130 1633 1202 capite
1675 1132 1853 1187 libelli
1897 1132 2037 1188 scri·

219 1220 379 1287 ptum
409 1215 615 1270 babent
639 1214 774 1271 libri
802 1215 890 1271 hi:
1079 1259 1084 1265 .

310 1307 362 1358 l.
396 1298 735 1355 Vaticani
769 1300 906 1354 duo
936 1299 1005 1354 ab
1036 1297 1257 1353 Achille
1292 1297 1473 1355 Statio
1515 1316 1565 1354 a.
1603 1305 1737 1359 1565
1777 1299 2038 1373 inspecti,

219 1381 398 1438 hodie
429 1381 538 1437 nisi
571 1381 739 1437 fallor
782 1381 1026 1437 numeris
1055 1388 1192 1442 1518
1223 1388 1281 1436 et
1318 1387 1454 1442 1862
1484 1381 1766 1453 distincti,
1807 1399 2038 1454 quorum

223 1472 467 1537 uterque
483 1465 659 1522 Taciti
696 1480 917 1537 quoque
943 1460 1287 1522 Germaniam
1320 1471 1378 1520 et
1406 1465 1476 1521 de
1492 1464 1842 1535 Oratoribus,
1873 1483 2037 1537 prae-

221 1556 385 1605 terea
420 1548 578 1620 prior
604 1549 1008 1621 Porphyrionis
1030 1549 1246 1605 scholia
1283 1549 1584 1606 Horatiana
1617 1550 1882 1604 eontinet.
1927 1550 2040 1606 Va-

223 1632 537 1689 rietates‘a
581 1632 762 1688 Statio
796 1633 1049 1703 proditas
1084 1633 1386 1705 plerasque
1427 1632 1485 1687 in
1524 1630 1781 1687 Leidensi
1817 1647 2039 1703 quoque

224 1717 321 1771 vel
351 1715 604 1772 Gudiano
639 1715 788 1772 libro
829 1716 1113 1787 invenias,
1164 1717 1268 1771 sed
1307 1721 1432 1771 uter
1461 1715 1569 1770 utri
1609 1715 1845 1770 similior
1873 1715 1948 1770 sit
1985 1716 2041 1770 in

224 1800 325 1855 illa
359 1798 741 1871 distinguendi
772 1800 1119 1871 negligentia
1149 1815 1261 1854 non
1293 1798 1506 1855 dixeris
1518 1793 1612 1869 ³⁵).
1690 1799 1893 1854 Verum
1921 1814 2043 1854 cum

225 1883 286 1938 in
322 1883 525 1955 Tacito
560 1883 645 1938 illi
690 1884 988 1939 secundum
1023 1883 1349 1939 Leidensem
1392 1882 1583 1955 optimi
1635 1881 2042 1949 existimentur,

227 1965 425 2039 ntique
467 1966 781 2038 dignissimi
824 1974 950 2024 suat
1000 1967 1092 2041 qui
1136 1965 1391 2024 Suetonii
1424 1983 1645 2039 quoque
1690 1966 1872 2038 gratia
1912 1967 2041 2023 dili-

228 2058 436 2122 genter
470 2052 872 2107 examinentur.

316 2141 370 2191 2.
429 2135 638 2191 Leide
658 2135 807 2190 nsis
836 2135 1013 2191 XVIII
1042 2134 1220 2189 Periz.
1253 2151 1307 2189 c.
1339 2140 1404 2194 21
1453 2150 1573 2188 cum
1618 2135 1834 2190 duobus
1866 2133 2042 2189 Taciti

231 2216 447 2273 libellis
474 2217 819 2273 coniunctus,
885 2218 1143 2291 Scriptus
1174 2223 1261 2273 est
1294 2235 1343 2273 a.
1373 2223 1509 2277 1460
1532 2218 1607 2273 ab
1637 2217 1868 2273 Ioviano
1897 2216 2038 2273 Pon-

230 2308 388 2371 tano,
423 2302 662 2358 fortasse
693 2300 963 2375 Neapoli,
1000 2302 1104 2358 cfr.
1132 2318 1188 2373 p.
1220 2306 1355 2371 288,
1383 2308 1495 2356 tum
1525 2319 1575 2356 a.
1609 2305 1745 2360 1742
1772 2300 2040 2356 incertum
2113 2355 2114 2358 ,

228 2385 383 2441 unde
414 2402 445 2440 a
473 2385 835 2441 Leidensibus
879 2391 936 2441 et
975 2402 1108 2441 aere
1141 2384 1361 2456 quidem
1405 2385 1553 2456 quod
1582 2382 1905 2440 Perizonius
1955 2384 2040 2438 le-

372 2579 465 2643 34)
494 2581 829 2634 Praenomina
861 2584 1325 2649 grammaticorum,
1358 2597 1487 2646 quae
1521 2584 1623 2632 iam
1646 2584 1700 2639 in
1718 2579 2043 2631 Hen'oehiano

232 2650 366 2701 libro
409 2650 714 2700 effluxerant
762 2658 881 2701 noto
925 2652 1013 2701 illo
1067 2652 1349 2701 scribarum
1388 2663 1531 2699 more
1567 2650 1809 2716 capitales
1851 2649 2043 2698 litteras

233 2718 500 2770 omittendi
513 2756 530 2780 ‚
572 2725 630 2770 ut
669 2720 734 2770 ab
764 2719 1030 2771 miniatore
1070 2721 1351 2770 ornatiores
1393 2718 1671 2778 addantur,
1721 2716 1907 2767 Indicis
1945 2730 2043 2781 ope

232 2788 514 2853 reciperata
541 2796 661 2838 sunt
690 2804 745 2854 p.
781 2787 900 2851 260,
938 2788 1023 2841 34.
1062 2788 1181 2850 261,
1215 2788 1301 2837 24.
1350 2786 1470 2846 262,
1510 2786 1591 2837 15.
1643 2786 1763 2847 264,
1789 2784 1875 2837 26.
1919 2784 2042 2847 270,

232 2857 329 2915 21;
361 2871 423 2906 ae
449 2857 514 2907 de
544 2865 919 2923 postremorum
953 2858 1169 2917 duorum
1200 2856 1413 2907 veritate
1452 2855 1656 2905 aliunde
1687 2870 1887 2919 quoque
1921 2869 2042 2904 con-

234 2932 352 2978 stat.
438 2927 561 2975 Item
611 2939 797 2975 nomen
855 2926 1153 2976 Volcacilius
1195 2940 1249 2991 p.
1297 2924 1398 2974 270
1417 2961 1432 2985 ,
1487 2924 1554 2976 13
1612 2924 1768 2974 indici
1812 2924 2042 2981 debetur,

234 2994 299 3044 ab
331 2991 636 3058 Hieronymo
677 2996 1018 3048 confirmatur.
1091 2994 1325 3044 Ceterum
1363 2990 1486 3041 vitia
1526 3007 1725 3057 quoque
1757 2993 1914 3043 index
1949 3005 2044 3042 sua

234 3062 400 3124 habet,
435 3070 490 3113 ut
521 3079 636 3114 cum
667 3079 722 3130 p.
747 3062 866 3125 267,
897 3062 931 3114 6
965 3076 1292 3128 praenomen,
1328 3076 1381 3126 p.
1415 3060 1535 3124 263,
1567 3062 1630 3113 16
1664 3062 1920 3126 integrum
1950 3072 2044 3108 no-

235 3145 353 3180 men
397 3134 610 3195 omittit,
660 3148 727 3198 p..
751 3131 854 3183 265
875 3168 889 3193 ,
946 3132 1013 3183 18
1052 3132 1309 3195 fryqinum
1348 3130 1497 3180 offert
1539 3133 1632 3195 pro
1666 3129 1880 3195 hygiam·
1927 3142 2047 3177 nam

237 3216 290 3265 p.
305 3198 421 3262 265,
436 3202 506 3255 29
536 3215 854 3267 praenomen
877 3202 931 3252 G.
970 3202 1022 3249 in
1056 3199 1286 3250 Gudiano
1316 3198 1520 3262 quidem
1554 3198 1721 3248 indice
1755 3203 2049 3264 corruptum

238 3282 339 3319 non
367 3279 457 3320 eet.

368 3353 457 3420 35)
491 3356 727 3407 Forsitan
750 3377 751 3380 ¹
771 3354 992 3419 priorem
1032 3350 1291 3415 Gudiano‚
1336 3353 1669 3418 posteriorem
1705 3350 1940 3402 Leidensi
1977 3351 2049 3401 sl-

237 3421 475 3477 miHorcm
509 3423 770 3491 suspicari
801 3421 934 3481 licet,
972 3436 1084 3471 cum
1116 3422 1169 3471 in
1201 3421 1369 3471 libello
1397 3421 1461 3471 de
1493 3419 1761 3471 Germania
1785 3419 2050 3470 Leidensis

238 3501 283 3543 et
321 3495 594 3546 Vaticanus
632 3490 771 3543 1862
804 3490 1068 3540 concinere
1099 3490 1312 3540 soleant.
