2553 3960
991 233 1200 283 DIV'US
1247 235 1504 284 IULIUS.
2173 224 2255 284 27

234 397 362 468 tus,
405 388 738 469 supplicem
777 389 850 450 ad
889 408 956 448 se
994 392 1240 470 recepit.
1308 388 1703 451 Alexandriae
1748 392 1905 451 eirca
1952 403 2338 471 oppugna-64

232 474 460 533 tionem
486 475 685 552 pontis
711 475 1019 551 eruptione
1041 473 1293 533 hostium
1321 473 1510 534 subita
1534 473 1850 554 conpulsus
1878 476 1937 534 in
1959 473 2254 553 scapham,

235 557 505 638 pluribus
559 556 772 617 eodem
824 558 1368 637 praecipitantibus,
1432 575 1560 617 cum
1610 557 1906 619 desilisset
1961 560 2019 617 in
2074 575 2254 634 mare,

236 639 432 702 nando
466 659 575 721 per
605 641 891 711 ducentos
923 658 1132 720 passus
1159 643 1346 702 evasit
1376 640 1449 701 ad
1481 644 1801 721 proximam
1829 659 2068 719 navem,
2104 640 2257 702 elata

188 725 446 802 slaeva,
492 742 567 784 ne
620 723 807 784 libelli
863 743 1010 804 quos
1067 725 1303 786 tenebat
1343 725 1753 804 madefierent,
1795 725 2257 806 paludamentum

235 808 540 869 mordicus
568 808 838 885 trahens,
870 827 944 869 ne
977 809 1183 889 spolio
1205 818 1511 889 poteretur
1537 809 1744 869 hostis.

361 891 608 954 Militem
648 909 838 971 neque
879 911 912 953 a
953 893 1213 953 moribus
1258 912 1450 973 neque
1495 912 1528 953 a
1568 894 1755 954 forma
1789 892 2107 973 probabat,
2151 890 2340 953 sed65

235 986 460 1038 tantum
484 996 518 1037 a
553 976 807 1054 viribus,
829 977 1227 1057 tractabatque
1259 979 1387 1057 pari
1409 979 1724 1038 severitate
1748 987 1921 1057 atque
1955 975 2256 1053 indulgen-

236 1063 341 1122 tia.
406 1060 544 1121 Non
576 1062 727 1120 enim
758 1059 971 1139 ubique
1002 1079 1071 1122 ac
1103 1079 1367 1141 semper,
1392 1061 1498 1122 sed
1530 1079 1657 1121 cum
1680 1062 1867 1122 hostis
1898 1063 1957 1120 in
1986 1062 2255 1141 proximo

170 1165 220 1208 ie
239 1154 443 1223 esset,
482 1144 827 1206 coercebat:
870 1153 986 1205 tum
1019 1147 1264 1206 maxime
1304 1156 1549 1206 exactor
1582 1142 1961 1224 'gravissimus
1996 1143 2256 1224 discipli-

236 1248 388 1307 nae,
424 1237 485 1288 ut
517 1246 706 1308 neque
736 1231 959 1289 itineris
990 1247 1178 1309 neque
1213 1229 1427 1309 proelii
1461 1239 1685 1310 tempus
1722 1230 2118 1306 denuntiaret,
2149 1226 2257 1287 sed

235 1322 507 1395 paratum
538 1321 596 1372 et
618 1315 893 1373 intentum
921 1315 1227 1374 momentis
1256 1313 1518 1373 omnibus
1547 1332 1661 1393 quo
1696 1314 1879 1375 vellet
1902 1314 2093 1374 subito
2119 1311 2253 1374 edu-

242 1406 433 1458 ceret.
495 1396 666 1472 Quod
696 1399 869 1458 etiam
898 1398 1023 1457 sine
1055 1415 1228 1458 causa
1251 1397 1591 1477 plerumque
1617 1398 1903 1476 faciebat,
1936 1399 2255 1478 praecipue

239 1482 462 1562 pluviis
494 1490 553 1541 et
580 1482 748 1541 festis
780 1481 1003 1541 diebus.
1078 1482 1170 1541 Ac
1200 1481 1475 1560 subinde,
1510 1481 1933 1543 observandum
1963 1500 2029 1542 se
2062 1480 2255 1542 admo-

175 1584 426 1644 umens,
468 1574 714 1644 repente
744 1565 990 1626 interdiu
1031 1565 1129 1626 vel
1163 1575 1341 1626 nocte
1383 1585 1449 1625 se
1481 1564 1854 1626 subtrahebat
1888 1564 2252 1642 augebatque

241 1652 393 1728 iter,
439 1658 501 1709 ut
541 1651 729 1709 serius
774 1649 1182 1729 subsequentis
1233 1649 1605 1727 defetigaret.
1667 1649 1844 1710 Fama
1884 1665 2030 1708 vero
2072 1646 2339 1709 hosti-66

242 1734 383 1793 lium
419 1734 718 1813 copiarum
745 1736 1093 1813 perterritos
1125 1752 1242 1794 non
1270 1733 1541 1811 negando
1572 1731 1992 1809 minuendove‚
2036 1730 2143 1792 sed
2171 1732 2253 1792 in-

243 1835 429 1898 super
457 1817 863 1896 amplificando
897 1820 1381 1898 ementiendoque
1417 1818 1813 1878 confirmabat.
1890 1816 2094 1895 Itaque
2128 1832 2255 1875 cum

245 1904 586 1982 expectatio
618 1902 897 1964 adventus
920 1902 1099 1963 Iubae
1121 1902 1398 1963 terribilis
1422 1911 1609 1980 esset,
1643 1903 1984 1962 convocatis
2014 1899 2087 1960 ad
2118 1916 2252 1959 con-

173 2006 226 2048 eo
245 1989 467 2047 tionem
497 1986 772 2047 militibus
802 1987 1035 2049 Scitote
1053 2033 1071 2064 ,
1108 1990 1322 2066 inquit,
1351 1987 1752 2065 paucissimis
1780 1987 1877 2047 his
1906 1984 2125 2046 diebus
2152 2001 2250 2044 re-

238 2088 379 2152 qem
422 2069 782 2148 adfuturum
823 2091 959 2133 cum
1002 2071 1209 2133 decem
1248 2070 1591 2151 leqionibas
1605 2117 1623 2148 ,
1669 2071 1934 2151 equinam
1972 2068 2251 2149 triginta,

242 2155 402 2217 levis
425 2162 788 2216 armaturae
810 2163 1042 2217 centum
1061 2154 1343 2232 milibus,
1369 2156 1710 2234 elephantis
1736 2154 2041 2217 trecentis.
2097 2151 2249 2213 Pro-

240 2237 392 2301 inde
439 2239 724 2301 desinant
762 2239 1011 2319 quidam
1054 2258 1359 2320 quaerere
1397 2241 1568 2302 ultra
1609 2247 1722 2301 aut
1748 2239 2030 2317 opinari,
2074 2236 2249 2297 milzi-

244 2341 398 2403 que,
429 2323 538 2404 qui
564 2330 935 2402 compertum
963 2323 1165 2386 habeo
1180 2370 1198 2400 ,
1224 2323 1525 2396 credant,·
1556 2332 1668 2386 aut
1693 2323 1935 2404 quidem
1966 2322 2249 2383 vetustis-

174 2428 226 2470 τι
245 2408 411 2468 sirna
437 2425 601 2468 nave
626 2407 951 2486 impositos
979 2426 1359 2489 quocumque
1386 2415 1564 2469 vento
1591 2409 1657 2468 in
1685 2424 2101 2488 quascumque
2128 2412 2249 2467 ter·

242 2509 362 2553 ras
397 2490 619 2553 iubebo
650 2492 850 2553 avehi.

372 2574 603 2636 Delicta
644 2593 833 2655 neque
876 2575 1229 2637 observabat
1275 2577 1465 2636 omnia
1503 2592 1693 2653 neque
1735 2593 1843 2654 pro
1875 2574 2050 2636 modo
2083 2579 2335 2635 exse-67

247 2658 561 2740 quebatnr,
604 2659 710 2721 sed
756 2659 1121 2721 desertorum
1158 2677 1230 2720 ac
1278 2659 1689 2720 seditiosorum
1740 2667 1800 2718 et
1847 2659 2157 2737 inquisitor
2195 2665 2255 2716 et

242 2745 485 2825 punitor
529 2745 877 2822 acerrimus,
921 2743 1233 2805 conivebat
1271 2746 1331 2804 in
1378 2745 1612 2804 ceteris.
1701 2743 1793 2802 Ac
1833 2758 2255 2819 nonnumquam

174 2836 388 2908 sopost
423 2846 688 2906 magnam
726 2846 978 2908 pugnam
1024 2838 1196 2908 atque
1239 2830 1575 2906 victoriam,
1624 2830 1871 2888 remisso
1927 2826 2255 2886 officiorum

244 2930 518 2988 munere,
576 2911 866 2973 licentiam
919 2930 1146 2972 omnem
1195 2915 1414 2993 passim
1464 2911 1804 2974 lasciviendi
1863 2908 2251 2991 permittebat,

245 2999 469 3058 iactare
518 2994 758 3074 solitus,
808 2997 1030 3058 milites
1075 3015 1226 3058 suos
1274 2997 1457 3058 etiam
1502 3003 1909 3077 unquentatos
1951 2993 2104 3056 bene
2134 3012 2249 3072 pu-

241 3096 446 3160 ynare
467 3097 675 3159 posse.
763 3079 893 3141 Nec
935 3081 1147 3141 milites
1181 3099 1288 3141 eos
1318 3099 1427 3161 pro
1462 3084 1772 3159 contione,
1812 3080 1918 3141 sed
1948 3078 2251 3140 blandiore

243 3165 480 3225 nomine
516 3164 1067 3225 commilitones
1102 3164 1466 3245 appellabat,
1507 3165 1871 3246 habebatque
1911 3174 2028 3226 tam
2062 3163 2251 3225 cultos

177 3259 307 3310 aaut
329 3257 581 3326 argento
613 3257 673 3308 et
703 3264 844 3310 auro
873 3248 1073 3328 politis
1102 3251 1273 3310 armis
1304 3259 1570 3328 ornaret,
1602 3250 1767 3310 simul
1798 3259 1858 3310 et
1886 3249 1959 3311 ad
1991 3249 2251 3328 speciem

244 3342 305 3394 et
342 3350 462 3411 quo
503 3331 836 3394 tenaciores
878 3351 1080 3394 eorum
1116 3334 1174 3393 in
1202 3334 1434 3413 proelio
1466 3343 1662 3395 essent
1695 3344 1850 3395 metu
1878 3334 2085 3394 damni.
2153 3330 2251 3391 Di·

244 3416 471 3496 ligebat
501 3435 739 3497 quoque
768 3435 954 3497 usque
980 3418 1153 3495 adeo,
1184 3427 1246 3478 ut
1275 3417 1465 3479 audita
1498 3417 1662 3479 clade
1692 3419 1982 3479 Tituriana
2015 3413 2252 3475 barbam

246 3501 638 3582 capillumque
665 3503 1012 3562 summiserit
1038 3520 1152 3562 nec
1178 3511 1314 3563 ante
1343 3501 1657 3581 dempserit
1687 3519 1856 3581 quam
1879 3498 2249 3558 vindicasset.
