2553 3960
286 224 422 295 162
500 235 560 289 c,
589 235 890 285 summu
923 234 1179 295 TRANQ.
1210 235 1306 282 nn
1334 234 1501 282 vr'rA
1535 234 1903 282 CAESARUM
1937 234 2075 282 Lm.
2100 234 2169 284 v.

292 391 427 472 quin
461 391 533 451 de
582 389 1018 451 condicionibus
1047 391 1319 450 continuo
1353 398 1657 465 tractaret,
1704 391 1875 450 etiam
1903 388 1977 449 de
2002 389 2298 469 Paetinae,

293 493 460 556 quam
491 475 629 534 olim
675 482 989 551 exegerat,
1042 474 1230 552 deque
1259 472 1477 532 Lolliae
1519 472 1820 549 Paulinae,
1865 490 2015 551 quae
2044 472 2110 534 C.
2150 472 2294 534 Cae-

293 561 407 621 sari
452 567 627 637 nupta
668 559 873 618 fuerat.
925 559 1143 620 Verum
1182 556 1498 616 inlecebris
1538 557 1941 635 Agrippinae,
1969 555 2294 620 Germanici

290 644 488 705 fratris
536 644 623 703 sui
666 642 854 718 filiae,
903 659 1010 720 per
1044 643 1131 700 ius
1175 640 1361 700 osculi
1400 649 1457 699 et
1496 639 1892 699 blanditiarum
1946 642 2295 701 occasiones

292 726 583 807 pellectus
616 728 672 785 in
704 742 989 801 amorem,
1039 723 1376 784 subornavit
1407 725 1675 801 proximo
1709 733 1907 783 senatu
1947 725 2044 802 qui
2089 742 2291 784 cense-
2314 750 2342 790 5

292 819 450 887 rent,
486 810 810 887 cogendum
841 827 906 869 se
938 808 1009 868 ad
1050 808 1370 869 ducendum
1412 824 1537 868 eam
1576 825 1850 884 uxorem,
1895 809 2059 886 quasi
2102 810 2192 868 rei
2232 826 2295 887 p.

289 895 535 955 maxime
560 897 889 970 interesset,
915 893 1272 971 dandamque
1292 892 1504 952 ceteris
1529 894 1754 952 veniam
1779 891 1975 952 talium
1991 893 2292 969 coniugio-

291 997 443 1055 rum,
472 996 619 1057 quae
647 977 717 1038 ad
747 976 803 1036 id
826 986 1052 1056 tempus
1080 978 1302 1036 incesta
1329 974 1707 1035 habebantur.
1740 974 1831 1034 Ac
1856 976 1954 1036 vix
1980 994 2092 1035 uno
2116 978 2291 1035 inter-

291 1063 484 1143 posito
544 1060 636 1120 die
692 1061 948 1121 confecit
1000 1061 1256 1139 nuptias;
1305 1076 1420 1118 non
1470 1062 1723 1137 repertis
1768 1061 1863 1139 qui
1908 1068 2293 1138 sequerentur

293 1143 652 1223 exemplum,
685 1153 938 1223 excepto
971 1145 1238 1204 libertino
1286 1142 1561 1222 quodam,
1609 1152 1666 1203 et
1705 1143 1889 1203 altero
1928 1144 2287 1222 primipilari,
2311 1161 2362 1203 ιο

294 1232 453 1290 cuius
500 1229 822 1307 nuptiarum
863 1228 1114 1288 officium
1144 1237 1204 1287 et
1249 1230 1379 1306 ipse
1424 1246 1550 1286 cum
1580 1224 1905 1306 Agrippina
1948 1227 2288 1287 celebravit.

204 1313 536 1375 2⁷Liheros
580 1330 654 1371 ex
696 1311 878 1371 tribus
921 1312 1198 1373 uxoribus
1230 1312 1383 1371 tulit:
1440 1329 1515 1370 ex
1544 1311 1909 1387 Urgulanilla
1951 1311 2199 1372 Drusum
2231 1319 2292 1371 et

295 1396 618 1467 Claudiam,
666 1414 740 1455 ex
782 1395 1020 1456 Paetina
1059 1395 1401 1471 Antoniam,
1448 1414 1522 1454 ex
1557 1395 1868 1456 Messalina
1899 1394 2196 1457 Octaviam
2231 1403 2292 1455 et

293 1499 461 1562 quem
516 1480 700 1558 primo
744 1477 1171 1557 Germanicum,
1224 1496 1362 1538 mox
1405 1478 1787 1539 Britannicum
1837 1481 2286 1557 cognominavit.

289 1566 534 1625 Drusum
557 1563 828 1643 Pompeis
855 1564 1209 1643 impuberem
1234 1564 1438 1639 amisit,
1462 1565 1591 1642 piro
1624 1582 1731 1643 per
1756 1563 1940 1623 lusum
1964 1565 2020 1624 in
2045 1563 2288 1624 sublime
2308 1584 2358 1625 ιε

289 1652 499 1711 iactato
525 1657 582 1708 et
604 1648 756 1709 hiatu
782 1651 902 1709 oris
922 1657 1174 1729 excepto
1200 1646 1647 1725 strangulatum,
1675 1665 1800 1707 cum
1825 1649 1879 1707 ei
1902 1656 2034 1708 ante
2064 1665 2286 1727 paucos

293 1734 416 1793 dies
449 1733 620 1792 filiam
652 1734 843 1793 Seiani
872 1732 1297 1811 despondisset.
1354 1731 1482 1805 Quo
1513 1732 1697 1808 magis
1728 1734 1906 1791 miror
1933 1732 2145 1809 fuisse,
2191 1731 2286 1811 qui

292 1817 582 1877 traderent
614 1816 814 1876 fraude
845 1835 878 1877 a
918 1817 1129 1877 Seiano
1160 1824 1442 1876 necatum.
1499 1814 1793 1876 Claudiam
1825 1834 1900 1875 ex
1930 1816 2141 1876 liberto
2176 1832 2283 1875 suo

291 1901 505 1961 Botere
562 1908 932 1978 conceptam,
991 1902 1247 1979 quamvis
1291 1908 1422 1959 ante
1465 1902 1718 1978 quintum
1759 1918 2015 1960 mensem
2055 1900 2284 1960 divortii

291 1994 477 2046 natam
509 1983 701 2063 alique
732 1993 1030 2065 coeptam,
1062 1986 1279 2064 exponi
1309 1993 1498 2044 tamen
1529 1984 1600 2044 ad
1627 1987 1824 2044 matris
1847 1987 2069 2046 ianuam
2100 1994 2158 2045 et
2186 2004 2282 2044 nu·
2303 2003 2353 2044 2⁰

292 2069 418 2128 dam
470 2069 632 2126 iussit
671 2067 841 2127 abici.
926 2068 1234 2129 Antoniam
1279 2067 1397 2129 CN.
1447 2068 1728 2148 Pompeio
1772 2070 2014 2147 Magno,
2077 2069 2284 2129 deinde

289 2152 504 2212 Fausto
537 2151 767 2228 Sullae,
815 2151 1189 2213 nobilissimis
1217 2152 1544 2230 iuvenibus,
1593 2152 1888 2213 Octaviam
1914 2153 2133 2213 Neroni
2169 2155 2282 2232 pri-

288 2236 467 2311 vigno
506 2252 610 2295 suo
643 2235 990 2309 collocavit,
1038 2237 1232 2297 Silano
1280 2245 1410 2296 ante
1450 2237 1818 2316 desponsam.
1879 2237 2284 2315 Britannicum,

290 2320 567 2378 vicesimo
594 2320 818 2398 imperii
847 2320 938 2379 die
967 2323 1137 2400 inque
1167 2321 1426 2381 secundo
1453 2321 1750 2382 consulatu
1776 2331 1964 2381 natum
1989 2322 2119 2399 sibi,
2150 2341 2282 2402 par-

290 2402 482 2462 vulum
514 2405 681 2463 etiam
716 2411 851 2482 tum,
881 2412 939 2464 et
967 2406 1129 2464 militi
1160 2422 1269 2484 pro
1304 2406 1573 2465 contione
1604 2405 1864 2467 manibus
1893 2408 2012 2466 suis
2042 2415 2282 2484 gestans
2301 2426 2354 2468 2⁸

292 2482 539 2565 et'plebi
580 2506 688 2566 per
733 2490 1071 2567 spectacula
1106 2491 1331 2566 gremio
1367 2499 1460 2550 aut
1502 2498 1634 2549 ante
1663 2509 1729 2550 se
1762 2491 2018 2550 retinens
2052 2490 2283 2551 assidue

291 2571 727 2632 commendabat
774 2572 1091 2652 faustisque
1138 2572 1419 2633 ominibus
1474 2591 1601 2633 cum
1642 2574 2076 2635 adclamantium
2114 2573 2284 2635 turba

287 2655 768 2734 prosequebatur.
838 2656 886 2716 E
937 2659 1173 2734 generis
1212 2656 1507 2717 Neronem
1557 2657 1888 2737 adoptavit,
1945 2659 2281 2738 Pompeium

287 2747 457 2818 atque
488 2740 742 2800 Silanum
776 2758 891 2800 non
921 2742 1210 2801 recusavit
1240 2741 1411 2801 modo
1430 2786 1446 2818 ,
1476 2741 1580 2801 sed
1610 2751 1669 2801 et
1698 2744 2003 2803 interemit.

198 2829 272 2884 28
411 2821 769 2884 Libertorum
802 2826 1116 2904 praecipue
1152 2827 1413 2903 suspexit
1438 2825 1688 2885 Posiden
1720 2826 2072 2905 spadonem,
2109 2845 2351 2907 quemso

286 2910 455 2968 etiam
494 2906 820 2968 Britannico
878 2909 1163 2988 triumpho
1222 2911 1369 2968 inter
1409 2909 1685 2969 militares
1737 2912 1895 2970 viros
1932 2910 2096 2971 hasta
2137 2929 2280 2990 pura

286 2990 550 3061 donavit;
582 2993 906 3052 nec-minus
935 2991 1224 3070 Felicem,
1260 3011 1427 3072 quem
1459 2993 1795 3053 cohortibus
1825 3003 1882 3054 et
1909 2994 2015 3054 alis
2044 2995 2275 3073 provin-

289 3075 528 3153 ciaeque
574 3075 825 3137 Iudaeae
867 3076 1237 3155 praeposuit,
1298 3078 1830 3154 trium‘reginarum
1874 3080 2163 3147 maritum;
2221 3086 2279 3138 et

285 3155 662 3237 Harpocran,
715 3162 805 3221 cui
859 3160 1066 3220 lectica
1112 3179 1219 3239 per
1269 3161 1469 3222 urbem
1528 3160 1773 3221 vehendi
1827 3162 2277 3241 spectaculaque

288 3237 520 3318 publice
554 3243 758 3305 edendi
787 3247 874 3303 ius
905 3244 1130 3313 tribuit:
1160 3263 1231 3304 ac
1263 3263 1440 3324 super
1474 3245 1583 3304 hos
1613 3244 1914 3321 Polybium
1943 3245 2014 3306 ab
2050 3245 2275 3323 studiis,
2296 3266 2348 3309 3⁵

288 3323 382 3400 qui
435 3340 615 3402 saepe
668 3328 816 3387 inter
860 3328 1005 3388 duos
1051 3327 1323 3388 consules
1367 3328 1719 3399 ambulabat;
1772 3331 1877 3390 sed
1914 3338 2046 3389 ante
2091 3332 2275 3390 omnis

284 3402 619 3466 Narcissum
657 3408 727 3468 ab
772 3411 1064 3490 epistulis,
1112 3422 1170 3472 et
1199 3412 1514 3472 Pallantem
1548 3432 1579 3473 a
1610 3414 1955 3492 rationibus,
1998 3431 2144 3493 quos
2175 3413 2272 3474 de-

287 3496 451 3547 creto
485 3507 714 3569 quoque
747 3503 978 3554 senatus
1010 3513 1124 3556 non
1153 3497 1426 3577 praemiis
1466 3496 1640 3557 modo
1671 3497 2033 3577 ingentibus,
2079 3497 2184 3558 sed
2215 3506 2274 3558 et
