<?xml version="1.0" encoding="UTF-8"?>
<!DOCTYPE html PUBLIC "-//W3C//DTD XHTML 1.0 Transitional//EN"
    "http://www.w3.org/TR/xhtml1/DTD/xhtml1-transitional.dtd">
<html xmlns="http://www.w3.org/1999/xhtml" xml:lang="en" lang="en">
 <head>
  <title>
</title>
<meta http-equiv="Content-Type" content="text/html;charset=utf-8" />
  <meta name='ocr-system' content='tesseract 3.04.00' />
  <meta name='ocr-capabilities' content='ocr_page ocr_carea ocr_par ocr_line ocrx_word'/>
</head>
<body>
  <div class='ocr_page' id='page_1' title='image "./csuetonitranqui06rothgoog_0161.png"; bbox 0 0 2553 3960; ppageno 0'>
   <div class='ocr_carea' id='block_1_1' title="bbox 923 167 2258 232">
    <p class='ocr_par' dir='ltr' id='par_1_1' title="bbox 923 167 2258 232">
     <span class='ocr_line' id='line_1_1' title="bbox 923 167 2258 232; baseline 0.01 -14"><span class='ocrx_word' id='word_1_1' title='bbox 923 171 1134 221; x_wconf 84' lang='lat' dir='ltr'><strong>mvus</strong></span> <span class='ocrx_word' id='word_1_2' title='bbox 1180 171 1562 223; x_wconf 71' lang='lat' dir='ltr'>AUGUSTUS.</span> <span class='ocrx_word' id='word_1_3' title='bbox 2175 167 2258 232; x_wconf 83' lang='lat'><strong>49</strong></span> 
     </span>
    </p>
   </div>
   <div class='ocr_carea' id='block_1_2' title="bbox 154 326 2344 3597">
    <p class='ocr_par' dir='ltr' id='par_1_2' title="bbox 154 326 2344 3597">
     <span class='ocr_line' id='line_1_2' title="bbox 233 326 2256 395; baseline 0.002 -5"><span class='ocrx_word' id='word_1_4' title='bbox 233 326 543 390; x_wconf 87' lang='lat' dir='ltr'><strong>commoda</strong></span> <span class='ocrx_word' id='word_1_5' title='bbox 565 343 682 387; x_wconf 91' lang='lat' dir='ltr'><strong>non</strong></span> <span class='ocrx_word' id='word_1_6' title='bbox 713 327 944 387; x_wconf 87' lang='lat' dir='ltr'><strong>minimo</strong></span> <span class='ocrx_word' id='word_1_7' title='bbox 975 329 1252 387; x_wconf 86' lang='lat' dir='ltr'><strong>sectantis</strong></span> <span class='ocrx_word' id='word_1_8' title='bbox 1282 327 1612 390; x_wconf 82' lang='lat' dir='ltr'><strong>discrimine</strong></span> <span class='ocrx_word' id='word_1_9' title='bbox 1646 330 1865 391; x_wconf 81' lang='lat' dir='ltr'><strong>similes</strong></span> <span class='ocrx_word' id='word_1_10' title='bbox 1895 331 2087 393; x_wconf 89' lang='lat' dir='ltr'><strong>aiebat</strong></span> <span class='ocrx_word' id='word_1_11' title='bbox 2122 352 2256 395; x_wconf 88' lang='lat' dir='ltr'><strong>esse</strong></span> 
     </span>
     <span class='ocr_line' id='line_1_3' title="bbox 235 411 2255 497; baseline 0.002 -23"><span class='ocrx_word' id='word_1_12' title='bbox 235 429 413 475; x_wconf 89' lang='lat' dir='ltr'><strong>aureo</strong></span> <span class='ocrx_word' id='word_1_13' title='bbox 447 412 617 473; x_wconf 89' lang='lat' dir='ltr'><strong>hamo</strong></span> <span class='ocrx_word' id='word_1_14' title='bbox 651 411 1036 490; x_wconf 79' lang='lat' dir='ltr'><strong>piscantibus,</strong></span> <span class='ocrx_word' id='word_1_15' title='bbox 1072 413 1234 472; x_wconf 85' lang='lat' dir='ltr'><strong>cuius</strong></span> <span class='ocrx_word' id='word_1_16' title='bbox 1259 412 1490 493; x_wconf 81' lang='lat' dir='ltr'><strong>abrupti</strong></span> <span class='ocrx_word' id='word_1_17' title='bbox 1524 412 1787 474; x_wconf 88' lang='lat' dir='ltr'><strong>damnum</strong></span> <span class='ocrx_word' id='word_1_18' title='bbox 1825 414 1983 475; x_wconf 87' lang='lat' dir='ltr'><strong>nulla</strong></span> <span class='ocrx_word' id='word_1_19' title='bbox 2017 427 2255 497; x_wconf 88' lang='lat' dir='ltr'><strong>captura</strong></span> 
     </span>
     <span class='ocr_line' id='line_1_4' title="bbox 236 499 728 578; baseline -0.008 -19"><span class='ocrx_word' id='word_1_20' title='bbox 236 499 474 578; x_wconf 86' lang='lat' dir='ltr'><strong>pensari</strong></span> <span class='ocrx_word' id='word_1_21' title='bbox 504 505 728 578; x_wconf 88' lang='lat' dir='ltr'><strong>posset.</strong></span> 
     </span>
     <span class='ocr_line' id='line_1_5' title="bbox 357 579 2344 664; baseline 0.004 -21"><span class='ocrx_word' id='word_1_22' title='bbox 357 582 738 659; x_wconf 77' lang='lat' dir='ltr'><strong>Magistratus</strong></span> <span class='ocrx_word' id='word_1_23' title='bbox 779 589 954 659; x_wconf 87' lang='lat' dir='ltr'><strong>atque</strong></span> <span class='ocrx_word' id='word_1_24' title='bbox 993 579 1255 642; x_wconf 86' lang='lat' dir='ltr'><strong>honores</strong></span> <span class='ocrx_word' id='word_1_25' title='bbox 1309 591 1367 642; x_wconf 89' lang='lat' dir='ltr'><strong>et</strong></span> <span class='ocrx_word' id='word_1_26' title='bbox 1421 591 1554 644; x_wconf 90' lang='lat' dir='ltr'><strong>ante</strong></span> <span class='ocrx_word' id='word_1_27' title='bbox 1604 591 1834 660; x_wconf 89' lang='lat' dir='ltr'><strong>tempus</strong></span> <span class='ocrx_word' id='word_1_28' title='bbox 1877 592 1937 643; x_wconf 89' lang='lat' dir='ltr'><strong>et</strong></span> <span class='ocrx_word' id='word_1_29' title='bbox 1976 586 2255 664; x_wconf 87' lang='lat' dir='ltr'><strong>quosdam</strong></span> <span class='ocrx_word' id='word_1_30' title='bbox 2272 600 2344 655; x_wconf 79' lang='lat'><strong>25</strong></span> 
     </span>
     <span class='ocr_line' id='line_1_6' title="bbox 193 665 2253 745; baseline 0.004 -21"><span class='ocrx_word' id='word_1_31' title='bbox 193 668 371 726; x_wconf 65' lang='lat' dir='ltr'><strong>§novi</strong></span> <span class='ocrx_word' id='word_1_32' title='bbox 424 668 667 745; x_wconf 86' lang='lat' dir='ltr'><strong>generis</strong></span> <span class='ocrx_word' id='word_1_33' title='bbox 727 674 1165 745; x_wconf 88' lang='lat' dir='ltr'><strong>perpetuosque</strong></span> <span class='ocrx_word' id='word_1_34' title='bbox 1239 668 1416 745; x_wconf 90' lang='lat' dir='ltr'><strong>cepit.</strong></span> <span class='ocrx_word' id='word_1_35' title='bbox 1526 665 1900 728; x_wconf 79' lang='lat' dir='ltr'><strong>Consulatum</strong></span> <span class='ocrx_word' id='word_1_36' title='bbox 1971 671 2253 732; x_wconf 85' lang='lat' dir='ltr'><strong>vicesimo</strong></span> 
     </span>
     <span class='ocr_line' id='line_1_7' title="bbox 236 748 2253 835; baseline 0.003 -25"><span class='ocrx_word' id='word_1_37' title='bbox 236 753 443 811; x_wconf 88' lang='lat' dir='ltr'><strong>aetatis</strong></span> <span class='ocrx_word' id='word_1_38' title='bbox 475 766 627 811; x_wconf 86' lang='lat' dir='ltr'><strong>anno</strong></span> <span class='ocrx_word' id='word_1_39' title='bbox 659 751 900 826; x_wconf 87' lang='lat' dir='ltr'><strong>invasit,</strong></span> <span class='ocrx_word' id='word_1_40' title='bbox 931 748 1179 809; x_wconf 89' lang='lat' dir='ltr'><strong>admotis</strong></span> <span class='ocrx_word' id='word_1_41' title='bbox 1210 749 1503 811; x_wconf 79' lang='lat' dir='ltr'><strong>hostiliter</strong></span> <span class='ocrx_word' id='word_1_42' title='bbox 1533 751 1606 812; x_wconf 90' lang='lat' dir='ltr'><strong>ad</strong></span> <span class='ocrx_word' id='word_1_43' title='bbox 1650 751 1853 811; x_wconf 88' lang='lat' dir='ltr'><strong>urbem</strong></span> <span class='ocrx_word' id='word_1_44' title='bbox 1899 752 2253 835; x_wconf 81' lang='lat' dir='ltr'><strong>legionibus,</strong></span> 
     </span>
     <span class='ocr_line' id='line_1_8' title="bbox 233 833 2254 919; baseline 0.003 -25"><span class='ocrx_word' id='word_1_45' title='bbox 233 836 543 913; x_wconf 89' lang='lat' dir='ltr'><strong>missisque</strong></span> <span class='ocrx_word' id='word_1_46' title='bbox 586 835 683 913; x_wconf 88' lang='lat' dir='ltr'><strong>qui</strong></span> <span class='ocrx_word' id='word_1_47' title='bbox 726 833 836 893; x_wconf 90' lang='lat' dir='ltr'><strong>sibi</strong></span> <span class='ocrx_word' id='word_1_48' title='bbox 879 834 1113 893; x_wconf 88' lang='lat' dir='ltr'><strong>nomine</strong></span> <span class='ocrx_word' id='word_1_49' title='bbox 1160 837 1456 896; x_wconf 88' lang='lat' dir='ltr'><strong>exercitus</strong></span> <span class='ocrx_word' id='word_1_50' title='bbox 1497 835 1923 916; x_wconf 89' lang='lat' dir='ltr'><strong>deposcerent;</strong></span> <span class='ocrx_word' id='word_1_51' title='bbox 1977 856 2104 899; x_wconf 89' lang='lat' dir='ltr'><strong>cum</strong></span> <span class='ocrx_word' id='word_1_52' title='bbox 2136 842 2254 919; x_wconf 91' lang='lat' dir='ltr'><strong>qui-</strong></span> 
     </span>
     <span class='ocr_line' id='line_1_9' title="bbox 234 916 2253 1001; baseline 0.002 -21"><span class='ocrx_word' id='word_1_53' title='bbox 234 919 364 980; x_wconf 90' lang='lat' dir='ltr'><strong>dem</strong></span> <span class='ocrx_word' id='word_1_54' title='bbox 395 927 706 979; x_wconf 79' lang='lat' dir='ltr'><strong>cunctante</strong></span> <span class='ocrx_word' id='word_1_55' title='bbox 736 926 942 979; x_wconf 84' lang='lat' dir='ltr'><strong>senatu</strong></span> <span class='ocrx_word' id='word_1_56' title='bbox 1001 916 1312 979; x_wconf 86' lang='lat' dir='ltr'><strong>Cornelius</strong></span> <span class='ocrx_word' id='word_1_57' title='bbox 1347 921 1640 997; x_wconf 87' lang='lat' dir='ltr'><strong>centurio,</strong></span> <span class='ocrx_word' id='word_1_58' title='bbox 1686 922 1964 1001; x_wconf 88' lang='lat' dir='ltr'><strong>princeps</strong></span> <span class='ocrx_word' id='word_1_59' title='bbox 2007 922 2253 1001; x_wconf 91' lang='lat' dir='ltr'><strong>legatio-</strong></span> 
     </span>
     <span class='ocr_line' id='line_1_10' title="bbox 232 1001 2258 1083; baseline 0.002 -19"><span class='ocrx_word' id='word_1_60' title='bbox 232 1006 354 1081; x_wconf 87' lang='lat' dir='ltr'><strong>nis,</strong></span> <span class='ocrx_word' id='word_1_61' title='bbox 387 1005 617 1063; x_wconf 88' lang='lat' dir='ltr'><strong>reiecto</strong></span> <span class='ocrx_word' id='word_1_62' title='bbox 649 1001 855 1080; x_wconf 88' lang='lat' dir='ltr'><strong>sagulo</strong></span> <span class='ocrx_word' id='word_1_63' title='bbox 895 1001 1209 1063; x_wconf 89' lang='lat' dir='ltr'><strong>ostendens</strong></span> <span class='ocrx_word' id='word_1_64' title='bbox 1244 1002 1423 1081; x_wconf 81' lang='lat' dir='ltr'><strong>gladii</strong></span> <span class='ocrx_word' id='word_1_65' title='bbox 1456 1003 1752 1083; x_wconf 87' lang='lat' dir='ltr'><strong>capulum,</strong></span> <span class='ocrx_word' id='word_1_66' title='bbox 1787 1022 1904 1065; x_wconf 89' lang='lat' dir='ltr'><strong>non</strong></span> <span class='ocrx_word' id='word_1_67' title='bbox 1938 1006 2258 1070; x_wconf 87' lang='lat' dir='ltr'><strong>dubitasset</strong></span> 
     </span>
     <span class='ocr_line' id='line_1_11' title="bbox 166 1085 2255 1168; baseline 0.002 -20"><span class='ocrx_word' id='word_1_68' title='bbox 166 1090 290 1149; x_wconf 69' lang='lat' dir='ltr'><strong>zoin</strong></span> <span class='ocrx_word' id='word_1_69' title='bbox 319 1089 480 1148; x_wconf 89' lang='lat' dir='ltr'><strong>curia</strong></span> <span class='ocrx_word' id='word_1_70' title='bbox 515 1087 745 1147; x_wconf 86' lang='lat' dir='ltr'><strong>dicere:</strong></span> <span class='ocrx_word' id='word_1_71' title='bbox 776 1085 899 1148; x_wconf 80' lang='lat' dir='ltr'><strong>Hic</strong></span> <span class='ocrx_word' id='word_1_72' title='bbox 923 1085 1151 1164; x_wconf 77' lang='lat' dir='ltr'><strong>faciet,</strong></span> <span class='ocrx_word' id='word_1_73' title='bbox 1188 1088 1249 1148; x_wconf 80' lang='lat' dir='ltr'><strong>si</strong></span> <span class='ocrx_word' id='word_1_74' title='bbox 1279 1104 1395 1149; x_wconf 76' lang='lat' dir='ltr'><strong>vos</strong></span> <span class='ocrx_word' id='word_1_75' title='bbox 1420 1106 1543 1150; x_wconf 75' lang='lat' dir='ltr'><strong>non</strong></span> <span class='ocrx_word' id='word_1_76' title='bbox 1567 1086 1867 1168; x_wconf 77' lang='lat' dir='ltr'><strong>feceritis,</strong></span> <span class='ocrx_word' id='word_1_77' title='bbox 1927 1092 2255 1153; x_wconf 88' lang='lat' dir='ltr'><strong>Secundum</strong></span> 
     </span>
     <span class='ocr_line' id='line_1_12' title="bbox 231 1173 2253 1255; baseline 0.002 -23"><span class='ocrx_word' id='word_1_78' title='bbox 231 1173 598 1233; x_wconf 86' lang='lat' dir='ltr'><strong>consulatum</strong></span> <span class='ocrx_word' id='word_1_79' title='bbox 630 1180 767 1250; x_wconf 90' lang='lat' dir='ltr'><strong>post</strong></span> <span class='ocrx_word' id='word_1_80' title='bbox 790 1188 1005 1231; x_wconf 87' lang='lat' dir='ltr'><strong>novem</strong></span> <span class='ocrx_word' id='word_1_81' title='bbox 1033 1190 1239 1249; x_wconf 89' lang='lat' dir='ltr'><strong>annos,</strong></span> <span class='ocrx_word' id='word_1_82' title='bbox 1273 1174 1503 1233; x_wconf 90' lang='lat' dir='ltr'><strong>tertium</strong></span> <span class='ocrx_word' id='word_1_83' title='bbox 1526 1191 1676 1234; x_wconf 88' lang='lat' dir='ltr'><strong>anno</strong></span> <span class='ocrx_word' id='word_1_84' title='bbox 1712 1175 2025 1236; x_wconf 90' lang='lat' dir='ltr'><strong>interiecto</strong></span> <span class='ocrx_word' id='word_1_85' title='bbox 2048 1179 2253 1255; x_wconf 83' lang='lat' dir='ltr'><strong>gessit,</strong></span> 
     </span>
     <span class='ocr_line' id='line_1_13' title="bbox 231 1254 2254 1339; baseline 0.001 -21"><span class='ocrx_word' id='word_1_86' title='bbox 231 1259 536 1337; x_wconf 87' lang='lat' dir='ltr'><strong>sequentis</strong></span> <span class='ocrx_word' id='word_1_87' title='bbox 574 1273 759 1334; x_wconf 88' lang='lat' dir='ltr'><strong>usque</strong></span> <span class='ocrx_word' id='word_1_88' title='bbox 802 1255 875 1317; x_wconf 90' lang='lat' dir='ltr'><strong>ad</strong></span> <span class='ocrx_word' id='word_1_89' title='bbox 916 1254 1280 1317; x_wconf 88' lang='lat' dir='ltr'><strong>undecimum</strong></span> <span class='ocrx_word' id='word_1_90' title='bbox 1324 1259 1708 1335; x_wconf 85' lang='lat' dir='ltr'><strong>continuavit,</strong></span> <span class='ocrx_word' id='word_1_91' title='bbox 1752 1258 2064 1339; x_wconf 89' lang='lat' dir='ltr'><strong>multisque</strong></span> <span class='ocrx_word' id='word_1_92' title='bbox 2097 1279 2254 1337; x_wconf 86' lang='lat' dir='ltr'><strong>mox,</strong></span> 
     </span>
     <span class='ocr_line' id='line_1_14' title="bbox 232 1340 2252 1420; baseline 0.001 -17"><span class='ocrx_word' id='word_1_93' title='bbox 232 1360 366 1403; x_wconf 86' lang='lat' dir='ltr'><strong>cum</strong></span> <span class='ocrx_word' id='word_1_94' title='bbox 406 1340 808 1419; x_wconf 80' lang='lat' dir='ltr'><strong>deferrentur,</strong></span> <span class='ocrx_word' id='word_1_95' title='bbox 852 1342 1137 1401; x_wconf 85' lang='lat' dir='ltr'><strong>recusatis</strong></span> <span class='ocrx_word' id='word_1_96' title='bbox 1192 1340 1591 1402; x_wconf 77' lang='lat' dir='ltr'><strong>duodecImum</strong></span> <span class='ocrx_word' id='word_1_97' title='bbox 1641 1359 1896 1420; x_wconf 85' lang='lat' dir='ltr'><strong>magno,</strong></span> <span class='ocrx_word' id='word_1_98' title='bbox 1940 1345 1998 1403; x_wconf 93' lang='lat' dir='ltr'><strong>id</strong></span> <span class='ocrx_word' id='word_1_99' title='bbox 2042 1353 2132 1405; x_wconf 92' lang='lat' dir='ltr'><strong>est</strong></span> <span class='ocrx_word' id='word_1_100' title='bbox 2163 1363 2252 1405; x_wconf 88' lang='lat' dir='ltr'><strong>se-</strong></span> 
     </span>
     <span class='ocr_line' id='line_1_15' title="bbox 230 1424 2255 1506; baseline 0.001 -20"><span class='ocrx_word' id='word_1_101' title='bbox 230 1424 586 1506; x_wconf 88' lang='lat' dir='ltr'><strong>ptemdecim</strong></span> <span class='ocrx_word' id='word_1_102' title='bbox 632 1442 940 1502; x_wconf 89' lang='lat' dir='ltr'><strong>annorum,</strong></span> <span class='ocrx_word' id='word_1_103' title='bbox 984 1424 1294 1486; x_wconf 87' lang='lat' dir='ltr'><strong>intervallo</strong></span> <span class='ocrx_word' id='word_1_104' title='bbox 1339 1435 1398 1486; x_wconf 93' lang='lat' dir='ltr'><strong>et</strong></span> <span class='ocrx_word' id='word_1_105' title='bbox 1447 1445 1645 1486; x_wconf 88' lang='lat' dir='ltr'><strong>rursus</strong></span> <span class='ocrx_word' id='word_1_106' title='bbox 1693 1429 1924 1487; x_wconf 89' lang='lat' dir='ltr'><strong>tertium</strong></span> <span class='ocrx_word' id='word_1_107' title='bbox 1970 1428 2255 1488; x_wconf 89' lang='lat' dir='ltr'><strong>decimum</strong></span> 
     </span>
     <span class='ocr_line' id='line_1_16' title="bbox 162 1507 2252 1592; baseline 0.003 -26"><span class='ocrx_word' id='word_1_108' title='bbox 162 1525 212 1567; x_wconf 67' lang='grc' dir='ltr'><strong>ιι</strong></span> <span class='ocrx_word' id='word_1_109' title='bbox 233 1511 470 1571; x_wconf 88' lang='lat' dir='ltr'><strong>biennio</strong></span> <span class='ocrx_word' id='word_1_110' title='bbox 485 1517 625 1589; x_wconf 88' lang='lat' dir='ltr'><strong>post</strong></span> <span class='ocrx_word' id='word_1_111' title='bbox 647 1508 797 1570; x_wconf 91' lang='lat' dir='ltr'><strong>ultro</strong></span> <span class='ocrx_word' id='word_1_112' title='bbox 825 1510 1011 1591; x_wconf 90' lang='lat' dir='ltr'><strong>petiit,</strong></span> <span class='ocrx_word' id='word_1_113' title='bbox 1042 1517 1102 1569; x_wconf 89' lang='lat' dir='ltr'><strong>ut</strong></span> <span class='ocrx_word' id='word_1_114' title='bbox 1121 1507 1186 1570; x_wconf 83' lang='lat' dir='ltr'><strong>C.</strong></span> <span class='ocrx_word' id='word_1_115' title='bbox 1204 1519 1263 1570; x_wconf 90' lang='lat' dir='ltr'><strong>et</strong></span> <span class='ocrx_word' id='word_1_116' title='bbox 1280 1510 1514 1571; x_wconf 92' lang='lat' dir='ltr'><strong>Lucium</strong></span> <span class='ocrx_word' id='word_1_117' title='bbox 1527 1511 1682 1571; x_wconf 86' lang='lat' dir='ltr'><strong>filios</strong></span> <span class='ocrx_word' id='word_1_118' title='bbox 1708 1512 2060 1590; x_wconf 90' lang='lat' dir='ltr'><strong>amplissimo</strong></span> <span class='ocrx_word' id='word_1_119' title='bbox 2086 1530 2252 1592; x_wconf 89' lang='lat' dir='ltr'><strong>prae-</strong></span> 
     </span>
     <span class='ocr_line' id='line_1_17' title="bbox 230 1595 2251 1673; baseline 0 -17"><span class='ocrx_word' id='word_1_120' title='bbox 230 1595 382 1656; x_wconf 88' lang='lat' dir='ltr'><strong>ditus</strong></span> <span class='ocrx_word' id='word_1_121' title='bbox 415 1595 758 1672; x_wconf 88' lang='lat' dir='ltr'><strong>magistratu</strong></span> <span class='ocrx_word' id='word_1_122' title='bbox 786 1612 892 1654; x_wconf 91' lang='lat' dir='ltr'><strong>suo</strong></span> <span class='ocrx_word' id='word_1_123' title='bbox 925 1611 1210 1673; x_wconf 89' lang='lat' dir='ltr'><strong>quemque</strong></span> <span class='ocrx_word' id='word_1_124' title='bbox 1257 1596 1530 1656; x_wconf 89' lang='lat' dir='ltr'><strong>tirocinio</strong></span> <span class='ocrx_word' id='word_1_125' title='bbox 1578 1595 1899 1655; x_wconf 83' lang='lat' dir='ltr'><strong>deduceret</strong></span> <span class='ocrx_word' id='word_1_126' title='bbox 1941 1597 1999 1656; x_wconf 89' lang='lat' dir='ltr'><strong>in</strong></span> <span class='ocrx_word' id='word_1_127' title='bbox 2045 1597 2251 1657; x_wconf 80' lang='lat' dir='ltr'><strong>forum.</strong></span> 
     </span>
     <span class='ocr_line' id='line_1_18' title="bbox 234 1677 2252 1758; baseline 0.001 -21"><span class='ocrx_word' id='word_1_128' title='bbox 234 1679 502 1758; x_wconf 85' lang='lat' dir='ltr'><strong>Quinque</strong></span> <span class='ocrx_word' id='word_1_129' title='bbox 528 1678 755 1739; x_wconf 89' lang='lat' dir='ltr'><strong>medios</strong></span> <span class='ocrx_word' id='word_1_130' title='bbox 789 1677 1122 1739; x_wconf 87' lang='lat' dir='ltr'><strong>consulatus</strong></span> <span class='ocrx_word' id='word_1_131' title='bbox 1152 1697 1186 1739; x_wconf 89' lang='lat' dir='ltr'><strong>a</strong></span> <span class='ocrx_word' id='word_1_132' title='bbox 1212 1688 1384 1740; x_wconf 84' lang='lat' dir='ltr'><strong>sexto</strong></span> <span class='ocrx_word' id='word_1_133' title='bbox 1417 1678 1488 1739; x_wconf 91' lang='lat' dir='ltr'><strong>ad</strong></span> <span class='ocrx_word' id='word_1_134' title='bbox 1532 1679 1816 1739; x_wconf 90' lang='lat' dir='ltr'><strong>decimum</strong></span> <span class='ocrx_word' id='word_1_135' title='bbox 1852 1698 2072 1758; x_wconf 85' lang='lat' dir='ltr'><strong>annuos</strong></span> <span class='ocrx_word' id='word_1_136' title='bbox 2118 1699 2252 1758; x_wconf 89' lang='lat' dir='ltr'><strong>ges·</strong></span> 
     </span>
     <span class='ocr_line' id='line_1_19' title="bbox 238 1763 2252 1842; baseline 0 -19"><span class='ocrx_word' id='word_1_137' title='bbox 238 1764 340 1840; x_wconf 88' lang='lat' dir='ltr'><strong>sit,</strong></span> <span class='ocrx_word' id='word_1_138' title='bbox 376 1770 611 1823; x_wconf 87' lang='lat' dir='ltr'><strong>ceteros</strong></span> <span class='ocrx_word' id='word_1_139' title='bbox 640 1772 736 1823; x_wconf 90' lang='lat' dir='ltr'><strong>aut</strong></span> <span class='ocrx_word' id='word_1_140' title='bbox 764 1780 974 1823; x_wconf 84' lang='lat' dir='ltr'><strong>novem</strong></span> <span class='ocrx_word' id='word_1_141' title='bbox 1005 1772 1100 1824; x_wconf 92' lang='lat' dir='ltr'><strong>aut</strong></span> <span class='ocrx_word' id='word_1_142' title='bbox 1129 1782 1237 1824; x_wconf 82' lang='lat' dir='ltr'><strong>sex</strong></span> <span class='ocrx_word' id='word_1_143' title='bbox 1267 1773 1362 1823; x_wconf 91' lang='lat' dir='ltr'><strong>aut</strong></span> <span class='ocrx_word' id='word_1_144' title='bbox 1394 1772 1663 1842; x_wconf 88' lang='lat' dir='ltr'><strong>quattuor</strong></span> <span class='ocrx_word' id='word_1_145' title='bbox 1694 1772 1789 1825; x_wconf 91' lang='lat' dir='ltr'><strong>aut</strong></span> <span class='ocrx_word' id='word_1_146' title='bbox 1829 1763 2015 1825; x_wconf 89' lang='lat' dir='ltr'><strong>tribus</strong></span> <span class='ocrx_word' id='word_1_147' title='bbox 2043 1766 2252 1825; x_wconf 84' lang='lat' dir='ltr'><strong>mensi-</strong></span> 
     </span>
     <span class='ocr_line' id='line_1_20' title="bbox 239 1845 2252 1926; baseline 0.001 -20"><span class='ocrx_word' id='word_1_148' title='bbox 239 1845 375 1924; x_wconf 90' lang='lat' dir='ltr'><strong>bus,</strong></span> <span class='ocrx_word' id='word_1_149' title='bbox 416 1845 730 1907; x_wconf 87' lang='lat' dir='ltr'><strong>secundum</strong></span> <span class='ocrx_word' id='word_1_150' title='bbox 772 1864 917 1907; x_wconf 87' lang='lat' dir='ltr'><strong>vero</strong></span> <span class='ocrx_word' id='word_1_151' title='bbox 961 1849 1321 1926; x_wconf 88' lang='lat' dir='ltr'><strong>paucissimis</strong></span> <span class='ocrx_word' id='word_1_152' title='bbox 1372 1847 1556 1908; x_wconf 90' lang='lat' dir='ltr'><strong>horis.</strong></span> <span class='ocrx_word' id='word_1_153' title='bbox 1641 1847 1788 1909; x_wconf 88' lang='lat' dir='ltr'><strong>Nam</strong></span> <span class='ocrx_word' id='word_1_154' title='bbox 1833 1847 1925 1910; x_wconf 90' lang='lat' dir='ltr'><strong>die</strong></span> <span class='ocrx_word' id='word_1_155' title='bbox 1955 1849 2086 1911; x_wconf 90' lang='lat' dir='ltr'><strong>Kal.</strong></span> <span class='ocrx_word' id='word_1_156' title='bbox 2132 1849 2252 1909; x_wconf 86' lang='lat' dir='ltr'><strong>lan.</strong></span> 
     </span>
     <span class='ocr_line' id='line_1_21' title="bbox 161 1929 2255 2013; baseline 0.003 -23"><span class='ocrx_word' id='word_1_157' title='bbox 161 1946 368 1993; x_wconf 69' lang='lat' dir='ltr'><strong>mcum</strong></span> <span class='ocrx_word' id='word_1_158' title='bbox 415 1949 583 1992; x_wconf 88' lang='lat' dir='ltr'><strong>mane</strong></span> <span class='ocrx_word' id='word_1_159' title='bbox 634 1948 742 2011; x_wconf 90' lang='lat' dir='ltr'><strong>pro</strong></span> <span class='ocrx_word' id='word_1_160' title='bbox 795 1930 941 1993; x_wconf 88' lang='lat' dir='ltr'><strong>aede</strong></span> <span class='ocrx_word' id='word_1_161' title='bbox 983 1929 1294 2011; x_wconf 89' lang='lat' dir='ltr'><strong>Capitolini</strong></span> <span class='ocrx_word' id='word_1_162' title='bbox 1342 1930 1502 1993; x_wconf 83' lang='lat' dir='ltr'><strong>Iovis</strong></span> <span class='ocrx_word' id='word_1_163' title='bbox 1527 1932 1833 2013; x_wconf 36' lang='lat' dir='ltr'><strong>&#39;paululum</strong></span> <span class='ocrx_word' id='word_1_164' title='bbox 1882 1934 2063 1996; x_wconf 89' lang='lat' dir='ltr'><strong>curuli</strong></span> <span class='ocrx_word' id='word_1_165' title='bbox 2109 1933 2255 1996; x_wconf 85' lang='lat' dir='ltr'><strong>sella</strong></span> 
     </span>
     <span class='ocr_line' id='line_1_22' title="bbox 233 2015 2253 2097; baseline 0.001 -21"><span class='ocrx_word' id='word_1_166' title='bbox 233 2015 665 2097; x_wconf 86' lang='lat' dir='ltr'><strong>praesedisset,</strong></span> <span class='ocrx_word' id='word_1_167' title='bbox 708 2015 935 2077; x_wconf 87' lang='lat' dir='ltr'><strong>honore</strong></span> <span class='ocrx_word' id='word_1_168' title='bbox 972 2016 1110 2076; x_wconf 86' lang='lat' dir='ltr'><strong>abiit</strong></span> <span class='ocrx_word' id='word_1_169' title='bbox 1139 2017 1388 2078; x_wconf 80' lang='lat' dir='ltr'><strong>suffecto</strong></span> <span class='ocrx_word' id='word_1_170' title='bbox 1430 2018 1545 2078; x_wconf 89' lang='lat' dir='ltr'><strong>alio</strong></span> <span class='ocrx_word' id='word_1_171' title='bbox 1575 2020 1632 2078; x_wconf 89' lang='lat' dir='ltr'><strong>in</strong></span> <span class='ocrx_word' id='word_1_172' title='bbox 1662 2019 1855 2079; x_wconf 89' lang='lat' dir='ltr'><strong>locum</strong></span> <span class='ocrx_word' id='word_1_173' title='bbox 1887 2037 2068 2080; x_wconf 88' lang='lat' dir='ltr'><strong>suum.</strong></span> <span class='ocrx_word' id='word_1_174' title='bbox 2125 2018 2253 2080; x_wconf 88' lang='lat' dir='ltr'><strong>Nec</strong></span> 
     </span>
     <span class='ocr_line' id='line_1_23' title="bbox 232 2099 2253 2183; baseline 0 -21"><span class='ocrx_word' id='word_1_175' title='bbox 232 2118 436 2162; x_wconf 88' lang='lat' dir='ltr'><strong>omnes</strong></span> <span class='ocrx_word' id='word_1_176' title='bbox 463 2100 720 2178; x_wconf 89' lang='lat' dir='ltr'><strong>Romae,</strong></span> <span class='ocrx_word' id='word_1_177' title='bbox 756 2099 862 2161; x_wconf 89' lang='lat' dir='ltr'><strong>sed</strong></span> <span class='ocrx_word' id='word_1_178' title='bbox 895 2109 1154 2178; x_wconf 88' lang='lat' dir='ltr'><strong>quartum</strong></span> <span class='ocrx_word' id='word_1_179' title='bbox 1185 2101 1545 2162; x_wconf 89' lang='lat' dir='ltr'><strong>consulatum</strong></span> <span class='ocrx_word' id='word_1_180' title='bbox 1579 2105 1637 2162; x_wconf 91' lang='lat' dir='ltr'><strong>in</strong></span> <span class='ocrx_word' id='word_1_181' title='bbox 1670 2101 1847 2183; x_wconf 83' lang='lat' dir='ltr'><strong>Asia,</strong></span> <span class='ocrx_word' id='word_1_182' title='bbox 1899 2106 2164 2183; x_wconf 82' lang='lat' dir='ltr'><strong>quintum·</strong></span> <span class='ocrx_word' id='word_1_183' title='bbox 2195 2106 2253 2163; x_wconf 91' lang='lat' dir='ltr'><strong>in</strong></span> 
     </span>
     <span class='ocr_line' id='line_1_24' title="bbox 228 2184 1825 2261; baseline 0.002 -16"><span class='ocrx_word' id='word_1_184' title='bbox 228 2185 419 2247; x_wconf 87' lang='lat' dir='ltr'><strong>insula</strong></span> <span class='ocrx_word' id='word_1_185' title='bbox 456 2184 664 2261; x_wconf 88' lang='lat' dir='ltr'><strong>Samo,</strong></span> <span class='ocrx_word' id='word_1_186' title='bbox 697 2193 967 2245; x_wconf 86' lang='lat' dir='ltr'><strong>octavum</strong></span> <span class='ocrx_word' id='word_1_187' title='bbox 1003 2194 1062 2244; x_wconf 89' lang='lat' dir='ltr'><strong>et</strong></span> <span class='ocrx_word' id='word_1_188' title='bbox 1096 2203 1308 2246; x_wconf 91' lang='lat' dir='ltr'><strong>nonum</strong></span> <span class='ocrx_word' id='word_1_189' title='bbox 1339 2185 1674 2248; x_wconf 87' lang='lat' dir='ltr'><strong>Tarracone</strong></span> <span class='ocrx_word' id='word_1_190' title='bbox 1704 2190 1825 2248; x_wconf 88' lang='lat' dir='ltr'><strong>init.</strong></span> 
     </span>
     <span class='ocr_line' id='line_1_25' title="bbox 358 2268 2333 2351; baseline 0.004 -21"><span class='ocrx_word' id='word_1_191' title='bbox 358 2268 802 2330; x_wconf 84' lang='lat' dir='ltr'><strong>Triumviratum</strong></span> <span class='ocrx_word' id='word_1_192' title='bbox 843 2272 929 2329; x_wconf 89' lang='lat' dir='ltr'><strong>rei</strong></span> <span class='ocrx_word' id='word_1_193' title='bbox 977 2287 1035 2348; x_wconf 89' lang='lat' dir='ltr'><strong>p.</strong></span> <span class='ocrx_word' id='word_1_194' title='bbox 1069 2270 1507 2331; x_wconf 88' lang='lat' dir='ltr'><strong>constituendae</strong></span> <span class='ocrx_word' id='word_1_195' title='bbox 1544 2290 1652 2351; x_wconf 87' lang='lat' dir='ltr'><strong>per</strong></span> <span class='ocrx_word' id='word_1_196' title='bbox 1682 2271 1886 2333; x_wconf 90' lang='lat' dir='ltr'><strong>decem</strong></span> <span class='ocrx_word' id='word_1_197' title='bbox 1931 2290 2114 2334; x_wconf 90' lang='lat' dir='ltr'><strong>annos</strong></span> <span class='ocrx_word' id='word_1_198' title='bbox 2157 2273 2333 2338; x_wconf 81' lang='lat' dir='ltr'><strong>ad-27</strong></span> 
     </span>
     <span class='ocr_line' id='line_1_26' title="bbox 154 2353 2250 2435; baseline 0.001 -21"><span class='ocrx_word' id='word_1_199' title='bbox 154 2353 604 2424; x_wconf 60' lang='lat' dir='ltr'><strong>aministravin</strong></span> <span class='ocrx_word' id='word_1_200' title='bbox 666 2354 725 2412; x_wconf 91' lang='lat' dir='ltr'><strong>in</strong></span> <span class='ocrx_word' id='word_1_201' title='bbox 781 2370 896 2432; x_wconf 89' lang='lat' dir='ltr'><strong>quo</strong></span> <span class='ocrx_word' id='word_1_202' title='bbox 950 2354 1162 2414; x_wconf 86' lang='lat' dir='ltr'><strong>restitit</strong></span> <span class='ocrx_word' id='word_1_203' title='bbox 1214 2354 1444 2433; x_wconf 89' lang='lat' dir='ltr'><strong>quidem</strong></span> <span class='ocrx_word' id='word_1_204' title='bbox 1489 2356 1817 2435; x_wconf 89' lang='lat' dir='ltr'><strong>aliquandiu</strong></span> <span class='ocrx_word' id='word_1_205' title='bbox 1862 2357 2113 2435; x_wconf 88' lang='lat' dir='ltr'><strong>collegis</strong></span> <span class='ocrx_word' id='word_1_206' title='bbox 2178 2375 2250 2416; x_wconf 85' lang='lat' dir='ltr'><strong>ne</strong></span> 
     </span>
     <span class='ocr_line' id='line_1_27' title="bbox 230 2437 2251 2519; baseline 0.001 -20"><span class='ocrx_word' id='word_1_207' title='bbox 230 2456 347 2518; x_wconf 88' lang='lat' dir='ltr'><strong>qua</strong></span> <span class='ocrx_word' id='word_1_208' title='bbox 379 2437 547 2498; x_wconf 80' lang='lat' dir='ltr'><strong>lieret</strong></span> <span class='ocrx_word' id='word_1_209' title='bbox 597 2438 984 2518; x_wconf 86' lang='lat' dir='ltr'><strong>proscriptio,</strong></span> <span class='ocrx_word' id='word_1_210' title='bbox 1028 2437 1132 2497; x_wconf 91' lang='lat' dir='ltr'><strong>sed</strong></span> <span class='ocrx_word' id='word_1_211' title='bbox 1182 2439 1473 2518; x_wconf 88' lang='lat' dir='ltr'><strong>inceptam</strong></span> <span class='ocrx_word' id='word_1_212' title='bbox 1500 2449 1751 2519; x_wconf 90' lang='lat' dir='ltr'><strong>utroque</strong></span> <span class='ocrx_word' id='word_1_213' title='bbox 1782 2441 2053 2502; x_wconf 86' lang='lat' dir='ltr'><strong>acerbius</strong></span> <span class='ocrx_word' id='word_1_214' title='bbox 2083 2459 2251 2502; x_wconf 84' lang='lat' dir='ltr'><strong>exer·</strong></span> 
     </span>
     <span class='ocr_line' id='line_1_28' title="bbox 231 2520 2251 2603; baseline 0 -20"><span class='ocrx_word' id='word_1_215' title='bbox 231 2524 368 2583; x_wconf 90' lang='lat' dir='ltr'><strong>cuit.</strong></span> <span class='ocrx_word' id='word_1_216' title='bbox 441 2520 706 2600; x_wconf 88' lang='lat' dir='ltr'><strong>Namque</strong></span> <span class='ocrx_word' id='word_1_217' title='bbox 740 2522 856 2582; x_wconf 91' lang='lat' dir='ltr'><strong>illis</strong></span> <span class='ocrx_word' id='word_1_218' title='bbox 889 2523 946 2582; x_wconf 91' lang='lat' dir='ltr'><strong>in</strong></span> <span class='ocrx_word' id='word_1_219' title='bbox 973 2523 1280 2583; x_wconf 91' lang='lat' dir='ltr'><strong>multorum</strong></span> <span class='ocrx_word' id='word_1_220' title='bbox 1315 2541 1499 2602; x_wconf 87' lang='lat' dir='ltr'><strong>saepe</strong></span> <span class='ocrx_word' id='word_1_221' title='bbox 1525 2541 1836 2601; x_wconf 86' lang='lat' dir='ltr'><strong>personam</strong></span> <span class='ocrx_word' id='word_1_222' title='bbox 1868 2542 1976 2603; x_wconf 89' lang='lat' dir='ltr'><strong>per</strong></span> <span class='ocrx_word' id='word_1_223' title='bbox 2006 2526 2251 2603; x_wconf 81' lang='lat' dir='ltr'><strong>gratiam</strong></span> 
     </span>
     <span class='ocr_line' id='line_1_29' title="bbox 229 2605 2253 2687; baseline -0 -19"><span class='ocrx_word' id='word_1_224' title='bbox 229 2617 289 2668; x_wconf 90' lang='lat' dir='ltr'><strong>et</strong></span> <span class='ocrx_word' id='word_1_225' title='bbox 330 2624 549 2687; x_wconf 87' lang='lat' dir='ltr'><strong>preces</strong></span> <span class='ocrx_word' id='word_1_226' title='bbox 591 2605 1025 2683; x_wconf 85' lang='lat' dir='ltr'><strong>exorabilibus,</strong></span> <span class='ocrx_word' id='word_1_227' title='bbox 1090 2607 1254 2667; x_wconf 90' lang='lat' dir='ltr'><strong>solus</strong></span> <span class='ocrx_word' id='word_1_228' title='bbox 1296 2624 1657 2686; x_wconf 84' lang='lat' dir='ltr'><strong>magnopere</strong></span> <span class='ocrx_word' id='word_1_229' title='bbox 1705 2608 1999 2668; x_wconf 88' lang='lat' dir='ltr'><strong>contendit</strong></span> <span class='ocrx_word' id='word_1_230' title='bbox 2041 2626 2115 2667; x_wconf 90' lang='lat' dir='ltr'><strong>ne</strong></span> <span class='ocrx_word' id='word_1_231' title='bbox 2161 2609 2253 2667; x_wconf 91' lang='lat' dir='ltr'><strong>cui</strong></span> 
     </span>
     <span class='ocr_line' id='line_1_30' title="bbox 234 2690 2249 2771; baseline -0.001 -19"><span class='ocrx_word' id='word_1_232' title='bbox 234 2699 616 2771; x_wconf 86' lang='lat' dir='ltr'><strong>parceretur,</strong></span> <span class='ocrx_word' id='word_1_233' title='bbox 650 2691 1118 2771; x_wconf 86' lang='lat' dir='ltr'><strong>proscripsitque</strong></span> <span class='ocrx_word' id='word_1_234' title='bbox 1149 2693 1320 2752; x_wconf 85' lang='lat' dir='ltr'><strong>etiam</strong></span> <span class='ocrx_word' id='word_1_235' title='bbox 1348 2691 1414 2752; x_wconf 85' lang='lat' dir='ltr'><strong>C.</strong></span> <span class='ocrx_word' id='word_1_236' title='bbox 1448 2690 1761 2752; x_wconf 87' lang='lat' dir='ltr'><strong>Toranium</strong></span> <span class='ocrx_word' id='word_1_237' title='bbox 1790 2700 2038 2752; x_wconf 88' lang='lat' dir='ltr'><strong>tutorem</strong></span> <span class='ocrx_word' id='word_1_238' title='bbox 2065 2708 2249 2769; x_wconf 90' lang='lat' dir='ltr'><strong>suum,</strong></span> 
     </span>
     <span class='ocr_line' id='line_1_31' title="bbox 156 2774 2248 2854; baseline 0.002 -22"><span class='ocrx_word' id='word_1_239' title='bbox 156 2789 211 2832; x_wconf 74' lang='lat' dir='ltr'><strong>so</strong></span> <span class='ocrx_word' id='word_1_240' title='bbox 233 2774 480 2836; x_wconf 88' lang='lat' dir='ltr'><strong>eundem</strong></span> <span class='ocrx_word' id='word_1_241' title='bbox 522 2775 813 2853; x_wconf 88' lang='lat' dir='ltr'><strong>collegam</strong></span> <span class='ocrx_word' id='word_1_242' title='bbox 843 2776 1025 2854; x_wconf 88' lang='lat' dir='ltr'><strong>patris</strong></span> <span class='ocrx_word' id='word_1_243' title='bbox 1070 2779 1155 2836; x_wconf 89' lang='lat' dir='ltr'><strong>sui</strong></span> <span class='ocrx_word' id='word_1_244' title='bbox 1188 2776 1395 2838; x_wconf 86' lang='lat' dir='ltr'><strong>Octavi</strong></span> <span class='ocrx_word' id='word_1_245' title='bbox 1439 2777 1497 2835; x_wconf 91' lang='lat' dir='ltr'><strong>in</strong></span> <span class='ocrx_word' id='word_1_246' title='bbox 1529 2776 1841 2837; x_wconf 85' lang='lat' dir='ltr'><strong>aedilitate.</strong></span> <span class='ocrx_word' id='word_1_247' title='bbox 1921 2775 2116 2836; x_wconf 88' lang='lat' dir='ltr'><strong>Iunius</strong></span> <span class='ocrx_word' id='word_1_248' title='bbox 2147 2777 2248 2836; x_wconf 91' lang='lat' dir='ltr'><strong>Sa-</strong></span> 
     </span>
     <span class='ocr_line' id='line_1_32' title="bbox 228 2859 2246 2942; baseline -0.001 -21"><span class='ocrx_word' id='word_1_249' title='bbox 228 2861 493 2921; x_wconf 89' lang='lat' dir='ltr'><strong>turninus</strong></span> <span class='ocrx_word' id='word_1_250' title='bbox 533 2859 650 2920; x_wconf 91' lang='lat' dir='ltr'><strong>hoc</strong></span> <span class='ocrx_word' id='word_1_251' title='bbox 693 2860 940 2939; x_wconf 86' lang='lat' dir='ltr'><strong>amplius</strong></span> <span class='ocrx_word' id='word_1_252' title='bbox 988 2860 1192 2938; x_wconf 86' lang='lat' dir='ltr'><strong>tradit,</strong></span> <span class='ocrx_word' id='word_1_253' title='bbox 1237 2880 1364 2921; x_wconf 91' lang='lat' dir='ltr'><strong>cum</strong></span> <span class='ocrx_word' id='word_1_254' title='bbox 1408 2870 1648 2939; x_wconf 88' lang='lat' dir='ltr'><strong>peracta</strong></span> <span class='ocrx_word' id='word_1_255' title='bbox 1693 2862 2126 2942; x_wconf 89' lang='lat' dir='ltr'><strong>proscriptione</strong></span> <span class='ocrx_word' id='word_1_256' title='bbox 2169 2861 2246 2922; x_wconf 88' lang='grc' dir='ltr'><strong>Μ.</strong></span> 
     </span>
     <span class='ocr_line' id='line_1_33' title="bbox 226 2944 2246 3026; baseline 0 -21"><span class='ocrx_word' id='word_1_257' title='bbox 226 2944 483 3024; x_wconf 86' lang='lat' dir='ltr'><strong>Lepidus</strong></span> <span class='ocrx_word' id='word_1_258' title='bbox 526 2945 585 3005; x_wconf 91' lang='lat' dir='ltr'><strong>in</strong></span> <span class='ocrx_word' id='word_1_259' title='bbox 630 2954 833 3006; x_wconf 87' lang='lat' dir='ltr'><strong>senatu</strong></span> <span class='ocrx_word' id='word_1_260' title='bbox 879 2952 1222 3006; x_wconf 86' lang='lat' dir='ltr'><strong>excusasset</strong></span> <span class='ocrx_word' id='word_1_261' title='bbox 1257 2946 1573 3024; x_wconf 88' lang='lat' dir='ltr'><strong>praeterita</strong></span> <span class='ocrx_word' id='word_1_262' title='bbox 1618 2954 1677 3005; x_wconf 92' lang='lat' dir='ltr'><strong>et</strong></span> <span class='ocrx_word' id='word_1_263' title='bbox 1708 2964 1874 3026; x_wconf 89' lang='lat' dir='ltr'><strong>spem</strong></span> <span class='ocrx_word' id='word_1_264' title='bbox 1907 2945 2246 3006; x_wconf 88' lang='lat' dir='ltr'><strong>clementiae</strong></span> 
     </span>
     <span class='ocr_line' id='line_1_34' title="bbox 227 3030 2246 3109; baseline 0.001 -20"><span class='ocrx_word' id='word_1_265' title='bbox 227 3030 288 3089; x_wconf 90' lang='lat' dir='ltr'><strong>in</strong></span> <span class='ocrx_word' id='word_1_266' title='bbox 333 3039 636 3109; x_wconf 90' lang='lat' dir='ltr'><strong>posterum</strong></span> <span class='ocrx_word' id='word_1_267' title='bbox 678 3031 956 3106; x_wconf 80' lang='lat' dir='ltr'><strong>feci-sset,</strong></span> <span class='ocrx_word' id='word_1_268' title='bbox 1007 3031 1274 3107; x_wconf 86' lang='lat' dir='ltr'><strong>quoniam</strong></span> <span class='ocrx_word' id='word_1_269' title='bbox 1317 3031 1456 3089; x_wconf 88' lang='lat' dir='ltr'><strong>satis</strong></span> <span class='ocrx_word' id='word_1_270' title='bbox 1498 3047 1814 3108; x_wconf 84' lang='lat' dir='ltr'><strong>poenarum</strong></span> <span class='ocrx_word' id='word_1_271' title='bbox 1860 3039 2123 3090; x_wconf 84' lang='lat' dir='ltr'><strong>exactum</strong></span> <span class='ocrx_word' id='word_1_272' title='bbox 2158 3048 2246 3091; x_wconf 88' lang='lat' dir='ltr'><strong>es·</strong></span> 
     </span>
     <span class='ocr_line' id='line_1_35' title="bbox 230 3113 2251 3194; baseline 0 -20"><span class='ocrx_word' id='word_1_273' title='bbox 230 3122 356 3190; x_wconf 84' lang='lat' dir='ltr'><strong>set,</strong></span> <span class='ocrx_word' id='word_1_274' title='bbox 388 3113 541 3175; x_wconf 90' lang='lat' dir='ltr'><strong>hunc</strong></span> <span class='ocrx_word' id='word_1_275' title='bbox 572 3133 605 3174; x_wconf 92' lang='lat' dir='ltr'><strong>e</strong></span> <span class='ocrx_word' id='word_1_276' title='bbox 634 3114 868 3174; x_wconf 87' lang='lat' dir='ltr'><strong>diverso</strong></span> <span class='ocrx_word' id='word_1_277' title='bbox 903 3115 1267 3192; x_wconf 80' lang='lat' dir='ltr'><strong>professum,</strong></span> <span class='ocrx_word' id='word_1_278' title='bbox 1296 3114 1409 3174; x_wconf 61' lang='lat' dir='ltr'><strong>ita</strong></span> <span class='ocrx_word' id='word_1_279' title='bbox 1436 3114 1681 3174; x_wconf 84' lang='lat' dir='ltr'><strong>modum</strong></span> <span class='ocrx_word' id='word_1_280' title='bbox 1712 3133 1781 3176; x_wconf 80' lang='lat' dir='ltr'><strong>se</strong></span> <span class='ocrx_word' id='word_1_281' title='bbox 1808 3114 2251 3194; x_wconf 77' lang='lat' dir='ltr'><strong>proscribendi</strong></span> 
     </span>
     <span class='ocr_line' id='line_1_36' title="bbox 161 3196 2247 3278; baseline -0 -20"><span class='ocrx_word' id='word_1_282' title='bbox 161 3197 561 3274; x_wconf 51' lang='lat' dir='ltr'><strong>&amp;statuis-se,</strong></span> <span class='ocrx_word' id='word_1_283' title='bbox 603 3206 672 3259; x_wconf 82' lang='lat' dir='ltr'><strong>ut</strong></span> <span class='ocrx_word' id='word_1_284' title='bbox 712 3196 1087 3260; x_wconf 64' lang='lat' dir='ltr'><strong>emmas-ibi</strong></span> <span class='ocrx_word' id='word_1_285' title='bbox 1113 3199 1433 3278; x_wconf 78' lang='lat' dir='ltr'><strong>reliquerit</strong></span> <span class='ocrx_word' id='word_1_286' title='bbox 1464 3197 1681 3259; x_wconf 79' lang='lat' dir='ltr'><strong>libera.</strong></span> <span class='ocrx_word' id='word_1_287' title='bbox 1761 3199 1826 3260; x_wconf 90' lang='lat' dir='ltr'><strong>In</strong></span> <span class='ocrx_word' id='word_1_288' title='bbox 1860 3201 2018 3260; x_wconf 91' lang='lat' dir='ltr'><strong>cuius</strong></span> <span class='ocrx_word' id='word_1_289' title='bbox 2057 3210 2247 3260; x_wconf 91' lang='lat' dir='ltr'><strong>tamen</strong></span> 
     </span>
     <span class='ocr_line' id='line_1_37' title="bbox 232 3282 2244 3363; baseline -0.001 -21"><span class='ocrx_word' id='word_1_290' title='bbox 232 3283 595 3362; x_wconf 87' lang='lat' dir='ltr'><strong>pertinaciae</strong></span> <span class='ocrx_word' id='word_1_291' title='bbox 640 3283 1048 3362; x_wconf 89' lang='lat' dir='ltr'><strong>paenitentiam</strong></span> <span class='ocrx_word' id='word_1_292' title='bbox 1091 3292 1297 3362; x_wconf 89' lang='lat' dir='ltr'><strong>postea</strong></span> <span class='ocrx_word' id='word_1_293' title='bbox 1339 3282 1405 3342; x_wconf 92' lang='lat' dir='ltr'><strong>T.</strong></span> <span class='ocrx_word' id='word_1_294' title='bbox 1450 3283 1676 3342; x_wconf 88' lang='lat' dir='ltr'><strong>Vinium</strong></span> <span class='ocrx_word' id='word_1_295' title='bbox 1709 3283 2244 3363; x_wconf 89' lang='lat' dir='ltr'><strong>Philopoemenem,</strong></span> 
     </span>
     <span class='ocr_line' id='line_1_38' title="bbox 234 3365 2243 3447; baseline -0.002 -21"><span class='ocrx_word' id='word_1_296' title='bbox 234 3365 396 3445; x_wconf 89' lang='lat' dir='ltr'><strong>qnod</strong></span> <span class='ocrx_word' id='word_1_297' title='bbox 441 3376 744 3447; x_wconf 87' lang='lat' dir='ltr'><strong>patronum</strong></span> <span class='ocrx_word' id='word_1_298' title='bbox 795 3386 956 3427; x_wconf 90' lang='lat' dir='ltr'><strong>suum</strong></span> <span class='ocrx_word' id='word_1_299' title='bbox 1010 3368 1404 3446; x_wconf 87' lang='lat' dir='ltr'><strong>proscriptum</strong></span> <span class='ocrx_word' id='word_1_300' title='bbox 1465 3367 1692 3427; x_wconf 89' lang='lat' dir='ltr'><strong>celasse</strong></span> <span class='ocrx_word' id='word_1_301' title='bbox 1748 3368 1884 3428; x_wconf 89' lang='lat' dir='ltr'><strong>olim</strong></span> <span class='ocrx_word' id='word_1_302' title='bbox 1935 3367 2243 3438; x_wconf 80' lang='lat' dir='ltr'><strong>diceretur,</strong></span> 
     </span>
     <span class='ocr_line' id='line_1_39' title="bbox 229 3445 2243 3532; baseline -0.004 -21"><span class='ocrx_word' id='word_1_303' title='bbox 229 3452 498 3530; x_wconf 83' lang='lat' dir='ltr'><strong>equestri</strong></span> <span class='ocrx_word' id='word_1_304' title='bbox 545 3451 824 3529; x_wconf 85' lang='lat' dir='ltr'><strong>dignitate</strong></span> <span class='ocrx_word' id='word_1_305' title='bbox 863 3451 1190 3513; x_wconf 86' lang='lat' dir='ltr'><strong>honoravit.</strong></span> <span class='ocrx_word' id='word_1_306' title='bbox 1269 3451 1335 3511; x_wconf 89' lang='lat' dir='ltr'><strong>ln</strong></span> <span class='ocrx_word' id='word_1_307' title='bbox 1384 3449 1586 3511; x_wconf 87' lang='lat' dir='ltr'><strong>eadem</strong></span> <span class='ocrx_word' id='word_1_308' title='bbox 1632 3451 1743 3513; x_wconf 89' lang='lat' dir='ltr'><strong>hac</strong></span> <span class='ocrx_word' id='word_1_309' title='bbox 1783 3457 2074 3532; x_wconf 87' lang='lat' dir='ltr'><strong>potestate</strong></span> <span class='ocrx_word' id='word_1_310' title='bbox 2104 3445 2243 3505; x_wconf 89' lang='lat' dir='ltr'><strong>mul-</strong></span> 
     </span>
     <span class='ocr_line' id='line_1_40' title="bbox 322 3537 1829 3597; baseline -0.001 -1"><span class='ocrx_word' id='word_1_311' title='bbox 322 3555 629 3597; x_wconf 70' lang='lat' dir='ltr'><strong>smzroumS.</strong></span> <span class='ocrx_word' id='word_1_312' title='bbox 1789 3537 1829 3594; x_wconf 87' lang='lat'>4</span> 
     </span>
    </p>
   </div>
  </div>
 </body>
</html>
