2553 3960
1231 188 1442 236 NERO.
2201 179 2315 239 195

323 352 380 402 et
405 352 536 402 ante
560 343 768 403 faciem
794 352 1035 423 optento
1060 344 1292 404 sudario
1320 358 1531 421 equum
1552 343 1858 421 inscendit,
1881 352 2150 423 quattuor
2173 344 2320 405 solis

324 427 746 504 comitantibus,
771 427 920 487 inter
935 444 1083 505 quos
1099 437 1156 503 et
1171 429 1397 506 Sporus
1417 436 1559 487 erat.
1605 429 1922 506 Statimque
1935 436 2187 488 tremore
2203 438 2316 488 ter-

322 528 422 570 rae
440 518 497 570 et
509 509 742 587 fulgure
759 510 1010 571 adverso
1040 511 1403 590 pavefactuS,
1433 510 1608 570 audiit
1636 530 1669 571 e
1685 513 1965 592 proximis
1981 513 2186 571 castris
2203 511 2316 572 cla-

323 610 542 653 morem
565 594 801 654 militum
827 603 885 653 et
909 595 1018 654 sibi
1043 595 1289 656 adversa
1314 605 1372 655 et
1385 594 1611 657 Galbae
1629 612 1918 675 prospera
1933 596 2317 673 ominantium,

273 691 296 730 5
324 679 492 737 etiam
530 696 605 737 ex
643 678 833 739 obviis
867 680 1187 739 viatoribus
1236 679 1519 758 quendam
1555 680 1869 740 dicentem:
1905 677 1991 740 Hi
2016 677 2321 740 Neronem

318 769 795 840 persequuntur,
826 762 996 822 alium
1020 765 1444 825 sciscitantem.
1476 761 1726 843 Ecquid
1767 782 1832 824 m
1872 761 2030 824 urbe
2069 764 2218 825 novi
2242 764 2322 824 de

323 842 615 906 Nerone?
660 845 829 924 Equo
858 856 1045 906 autem
1071 865 1145 906 ex
1172 846 1358 907 odore
1383 847 1590 906 abiecti
1622 850 1680 907 in
1711 847 1805 908 via
1841 848 2142 908 cadaveris
2181 865 2318 908 con-

323 938 605 1006 sternato,
634 929 864 990 detecta
894 931 1049 991 facie
1074 932 1302 1008 agnitus
1325 940 1416 990 est
1442 950 1473 990 a
1512 931 1761 1010 quodam
1794 933 2050 992 missicio
2089 941 2318 1010 praeto-

321 1014 482 1073 riano
508 1022 566 1072 et
585 1014 883 1074 salutatus.
949 1014 1028 1076 Ut
1072 1015 1142 1074 ad
1177 1014 1595 1075 deverticulum
1633 1025 1864 1076 ventum
1904 1024 2022 1092 est,
2072 1015 2320 1075 dimissis

254 1106 302 1149 ¹⁰
321 1097 508 1176 equis,
531 1097 681 1157 inter
704 1097 973 1159 fruticeta
999 1117 1067 1158 ac
1087 1116 1305 1177 vepres
1332 1117 1439 1178 per
1462 1098 1822 1160 harundineti
1846 1101 2104 1160 semitam
2138 1116 2318 1176 aegre

320 1200 430 1241 nec
454 1183 560 1241 nisi
586 1189 762 1242 strata
786 1182 893 1241 sub
913 1182 1169 1262 pedibus
1192 1191 1360 1242 veste
1400 1182 1471 1243 ad
1513 1201 1780 1244 aversum
1826 1183 2000 1244 villae
2038 1184 2317 1262 parietem

321 1266 523 1326 evasit.
559 1264 646 1325 Ibi
670 1265 937 1327 hortante
961 1266 1168 1327 eodem
1192 1266 1472 1343 Phaonte,
1499 1276 1557 1327 ut
1579 1269 1805 1328 interim
1821 1269 1879 1327 in
1904 1286 2145 1347 specum
2174 1285 2316 1344 ege·

322 1358 445 1409 stae
470 1347 722 1409 harenae
749 1350 1106 1411 concederet
1120 1353 1400 1427 ,negavit
1422 1367 1492 1411 se
1522 1351 1727 1411 vivum
1768 1349 1884 1412 sub
1930 1358 2163 1412 terram
2195 1351 2310 1411 itu·

319 1449 487 1507 rum,
524 1450 593 1492 ac
623 1450 932 1513 parumper
969 1443 1386 1512 commoratus,
1424 1433 1553 1493 dum
1595 1434 1984 1495 clandestinus
2017 1434 2090 1496 ad
2123 1434 2317 1494 villam

257 1517 585 1576 «sintroitus
617 1527 938 1595 pararetur,
979 1535 1182 1596 aquam
1217 1535 1294 1576 ex
1326 1517 1585 1578 subiecta
1630 1517 1835 1578 lacuna
1876 1527 2117 1598 poturus
2150 1536 2318 1578 manu

320 1599 505 1660 hausit
540 1607 598 1660 et
620 1597 796 1661 Haec
825 1607 947 1676 est,
994 1603 1212 1679 inquit,
1247 1598 1517 1661 Neronis
1559 1600 1855 1662 decocta!
1897 1601 2060 1678 dein,
2093 1600 2318 1662 divolsa

322 1682 581 1743 sentibus
605 1684 870 1761 paenula,
890 1685 1171 1743 traiectos
1194 1684 1463 1743 surculos
1485 1686 1642 1743 rasit.
1689 1683 1884 1762 Atque
1905 1686 1983 1745 ita
2004 1685 2317 1764 quadripes

323 1784 432 1845 per
456 1767 753 1844 angustias
778 1767 1033 1829 effossae
1064 1783 1352 1827 cavernae
1374 1776 1653 1846 receptus
1674 1769 1732 1827 in
1755 1769 2073 1847 proximam
2090 1769 2314 1845 cellam,

323 1848 594 1910 decubuit
617 1850 1029 1927 superlectum
1052 1850 1279 1911 modica
1306 1851 1534 1929 culcita,
1561 1859 1761 1911 vetere
1787 1852 1965 1930 pallio
1993 1862 2174 1913 strato
2191 1899 2208 1930 ,
2234 1854 2315 1911 in-

254 1945 302 1986 ²⁰
324 1943 631 2003 structum
682 1933 951 2013 fameque
990 1942 1048 1995 et
1087 1936 1294 1995 iterum
1328 1934 1422 1996 siti
1457 1934 1896 2016 interpellante,
1951 1954 2156 2017 panem
2195 1937 2314 2015 qui·

323 2019 451 2079 dem
488 2018 779 2079 sordidum
814 2018 1068 2079 oblatum
1106 2028 1451 2098 aspernatus
1488 2029 1610 2097 est,
1650 2037 1837 2098 aquae
1873 2030 2061 2081 autem
2084 2021 2315 2100 tepidae

323 2103 669 2181 aliquantum
693 2101 853 2162 bibit.
898 2101 1061 2163 Tunc
1081 2120 1197 2163 uno
1223 2121 1459 2182 quoque
1483 2103 1617 2164 hinc
1640 2103 1771 2163 inde
1794 2106 2040 2165 instante
2064 2115 2314 2184 utquam
2332 2110 2399 2165 49

322 2188 562 2266 primum
587 2203 653 2246 se
685 2186 1146 2264 impendentibus
1182 2187 1548 2248 contumeliis
1583 2187 1861 2267 eriperet,
1900 2188 2171 2249 scrobem
2216 2205 2313 2248 co-

319 2288 441 2330 ram
471 2271 596 2330 lieri
620 2269 946 2349 imperavit,
978 2271 1268 2331 dimensus
1291 2270 1365 2331 ad
1391 2272 1665 2351 corporis
1689 2272 1776 2331 sui
1798 2271 2120 2351 modulum,
2157 2289 2313 2333 com-

252 2370 303 2409 ιε
320 2355 577 2433 ponique
601 2353 789 2430 simul,
815 2355 865 2414 si
890 2371 1002 2432 qua
1024 2356 1438 2431 invenirentur,
1464 2354 1644 2415 frusta
1670 2357 2001 2434 marmoris,
2028 2365 2085 2416 et
2107 2373 2314 2434 aquam

323 2436 487 2497 simul
513 2453 586 2497 ac
610 2436 767 2514 ligna
792 2438 1047 2498 conferri
1074 2438 1329 2499 curando
1353 2456 1490 2499 mox
1514 2438 1805 2518 cadaveri,
1830 2439 1978 2500 flens
2000 2440 2072 2500 ad
2087 2439 2312 2518 singula

320 2530 494 2600 atque
516 2519 828 2582 identidem
851 2520 1149 2582 dictitans:
1179 2520 1403 2595 Qualis
1433 2522 1675 2601 artifex
1699 2525 1935 2601 pereo!

438 2603 598 2664 Inter
618 2622 815 2666 moras
850 2604 1112 2683 perlatos
1135 2622 1169 2665 a
1196 2623 1438 2666 cursore
1461 2606 1705 2667 Phaonti
1743 2608 2054 2668 codicillos
2093 2610 2307 2687 praeri-

321 2688 443 2766 puit
464 2688 743 2768 legitque,
767 2706 832 2748 se
860 2688 1087 2749 hostem
1113 2706 1147 2749 a
1170 2697 1373 2750 senatu
1397 2690 1702 2751 iudicatum
1715 2698 1774 2750 et
1787 2692 2004 2769 quaeri,
2029 2699 2088 2751 ut
2113 2693 2309 2769 punia-

251 2779 303 2820 30
321 2781 412 2831 tur
433 2788 607 2832 more
623 2771 947 2848 maiorum,
977 2773 1475 2854 interrogavitque
1499 2775 1671 2854 quale
1693 2774 1751 2834 id
1772 2792 1960 2852 genus
1983 2784 2143 2835 esset
2166 2793 2308 2855 poe·

320 2873 460 2924 nae:
488 2863 546 2915 et
571 2873 698 2916 cum
723 2857 1130 2936 comperisset,
1155 2856 1289 2917 nudi
1313 2858 1558 2919 hominis
1583 2860 1875 2920 cervicem
1897 2860 2073 2920 inseri
2088 2859 2307 2938 furcae,

320 2957 538 3018 corpus
559 2941 740 3018 virgis
762 2940 834 3001 ad
855 2957 1060 3000 necem
1084 2940 1270 3019 caedi,
1299 2944 1646 3004 conterritus
1660 2942 1806 3003 duos
1823 2945 2133 3022 pugiones,
2161 2961 2308 3023 quos

317 3043 512 3086 secum
547 3025 859 3103 extulerat,
896 3025 1156 3103 arripuit,
1194 3034 1583 3105 temptataque
1617 3027 1912 3107 utriusque
1948 3027 2075 3087 acie
2109 3045 2308 3087 rursus

319 3109 600 3188 condidit,
634 3118 900 3171 causatus
921 3108 1188 3170 nondum
1217 3110 1441 3172 adesse
1455 3109 1715 3189 fatalem
1735 3110 2003 3183 horam‚·
2041 3129 2109 3173 ac
2131 3111 2306 3173 modo

249 3205 300 3248 as
321 3196 570 3274 Sporum
594 3193 931 3255 hortabatur
951 3202 1011 3252 ut
1034 3194 1333 3255 lamentari
1367 3213 1438 3256 ac
1473 3195 1755 3273 plangere
1789 3197 2096 3276 inciperet,
2132 3195 2305 3256 modo

320 3277 521 3339 orabat
543 3287 602 3338 ut
627 3296 693 3339 se
716 3278 920 3357 aliquis
945 3275 1017 3337 ad
1038 3286 1283 3338 mortem
1318 3278 1735 3356 capessendam
1763 3280 2035 3360 exemplo
2052 3281 2303 3346 iuvaret;

318 3360 593 3422 interdum
618 3364 921 3440 segnitiem
959 3380 1118 3460 sqam
1152 3361 1241 3422 his
1275 3362 1473 3422 verbis
1509 3363 1878 3442 increpabat.
1918 3362 2065 3425 Vivo
2095 3360 2302 3459 defor-

319 3444 513 3521 miter,
538 3447 797 3525 turpiter
808 3448 843 3483 '¹'
853 3481 937 3492 -—
952 3434 1037 3506 οὐ
1056 3439 1297 3522 πρέπει
1313 3440 1608 3526 Νέρωνι,
1632 3440 1717 3509 οὖ
1731 3442 2045 3587 πρέῖεέεἰ-
2059 3437 2305 3523 νήφειν
