2553 3960
953 226 1370 274 PRAEFATIO.
1878 226 2054 273 mnu

347 388 585 457 Deper
606 385 917 440 ditorum
972 384 1227 441 Suetonii
1289 386 1555 440 librorum
1603 384 1873 456 reliquias
1931 385 2050 457 pri-
2093 392 2370 447 Fragment·-

230 487 351 527 nus
383 470 616 524 lsaacus
653 466 1017 523 Casaubonus
1065 469 1121 523 in
1166 469 1359 540 priore
1405 468 1652 524 editione
1692 485 1791 524 sua
1824 486 1875 524 a.
1914 475 2047 528 1595

233 553 474 622 collegit
520 551 851 622 addiditque
904 552 1199 607 nonnullas
1245 553 1304 606 in
1357 552 1600 606 secunda
1643 568 1692 607 a.
1743 557 1882 610 1610
1927 552 2050 606 vul-

235 631 479 708 gata⁶⁸).
566 634 631 688 Ei
669 635 931 704 syllegae
962 641 1253 706 postquam
1286 635 1569 690 Schildius
1604 635 1851 689 Terentii
1883 635 2050 691 vitam

233 727 293 775 et
319 720 563 775 lacobus
595 718 911 773 Gronovius
951 735 1001 774 a.
1035 723 1172 778 1698
1210 719 1316 773 tria
1358 718 1665 787 fragmenta
1707 735 1761 789 p·
1795 723 1894 777 281
1915 759 1933 788 ,
1961 723 2047 775 25.

234 810 362 872 302,
395 808 482 862 17.
530 807 653 871 304,
686 806 756 860 32
790 801 1026 870 adiecit,
1055 802 1410 873 posteriores
1440 800 1692 856 editores
1730 799 1867 855 nihil
1902 800 2049 872 quod

235 888 514 943 adderent
551 884 817 939 habuisse
844 884 1120 940 videntur.
1208 884 1408 940 Nostra
1454 889 1637 940 aetate
1669 900 1789 939 cum
1823 885 1890 939 de
1934 883 2050 938 sin-

235 971 388 1040 gulis
435 968 763 1039 quibusdam
810 967 1063 1039 partibus
1107 967 1456 1038 complures,
1499 973 1610 1021 tum
1657 968 1725 1021 de
1768 966 2047 1022 universis

237 1050 502 1107 Suetonii
548 1051 775 1121 scriptis
818 1050 1172 1105 laudabiliter
1220 1051 1491 1121 Iosephus
1533 1050 1746 1120 Regent
1776 1051 2049 1107 Vratisla-

235 1137 368 1191 viae
401 1151 452 1189 a.
498 1138 631 1193 1856
663 1140 1058 1188 commentatus
1089 1140 1194 1188 est.
1284 1133 1553 1204 Equidem
1594 1133 1649 1188 in
1682 1133 2048 1210 disponendis

235 1216 550 1288 Tranquilli
589 1216 752 1271 libris
797 1216 1018 1272 Suidam
1050 1217 1245 1272 ducem
1292 1218 1630 1287 sequendum
1672 1233 1800 1273 esse
1848 1216 2046 1272 existi-

235 1301 385 1356 mavi
405 1342 419 1368 ,
467 1300 561 1369 qui
590 1299 695 1354 etsi
729 1306 958 1355 auctore
997 1301 1192 1370 ignoto
1220 1316 1353 1354 usus
1385 1307 1472 1355 est
1504 1306 1682 1355 tamen
1715 1301 1863 1355 nulla
1895 1301 1949 1354 in
1982 1316 2045 1354 re

236 1386 384 1441 falsa
415 1382 716 1438 tradidisse
739 1383 983 1447 videtum
1015 1383 1070 1437 in
1103 1384 1424 1439 ordinandis
1448 1399 1585 1439 vero
1615 1383 1884 1439 librorum
1913 1399 2046 1455 par-

236 1466 435 1522 ticulis
465 1467 735 1521 internam
765 1467 1034 1537 quandam
1062 1467 1513 1539 probabilitatem
1543 1466 1750 1522 sectari
1782 1482 2046 1522 necessa-
2113 1529 2118 1533 q

235 1552 331 1606 rio
365 1549 508 1606 satis
534 1549 723 1605 habui.

365 1633 692 1688 Suetonium
738 1631 917 1688 libros
967 1649 1077 1688 non
1120 1634 1529 1705 conscripsisse
1576 1632 1684 1688 nisi
1720 1632 1905 1687 Latina
1944 1631 2046 1686 lin·
2065 1640 2370 1686 Libriludiert

238 1734 351 1788 gua
392 1731 584 1772 omnes
616 1716 797 1770 adhuc
827 1716 1137 1772 credidisse
1174 1719 1375 1781 video;
1420 1731 1601 1785 neque
1634 1730 1744 1785 ego
1789 1714 1837 1768 si
1881 1715 2045 1770 aliter

238 1806 429 1857 statuo
451 1840 469 1868 ,
507 1804 664 1853 certo
710 1798 899 1868 aliquo
926 1800 1016 1854 vel
1049 1799 1372 1857 testimonio
1403 1799 1495 1854 vel
1541 1804 1867 1868 argumento
1900 1804 2045 1852 utor.

241 1884 357 1939 Sed
389 1882 585 1937 mirum
619 1888 800 1936 tamen
828 1881 1069 1952 videtur,
1102 1885 1250 1954 quod
1284 1883 1495 1954 aliquot
1519 1881 1786 1937 librorum
1815 1881 2050 1936 mentio-

240 1985 369 2023 nem
405 1985 434 2022 a
468 1964 675 2021 Latinis
708 1964 942 2034 nullam,
973 1972 1165 2023 contra
1195 1967 1334 2023 satis
1371 1967 1720 2037 frequentem
1755 1984 1784 2022 a
1816 1963 2048 2021 Graecis

241 2050 617 2121 scriptoribus
650 2048 851 2103 factam
892 2049 1288 2106 animadverto.
1379 2049 1562 2105 Possit
1595 2051 1702 2104 hoc
1737 2047 1940 2119 aliquis
1972 2048 2047 2103 ita

242 2134 535 2205 explicare
569 2132 751 2200 velle,
799 2138 859 2185 ut
906 2132 1148 2202 insignia
1201 2134 1470 2205 quaedam
1515 2134 1671 2202 loca,
1723 2132 1870 2188 sicut
1904 2131 2050 2187 haud

242 2217 417 2273 dubie
449 2216 506 2271 in
538 2215 702 2270 libris
733 2215 803 2269 de
832 2214 945 2271 vita
978 2215 1278 2272 Caesarum
1310 2218 1510 2272 factum
1541 2222 1663 2284 est,
1697 2222 1788 2270 aut
1818 2216 2050 2270 libellos

243 2301 412 2355 etiam
446 2299 713 2370 quosdam
753 2298 1007 2368 integros
1048 2317 1078 2354 a
1109 2299 1338 2355 Graecis
1380 2299 1653 2356 sermonis
1683 2298 1857 2354 Latini
1896 2298 2049 2370 peri·

242 2383 318 2438 tis
351 2397 661 2438 conversos
683 2381 850 2436 dicat.
916 2382 1121 2438 Verum
1152 2383 1284 2438 talis
1320 2383 1512 2456 opinio
1547 2383 1631 2437 rei
1664 2381 2049 2453 expediendae

244 2482 356 2522 non
388 2466 613 2521 videtur
653 2464 791 2520 satis
825 2464 1012 2519 facere
1055 2482 1242 2537 posse.
1334 2467 1503 2522 Tanta
1555 2466 1699 2521 enim
1742 2470 1828 2519 est
1877 2462 2047 2519 inter·

246 2552 372 2606 dum
416 2549 710 2604 allatorum
752 2564 782 2601 a
813 2548 1083 2603 Suetonio
1136 2567 1167 2603 e
1208 2550 1495 2626 veteribus
1527 2549 1862 2604 Graecorum
1908 2547 2051 2602 scri-

246 2633 508 2705 ptoribus
539 2630 831 2686 multitudo
860 2631 952 2685 vel
990 2647 1244 2687 versuum
1273 2633 1365 2687 vel
1395 2631 1853 2703 proverbiorum,
1898 2635 2050 2685 tanta

236 2717 299 2771 ‘ln
326 2715 678 2786 explicandis
701 2713 1035 2769 Graecorum
1070 2717 1318 2772 moribus
1348 2732 1414 2770 ac
1441 2713 1836 2770 vocabulorum
1873 2712 2051 2782 origi-

244 2800 409 2854 nibus
447 2797 713 2856 rimandis
743 2796 1035 2866 diligentia
1068 2804 1232 2870 atque
1260 2800 1513 2868 ubertas,
1554 2803 1612 2853 ut
1645 2796 1845 2867 quibus
1873 2795 2050 2850 lecto·

246 2883 403 2938 ribus
438 2882 547 2937 nisi
581 2879 810 2937 Graecis
851 2881 991 2935 haec
1030 2883 1237 2954 scripta
1286 2882 1594 2951 arbitrere,
1639 2895 1749 2951 quo
1793 2894 2050 2935 sermone

245 2966 355 3020 nisi
392 2965 609 3021 Graeco
640 2963 947 3035 composita
977 2965 1131 3021 dicas
1161 2966 1258 3021 vix
1286 2965 1556 3037 reperias.
1625 2963 1889 3034 Pei-legat
1917 2961 2051 3017 mihi

387 3126 479 3187 53)
527 3130 585 3177 In
621 3129 845 3178 secunda
892 3137 1214 3179 accesserunt
1256 3144 1309 3194 p.
1350 3128 1480 3188 276,
1522 3128 1573 3180 9.
1631 3127 1763 3187 280,
1810 3126 1848 3178 8
1881 3136 1932 3178 et
1963 3126 2050 3178 33.

244 3196 370 3259 282,
388 3196 442 3247 8.
478 3195 601 3256 287,
631 3197 717 3248 38.
756 3197 875 3257 299,
908 3196 991 3247 13.
1040 3197 1162 3257 303,
1193 3197 1278 3248 31.
1314 3196 1432 3257 304,
1451 3198 1502 3246 4.
1541 3195 1661 3259 306,
1703 3198 1788 3247 24.
1864 3197 2050 3246 Harum

242 3265 467 3330 aliquam
507 3275 705 3332 partem
749 3265 899 3315 Petro
953 3265 1161 3316 Pithoeo
1209 3266 1381 3315 deberi
1419 3274 1568 3330 puto,
1620 3265 1713 3315 cfr.
1764 3265 2052 3315 Gasauboni

243 3337 394 3399 epist.
427 3335 509 3387 ed.
551 3333 735 3386 GraeV.
771 3348 821 3399 p.
863 3332 980 3385 110.
1052 3334 1243 3384 Lucani
1284 3335 1438 3383 vitam
1473 3348 1504 3381 a
1533 3333 1797 3384 Theodoro
1835 3333 2050 3383 Camere

242 3406 435 3471 accepit
465 3420 515 3459 a.
539 3403 697 3467 1596,
733 3414 790 3454 ut
825 3417 890 3452 ex
914 3401 1197 3454 casauboni
1226 3402 1454 3468 epistolis
1494 3401 1571 3451 ed.
1593 3402 1839 3454 AlmeloV.
1877 3416 1928 3466 p.
1948 3397 2052 3451 646

245 3475 560 3540 intelligitur.
