2553 3960
533 223 749 272 LXXVI
1214 223 1629 272 PRAEFATIO.

539 398 667 453 res,
723 387 807 438 tot
864 380 1014 437 docti
1059 382 1311 437 homines
1352 381 1748 437 intellexerunt
1802 388 2103 453 nostraque
2153 387 2342 438 aetate

538 465 858 522 Fridericus
890 464 1098 519 Ritscbl
1130 465 1186 520 in
1215 465 1477 535 Paret-gis
1515 473 1543 523 1
1573 483 1629 537 p·
1662 471 1794 533 619,
1828 464 2063 522 Carolus
2091 465 2339 521 Frideri·

537 566 636 606 cns
680 549 955 604 Hermann
1004 549 1060 602 in
1097 555 1507 620 programmate
1546 548 1843 618 Gottingae
1883 567 1932 606 a.
1979 554 2117 608 1848
2159 549 2339 617 edito,

538 634 867 689 Theodorus
900 632 1199 687 Mommsen
1229 633 1286 686 in
1317 632 1807 689 dissertationibus
1835 633 2125 689 societatis
2156 631 2340 688 Saxo-

536 717 698 772 nicae
732 724 760 774 1
793 732 848 786 p.
880 720 986 774 673
1018 720 1126 771 tam
1157 715 1438 770 luculente
1458 716 1995 786 demonstraverunt,
2027 721 2087 771 ut
2116 732 2210 771 res
2234 731 2344 787 pro

539 800 796 856 confecta
846 799 1040 855 baberi
1094 798 1315 854 debeat.
1403 799 1595 870 ltaque
1641 800 2003 855 excusatione
2048 814 2189 870 opus
2230 814 2344 855 non

539 882 680 953 erit,
712 883 859 953 quod
890 880 987 937 illa
1031 881 1355 952 Hieronymi
1392 881 1757 938 additamenta
1807 882 1863 937 in
1904 883 2013 938 boc
2041 880 2343 938 Suetonia-

540 982 730 1022 narum
760 964 1124 1036 reliquiarum
1158 981 1363 1036 corpus
1404 965 1615 1037 recepi.
1707 964 1839 1021 Cum
1882 972 2061 1021 tamen
2090 965 2180 1021 vel
2225 964 2342 1019 illis

538 1047 792 1120 egregiis
862 1046 1142 1103 iudicibus
1198 1047 1575 1104 dubitationes
1640 1049 1852 1120 aliquot
1910 1049 2147 1104 relictae
2208 1046 2344 1115 sint,

535 1150 590 1204 p.
623 1136 749 1201 272,
780 1136 851 1191 28
880 1137 936 1186 et
965 1148 1019 1203 p.
1052 1138 1178 1201 301,
1208 1137 1276 1191 18
1305 1149 1369 1187 ea
1401 1132 1662 1204 seposui,
1696 1148 1928 1203 quorum
1964 1139 2159 1188 auctor
2197 1131 2339 1186 Sue-

536 1214 722 1271 tonius
758 1221 937 1269 utrum
969 1214 1043 1269 sit
1082 1230 1257 1270 necne
1300 1215 1466 1270 etiam
1494 1231 1638 1270 nunc
1681 1215 1949 1271 incertum
1989 1222 2092 1270 est.
2177 1213 2343 1269 Reci-

538 1313 674 1370 pere
732 1313 899 1353 ausus
950 1313 1061 1353 non
1118 1314 1265 1367 snm,
1307 1314 1630 1369 quamquam
1687 1299 1929 1355 fortasse
1982 1298 2164 1352 eidem
2202 1299 2346 1352 Sue·

537 1380 693 1437 tenio
728 1381 982 1449 debitas,
1011 1380 1330 1437 notationes
1358 1382 1650 1437 nonnullas
1677 1399 1709 1438 a
1741 1380 2106 1438 Cassiodorio
2142 1382 2211 1437 ad
2244 1396 2343 1436 an-

537 1480 641 1520 nos
689 1465 758 1520 ab
799 1465 937 1520 urbe
987 1464 1209 1520 condita
1260 1472 1381 1524 515.
1430 1470 1552 1524 568·
1599 1471 1718 1525 639.
1766 1471 1870 1526 769
1910 1465 2071 1520 Varr.
2127 1463 2346 1521 adscri-

536 1553 692 1620 ptas,
745 1548 816 1603 de
848 1546 1048 1618 quibus
1080 1547 1408 1604 Theodorus
1440 1549 1626 1618 Bergk
1654 1549 1930 1604 benevole
1969 1564 2055 1603 me
2098 1563 2343 1603 commo-

536 1631 842 1690 nefecerat.

659 1713 911 1786 Singulis
952 1713 1246 1786 particulis
1290 1730 1548 1770 numeros
1595 1730 1859 1771 annorum
1898 1716 1966 1771 ab
2012 1731 2065 1769 u.
2116 1730 2165 1768 c.
2210 1714 2345 1770 sub·

537 1797 686 1868 didi,
720 1815 859 1869 quos
889 1798 1229 1866 Hieronymo
1260 1797 1467 1852 addere
1499 1797 1744 1870 placuit,
1792 1813 2003 1868 eosque
2036 1797 2347 1868 simplices,

537 1879 630 1937 ubi
663 1880 942 1938 editiones
980 1880 1328 1951 conspirare,
1359 1882 1695 1953 complures,
1725 1881 1820 1936 ubi
1847 1881 2071 1936 variare
2102 1880 2251 1935 inter
2281 1896 2351 1935 se

536 1963 812 2022 videbam.
903 1965 1036 2020 Eius
1066 1964 1213 2022 modi
1250 1980 1509 2021 numeros
1539 1965 1918 2022 consulatibus
1953 1963 2137 2020 linitos
2171 1963 2349 2020 Tran-

540 2048 778 2120 quillus,
824 2055 886 2103 ut
913 2049 1169 2119 integrae
1204 2048 1356 2104 vitae
1387 2049 1796 2117 demonstrant,
1839 2063 1970 2103 raro
2012 2047 2348 2119 prodiderat

537 2132 693 2202 ipse;
721 2133 1024 2204 plerosque
1057 2131 1427 2201 Hieronymus
1459 2131 1778 2203 adscripsit,
1810 2130 1926 2187 suis
1960 2130 2351 2187 ratiocinatio-

538 2214 700 2271 nibus
737 2232 870 2271 usus
910 2231 1188 2286 persaepe
1216 2215 1307 2269 vel
1350 2230 1544 2270 errore
1573 2215 1664 2270 vel
1709 2213 2069 2272 festinatione
2100 2213 2347 2271 vitiosis.

541 2296 660 2364 Qua
701 2300 770 2354 de
811 2315 873 2353 re
914 2298 1122 2353 Ritscbl
1159 2298 1213 2355 in
1255 2297 1515 2368 Parergis
1556 2316 1610 2370 p.
1649 2304 1753 2358 623
1794 2304 1851 2353 et
1878 2315 1983 2354 van
2014 2296 2239 2353 lleusde
2288 2297 2348 2351 in

539 2381 793 2452 Epistola
825 2382 895 2437 de
926 2381 1137 2436 Lucilio
1169 2397 1224 2452 p.
1256 2386 1289 2439 7
1323 2388 1573 2451 egerunt.

684 2462 833 2530 Quot
907 2464 1069 2520 libris
1137 2464 1489 2535 Tranquillus
1559 2465 1808 2520 illustres
1866 2464 2023 2521 viros
2095 2461 2347 2534 perscri-

541 2546 752 2620 pserit,
810 2563 992 2619 neque
1055 2565 1085 2603 a
1126 2547 1297 2603 Suida
1355 2548 1631 2617 proditum
1675 2554 1763 2603 est
1818 2564 1998 2619 neque
2057 2546 2350 2602 coniectu-

540 2632 620 2686 ris
650 2629 1065 2701 investigatum.
1152 2629 1270 2687 Hoc
1313 2637 1520 2686 tantum
1575 2647 1678 2702 pro
1730 2637 1890 2686 certo
1946 2632 2225 2686 affirmare
2275 2630 2348 2683 li·-

542 2721 663 2782 cet,
726 2720 952 2786 praeter
1001 2715 1354 2785 superstitem
1410 2714 1657 2770 libellum
1705 2714 1799 2785 qui
1852 2716 1922 2770 de
1964 2711 2348 2769 Grammaticis

543 2803 600 2851 et
642 2797 964 2854 rhetoribus
1010 2803 1127 2865 est,
1175 2797 1432 2866 singulos
1477 2798 1657 2863 libros
1718 2797 1892 2852 fuisse
1958 2798 2028 2853 de
2093 2795 2345 2851 Oratori-

542 2881 680 2949 buS,
728 2881 797 2936 de
841 2874 1144 2954 Poetis⁶¹),
1200 2880 1269 2934 de
1326 2879 1643 2936 Historicis.
1735 2879 1927 2950 Neque
1973 2887 2155 2936 tamen
2216 2895 2349 2934 cau-

542 2980 659 3019 sam
708 2963 874 3019 video
918 2962 1208 3033 idoneam,
1265 2980 1366 3018 cur
1423 2963 1675 3033 reliquos
1733 2964 2077 3035 scriptores,
2142 2968 2203 3017 ut
2262 2962 2352 3017 iu-

542 3048 911 3103 risconsultos
981 3063 1046 3102 ac
1112 3046 1347 3101 maxime
1385 3046 1776 3118 -pbilosopbos
1834 3045 2134 3102 Illustrinm
2189 3045 2350 3101 viro-

542 3146 662 3184 rum
715 3130 1092 3201 appellatione
1147 3135 1204 3183 et
1252 3129 1469 3184 honore
1509 3128 1759 3200 privatos
1815 3146 1844 3185 a
1883 3128 2204 3200 Tranquillo
2249 3144 2351 3182 ex-

680 3338 776 3403 61)
808 3342 990 3391 Poetas
1023 3341 1221 3391 duobus
1253 3341 1396 3391 libris
1432 3344 1693 3407 expositos
1724 3340 1885 3392 fuisse
1921 3342 2198 3391 Mommsen
2237 3339 2350 3404 opi-

543 3415 709 3468 natur,
744 3409 901 3459 altero
942 3411 1114 3475 epicos
1145 3417 1193 3459 et
1224 3410 1433 3474 lyricos,
1468 3412 1622 3459 altero
1656 3410 2030 3461 comoediarum
2070 3417 2117 3459 et
2140 3416 2346 3473 tragoe-

544 3475 743 3525 diarum
773 3485 824 3525 et
855 3477 1121 3528 mimorum
1156 3478 1446 3543 scriptores.
