2553 3960
936 236 1148 286 mvus
1191 236 1573 288 Auousrus.
2173 227 2254 289 39

234 410 519 472 proavum
557 392 916 473 exprobrat,
959 395 1281 458 restionem
1323 412 1356 454 e
1399 412 1557 474 pago
1595 393 1885 472 Thurino,
1944 411 2111 454 avum
2164 413 2252 455 ar-

235 480 577 555 gentarium.
642 475 775 537 Nec
815 479 1121 556 quicquam
1149 477 1298 540 ultra
1343 477 1415 537 de
1445 480 1702 557 paternis
1738 477 1988 556 Augusti
2026 480 2250 538 maiori-

234 561 346 621 bus
373 563 632 642 repperi.
690 615 697 616 ff

308 693 317 700 .
365 643 431 705 C.
465 646 742 706 Octavius
780 656 948 726 pater
993 665 1026 708 a
1063 648 1356 727 principio
1396 648 1602 707 aetatis
1641 655 1701 707 et
1739 665 1805 706 re
1852 655 1911 706 et
1963 649 2306 710 existima-3

184 733 398 791 stione
425 749 635 808 magna
663 731 805 808 ruit,
850 739 911 790 ut
941 731 1212 809 equidem
1241 733 1419 791 mirer
1448 729 1603 790 hunc
1636 749 1870 810 quoque
1899 750 1932 793 a
1959 732 2253 792 nonnullis

237 816 629 893 argentarium
668 823 841 895 atque
883 816 1055 875 etiam
1091 817 1245 875 inter
1298 814 1588 875 divisores
1646 833 1980 896 operasque
2023 833 2250 896 campe·

236 902 376 960 stris
417 899 738 979 proditum;
794 900 1001 980 amplis
1041 900 1192 959 enim
1233 900 1540 959 innutritus
1594 900 1837 979 opibuS,
1895 900 2153 961 honores
2194 909 2254 960 et

233 983 484 1064 adeptus
542 993 634 1043 est
688 984 866 1045 facile
923 994 982 1043 et
1041 986 1289 1061 egregie
1343 982 1775 1044 administravit.
1847 984 1943 1046 Ex
1983 994 2254 1065 praetura

232 1068 638 1130 Macedoniam
678 1070 949 1146 sortitus,
1007 1069 1322 1146 fugitivos,
1366 1067 1658 1129 residuam
1703 1070 1968 1149 Spartaci
2007 1079 2066 1130 et
2100 1069 2253 1131 Cati-

160 1173 212 1214 10
233 1155 392 1214 linae
434 1170 692 1231 manum,
736 1152 1048 1215 Thurinum
1091 1171 1294 1231 agrum
1332 1155 1615 1231 tenentis,
1660 1155 1719 1213 in
1758 1155 1967 1215 itinere
2010 1154 2252 1232 delevit,

233 1239 482 1316 negotio
510 1238 622 1298 sibi
649 1239 708 1297 in
737 1247 942 1298 senatu
973 1247 1140 1300 extra
1181 1237 1442 1299 ordinem
1479 1237 1635 1299 dato.
1701 1238 2051 1300 Provinciae
2085 1257 2252 1319 prae-

232 1324 344 1384 fuit
376 1340 493 1382 non
529 1324 754 1382 minore
785 1324 999 1383 iustitia
1030 1341 1197 1402 quam
1228 1321 1597 1394 fortitudine;
1644 1340 1890 1403 namque
1931 1324 2133 1384 Bessis
2184 1342 2256 1384 ac

234 1407 561 1468 Thracibus
597 1424 810 1485 magno
839 1407 1072 1487 proelio
1116 1407 1297 1485 fusis,
1341 1408 1420 1468 ita
1456 1410 1659 1468 socios
1686 1410 1992 1486 tractavit,
2037 1416 2099 1467 ut
2131 1409 2252 1488 epi·

232 1491 428 1553 stolae
456 1491 533 1552 M.
570 1491 880 1553 Ciceronis
918 1500 1123 1552 extent
1164 1492 1373 1571 quibus
1416 1492 1686 1566 Quintum
1723 1492 1998 1571 fratrem,
2046 1491 2254 1552 eodem

160 1598 212 1637 15
233 1587 502 1657 tempore
533 1595 738 1656 parum
780 1577 1038 1637 secunda
1076 1578 1228 1638 fama
1268 1577 1750 1656 proconsulatum
1796 1575 1977 1637 Asiae
2019 1576 2251 1638 admini-

231 1671 545 1739 strantem,
586 1661 852 1722 hortatur
877 1671 936 1721 et
975 1670 1209 1738 monet,
1253 1662 1508 1731 imitetur
1539 1662 1596 1721 in
1628 1661 2035 1739 promerendis
2072 1662 2253 1720 sociis

232 1748 487 1807 vicinum
527 1764 691 1805 suum
737 1746 1056 1807 Octavium.
1125 1745 1442 1806 Decedens
1472 1743 1850 1823 Macedonia,
1892 1746 2053 1824 prius
2087 1750 2303 1824 quam4

229 1832 499 1913 profiteri
530 1849 596 1890 se
631 1830 990 1891 candidatum
1021 1831 1357 1890 consulatus
1401 1839 1640 1909 posset,
1689 1839 1935 1890 mortem
1972 1830 2118 1891 obiit
2162 1849 2251 1889 re-

231 1918 564 1998 pentinam,
616 1916 1029 1996 superstitibus
1083 1916 1287 1975 liberis
1344 1914 1588 1975 Octavia
1643 1915 1896 1993 maiore,
1954 1932 2122 1996 quam
2179 1933 2255 1974 ex

34 2003 49 2053 ⁸
160 2031 212 2070 20
230 2002 565 2078 Ancharia,
612 2010 671 2060 et
713 1999 955 2062 Octavia
997 2003 1221 2060 minore
1263 2003 1402 2061 item
1438 1999 1746 2078 Augusto,
1807 2018 1956 2080 quos
1996 2019 2073 2060 ex
2120 1999 2255 2060 Atia

228 2088 467 2148 tulerat.
513 2084 653 2146 Atia
679 2086 756 2147 Μ.
789 2086 929 2148 Atio
960 2085 1144 2146 Balbo
1178 2094 1238 2145 et
1263 2084 1428 2161 Iulia,
1475 2102 1685 2145 sorore
1717 2083 1783 2144 C.
1819 2083 2115 2163 Caesaris,
2150 2103 2253 2162 ge-

229 2173 352 2232 nita
389 2180 501 2230 est.
573 2169 817 2247 Balbus,
874 2170 1119 2250 paterna
1161 2172 1345 2250 stirpe
1377 2169 1673 2247 AricinuS,
1718 2170 1913 2230 multis
1951 2172 2009 2230 iu
2040 2169 2256 2231 familia

229 2257 550 2316 senatoriis
579 2254 962 2334 imaginihus,
1008 2273 1041 2315 a
1079 2264 1262 2316 matre
1291 2254 1564 2332 Magnum
1592 2254 1930 2334 Pompeium
1964 2257 2254 2315 artissimo

233 2339 620 2418 contingebat
650 2340 834 2418 gradu
864 2341 1215 2419 functusque
1240 2339 1469 2399 honore
1502 2349 1812 2419 praeturae
1842 2341 1995 2399 inter
2023 2341 2255 2417 viginti·
2330 2378 2336 2383 -

33 2455 50 2466 ·
160 2449 210 2488 25
230 2427 400 2486 viros
433 2443 636 2503 agrum
666 2422 1017 2505 Campanum
1045 2424 1208 2505 plebi
1242 2423 1387 2498 Iulia
1418 2424 1557 2501 lege
1591 2423 1807 2484 divisit.
1855 2424 2075 2484 Verum
2105 2423 2258 2484 idem

229 2510 560 2587 Antonius,
631 2507 966 2589 despiciens
1020 2510 1194 2570 etiam
1251 2518 1570 2570 maternam
1628 2506 1882 2585 Augusti
1946 2510 2255 2585 originem,

228 2611 522 2674 proavum
551 2596 675 2653 eius
704 2593 835 2654 Afri
877 2595 1116 2673 generis
1156 2593 1343 2654 fuisse
1388 2601 1448 2652 et
1480 2591 1657 2652 modo
1698 2594 2143 2668 unguentariam
2174 2601 2255 2651 ta-

231 2679 475 2739 bernam
517 2679 691 2738 modo
731 2680 1031 2758 pistrinum
1073 2679 1311 2739 Ariciae
1361 2676 1704 2737 exercuisse
1743 2675 1943 2736 obicit.
2023 2674 2258 2736 Cassius

231 2763 469 2843 quidem
505 2762 834 2823 Parmensis
879 2763 1121 2843 quadam
1174 2761 1430 2842 epistola
1479 2778 1597 2820 non
1635 2768 1852 2822 tantum
1892 2768 1953 2819 ut
1994 2761 2256 2840 pistoriS,

163 2868 216 2912 so
236 2847 343 2908 sed
404 2848 575 2907 etiam
644 2857 706 2908 ut
775 2848 1109 2909 nummulari
1175 2855 1453 2927 nepotem
1527 2847 1614 2905 sic
1685 2854 1843 2907 taxat
1898 2844 2255 2923 Augustum:

231 2931 529 2994 Materna
566 2932 683 2994 tibi
725 2931 1013 3010 farinast
1075 2951 1156 2992 ex
1209 2929 1583 2992 crudissimo
1636 2929 1898 2992 Ariciae
1952 2929 2256 3008 pistrino.-

230 3017 401 3078 ltano
466 3017 652 3094 finxit
702 3016 991 3078 manibus
1045 3014 1290 3096 collybo
1363 3014 1746 3076 decoloratis
1812 3012 2260 3077 Nerulonensis

230 3101 608 3162 men-sarius.

355 3184 541 3246 Natus
601 3194 692 3245 est
748 3187 1047 3263 Augustus
1114 3186 1191 3247 Μ.
1261 3185 1457 3246 Tullio
1518 3183 1809 3246 Cicerone
1869 3182 1935 3244 C.
1996 3184 2304 3252 Antonine,

167 3288 438 3331 asconss.
483 3269 669 3329 v1111.
712 3270 842 3330 Kal.
887 3270 1136 3349 Octoh.,
1194 3269 1388 3351 paulo
1432 3277 1564 3331 ante
1619 3269 1765 3329 solis
1810 3277 2110 3348 exortum,
2163 3289 2255 3329 re-

233 3357 416 3434 gione
445 3354 665 3432 Palati,
711 3354 781 3415 ad
827 3353 1033 3436 Capita
1076 3355 1326 3432 bubula,
1371 3353 1470 3413 ubi
1512 3372 1663 3413 nunc
1715 3355 2029 3414 sacrarium
2056 3352 2253 3428 hahet,

232 3439 534 3519 aliquanto
575 3448 713 3540 post
747 3457 913 3518 quam
958 3442 1219 3500 excessit
1266 3440 1657 3499 constitutum.
1732 3437 1879 3498 Nam
1917 3444 1979 3494 ut
2019 3444 2254 3494 senatus

232 3525 383 3584 actis
432 3524 793 3600 continetur,
841 3542 970 3584 cum
1017 3521 1085 3584 C.
1114 3523 1450 3596 LaetoriuS,
1495 3520 1840 3581 adulescens
1881 3517 2110 3595 patricii
2147 3534 2248 3590 ge-
