2553 3960
327 193 447 254 154
536 203 597 252 c.
631 203 931 253 suE'rom
967 203 1222 264 TRANQ.
1259 203 1354 250 DE
1386 202 1550 250 vrrA
1582 203 1952 252 CAESABUM
1980 206 2120 255 Lm.
2154 207 2219 255 v.

322 358 523 420 aedem
554 358 909 419 adureretur.
1001 357 1495 437 conspiraverunt
1525 365 1712 417 autem
1743 358 1814 419 ad
1843 377 1942 418 res
1973 376 2156 420 novas
2188 359 2315 423 Gal-

320 443 410 503 lus
441 442 675 503 Asinius
712 452 770 502 et
798 442 1053 503 Statilius
1087 440 1407 518 Corvinus,
1445 441 1724 502 Pollionis
1766 460 1835 503 ac
1865 442 2153 503 Messalae
2190 463 2313 505 ora-

319 535 506 587 torum
547 535 828 605 nepotes,
874 528 1180 604 assumptis
1226 525 1618 604 compluribus
1659 524 1883 585 libertis
1923 528 2103 606 ipsius
2147 536 2314 607 atque

320 614 526 671 servis.
611 610 834 669 Bellum
877 609 1050 670 civile
1094 611 1274 669 movit
1314 608 1519 669 Furius
1564 607 1837 669 Camillus
1882 610 2313 689 Scribonianus,

316 694 637 755 Delmatiae
667 693 925 770 legatus;
956 711 1154 752 verum
1185 694 1332 753 intra
1364 694 1617 771 quintum
1651 693 1798 753 diem
1846 711 2168 773 oppressus
2206 704 2313 771 est,
2339 711 2365 753 ⁶

317 777 682 855 legionibus,
723 795 872 856 quae
913 786 1330 837 sacramentum
1377 786 1763 854 mutaverant,
1808 778 1866 836 in
1911 780 2315 856 paenitentiam

317 862 607 939 religione
640 861 975 938 conversiS,
1003 869 1328 941 postquam,
1370 860 1698 920 denuntiato
1724 860 1796 920 ad
1829 878 2040 921 novum
2068 864 2312 941 impera-

316 954 503 1006 torem
538 947 766 1022 itinere,
802 963 938 1005 casu
970 944 1216 1022 quodam
1248 962 1317 1004 ac
1347 943 1613 1004 divinitus
1643 961 1832 1022 neque
1864 945 2091 1024 aquilae
2122 946 2314 1006 ornari

314 1047 506 1108 neque
538 1030 703 1105 signa
735 1027 986 1088 convelli
1016 1030 1355 1105 moverique
1386 1036 1714 1105 potueruut.

235 1120 303 1177 14
441 1110 786 1171 Consulatus
810 1129 985 1190 super
1007 1111 1306 1190 pristinum
1335 1119 1601 1189 quattuor
1626 1111 1838 1188 ge-ssit;
1869 1130 1944 1171 ex
1968 1110 2175 1189 quibus
2201 1112 2309 1173 duo
2335 1129 2382 1169 ιο

314 1196 534 1275 primos
562 1196 823 1271 iunctim,
880 1196 1177 1272 sequentis
1220 1212 1326 1272 per
1356 1193 1746 1272 intervallum,
1789 1204 1993 1272 quarto
2027 1213 2312 1275 quemque

314 1295 497 1353 anno,
547 1286 922 1337 semenstrem
959 1278 1363 1354 novissimum,
1412 1276 1742 1338 bimenstris
1780 1286 2038 1357 ceteroS,
2084 1282 2311 1339 tertium

310 1371 528 1438 antem,
581 1363 736 1420 novo
784 1362 938 1420 circa
987 1362 1309 1440 principem
1351 1362 1656 1440 exemplo,
1715 1364 1772 1420 in
1811 1362 2001 1421 locum
2032 1361 2310 1423 demortui

311 1446 607 1506 suffectus.
645 1443 742 1503 Ius
774 1452 831 1504 et
855 1444 1057 1505 consul
1090 1453 1148 1503 et
1172 1454 1337 1504 extra
1359 1445 1637 1505 honorem
1663 1444 2117 1505 laboriosissime
2150 1446 2308 1522 dixit,

311 1533 483 1590 etiam
512 1531 629 1588 suis
660 1546 1007 1607 suorumque
1041 1527 1242 1588 diebus
1269 1528 1673 1606 sollemnibus,
1704 1546 2124 1608 nonnumquam
2144 1530 2308 1590 festis
2329 1551 2376 1593 15

311 1631 543 1694 quoque
573 1614 880 1692 antiquitus
905 1621 962 1671 et
983 1612 1298 1690 religiosis.
1324 1611 1453 1671 Nec
1478 1630 1710 1691 semper
1730 1616 2094 1692 praescripta
2117 1614 2310 1690 legum

308 1706 578 1773 secutuS,
638 1696 896 1756 duritiam
938 1696 1308 1756 lenitatemve
1344 1695 1643 1756 multarum
1689 1715 1764 1756 ex
1802 1696 1957 1756 bono
2000 1707 2059 1757 et
2097 1715 2306 1776 aequo,

309 1779 554 1860 perinde
593 1789 654 1838 ut
696 1780 1073 1856 adficeretur,
1119 1779 1451 1840 moderatus
1481 1788 1570 1839 est
1584 1803 1598 1851 ;
1643 1797 1770 1839 nam
1801 1788 1858 1838 et
1886 1781 1987 1858 iis,
2034 1783 2127 1861 qui
2160 1780 2310 1860 apud

192 1910 204 1915 -
307 1865 571 1944 privatos
606 1862 826 1923 iudices
861 1863 991 1942 plus
1033 1863 1286 1942 petendo
1326 1864 1573 1924 formula
1623 1862 2009 1941 excidissent,
2061 1865 2310 1924 restituit

308 1950 601 2024 actiones,
645 1955 703 2007 et
741 1948 798 2006 in
828 1948 1048 2007 maiore
1081 1947 1282 2008 fraude
1332 1949 1662 2025 convictoS,
1705 1946 2012 2025 legitimam
2059 1965 2307 2027 poenam
2325 1968 2373 2010 20

225 2039 289 2094 15
307 2049 729 2110 supergressus
760 2031 832 2090 ad
862 2030 1079 2089 bestias
1113 2032 1531 2091 condemnavit.
1571 2031 1638 2091 In
1670 2032 2083 2110 cognoscendo
2120 2042 2308 2093 autem

305 2135 375 2176 ac
410 2113 781 2191 decernendo
809 2115 951 2172 mira
980 2114 1259 2174 varietate
1284 2116 1450 2176 animi
1482 2115 1616 2192 fuit,
1657 2115 1827 2176 modo
1854 2117 2308 2193 circumspectus

305 2208 363 2258 et
404 2215 623 2273 sagax,
668 2196 947 2256 interdum
988 2197 1346 2258 inconsultus
1397 2217 1466 2259 ac
1511 2217 1833 2278 praeceps,
1885 2215 2309 2277 nonnumquam

302 2280 549 2342 frivolus
585 2282 906 2359 amentique
935 2280 1156 2340 similiS.
1215 2281 1357 2343 Cum
1390 2282 1656 2343 decurias
1684 2301 1875 2342 rerum
1925 2290 2056 2343 actu
2086 2301 2305 2361 expun-

302 2373 504 2443 geret,
544 2382 699 2441 eum,
729 2366 823 2443 qui
864 2363 1213 2426 dissimulata
1241 2367 1546 2427 vacatione
1578 2385 1745 2446 quam
1778 2366 2063 2427 beneficio
2087 2365 2303 2426 libero·
2324 2374 2378 2415 2⁵

301 2466 423 2508 rum
455 2447 708 2508 habebat
732 2448 1147 2529 responderat,
1179 2460 1238 2510 ut
1263 2450 1525 2529 cupidum
1551 2449 1836 2511 iudicandi
1865 2449 2102 2520 dimisit3
2136 2449 2307 2510 alium

298 2530 727 2611 interpellatum
780 2531 852 2593 ab
891 2532 1240 2594 adversariis
1289 2534 1360 2593 de
1403 2535 1638 2614 propria
1680 2534 1812 2612 lite,
1878 2542 2304 2613 negantemque

304 2616 657 2695 cognitionis
687 2634 839 2695 rem,
890 2617 993 2678 sed
1025 2616 1276 2677 ordinari
1318 2619 1456 2677 iuris
1488 2636 1650 2695 esse,
1697 2635 1878 2695 agere
1909 2636 2137 2679 causam
2167 2634 2305 2677 con·

299 2699 492 2761 festim
528 2699 680 2779 apud
710 2718 776 2760 se
822 2702 1046 2778 coegit,
1084 2701 1353 2779 proprio
1391 2701 1632 2780 neyotio
1674 2701 2094 2762 documentum
2122 2700 2302 2761 datu·

298 2802 467 2861 rum,
502 2800 688 2863 quam
723 2800 957 2863 aequus
985 2783 1178 2845 iudex
1206 2785 1271 2845 in
1312 2784 1513 2847 alieno
1549 2785 1794 2865 neyotio
1830 2784 2082 2864 futurus
2119 2790 2297 2845 esset.
2324 2810 2379 2851 30
2453 2794 2458 2805 ’

296 2865 592 2929 Feminam
620 2884 737 2927 non
761 2877 1177 2945 agnoscentem
1207 2870 1383 2929 filium
1416 2888 1607 2946 suum,
1635 2868 1803 2930 dubia
1825 2871 2107 2947 utrimque
2135 2887 2303 2946 argu·

296 2962 617 3013 mentorum
647 2951 795 3029 fide,
829 2951 900 3012 ad
934 2953 1362 3013 confessionem
1390 2953 1664 3033 compulit
1695 2952 1911 3014 indicto
1945 2953 2301 3013 matrimonio

297 3035 540 3094 iuvenis.
622 3034 979 3096 Absentibus
1030 3036 1342 3096 secundum
1393 3045 1732 3116 praesentes
1787 3035 2061 3097 facillime
2110 3035 2301 3113 dabat,

296 3115 457 3175 nullo
492 3116 758 3198 delectu,
807 3119 1053 3199 culpane
1084 3121 1210 3200 quis
1244 3139 1316 3180 an
1360 3121 1548 3201 aliqua
1584 3122 1942 3181 necessitate
1988 3128 2303 3181 cessasset.

296 3195 699 3262 Proclamante
723 3203 994 3282 quodam,
1021 3204 1440 3283 praecidendas
1458 3205 1695 3267 falsario
1715 3222 1945 3282 manuS,
1973 3205 2301 3264 carnificem
2322 3222 2377 3264 3⁸

299 3282 488 3341 statim
541 3285 719 3343 acciri
776 3305 903 3347 cum
946 3287 1250 3349 machaera
1311 3306 1625 3369 mensaque
1689 3288 1941 3349 lanionia
2003 3287 2301 3365 flagitavit.

306 3361 742 3441 Peregrinitatis
782 3388 972 3449 reum,
1034 3380 1158 3432 orta
1197 3373 1345 3433 inter
1387 3374 1707 3434 advocatos
1748 3372 1866 3432 levi
1912 3373 2302 3449 contentione,

295 3453 629 3524 totagumne
654 3467 725 3511 an
748 3451 1058 3530 palleatum
1085 3454 1284 3516 dicere
1310 3475 1539 3518 causam
1566 3464 1892 3537 oporteret,
1918 3456 2081 3535 quasi
2106 3456 2305 3534 aequi·
