2553 3960
854 274 1063 323 vaS
1098 275 1594 326 VESPASIANUS.
2114 265 2236 328 225

229 432 366 491 tium
414 429 680 490 euntibus
726 432 785 490 in
832 440 1029 492 monte
1076 449 1298 492 summo
1343 433 1677 512 appellatur
1718 434 2080 511 Vespasiae,
2143 433 2237 494 ubi

230 516 655 595 Vespasiorum
691 515 993 594 complura
1026 525 1393 578 monumenta
1419 525 1636 596 extant,
1663 535 1934 595 magnum
1968 517 2236 578 indicium

229 598 567 680 splendoris
593 599 844 660 familiae
895 609 957 660 et
997 602 1323 662 vetustatis.
1403 601 1538 662 Non
1582 603 1921 680 negaverim
1958 602 2237 664 iactatum

229 702 262 745 a
296 682 653 762 quibusdam,
691 684 959 744 Petronis
990 693 1219 764 pat-rem
1247 703 1282 746 e
1316 686 1563 763 regione
1595 687 2008 766 Transpadana
2053 687 2237 747 fuisse

176 788 202 827 s
229 769 555 847 mancipem
586 785 930 847 operarum,
982 787 1136 848 quae
1164 788 1240 831 ex
1271 769 1510 832 Umbria
1550 772 1607 830 in
1632 769 1890 831 ‘Sabinos
1937 771 2010 833 ad
2055 771 2234 832 cultu-

227 870 351 913 ram
382 871 659 930 agrorum
694 855 1029 931 quotannis
1077 871 1406 915 commeare
1449 854 1711 924 soleant:
1755 853 2094 916 subsedisse
2139 874 2235 916 au-

227 945 344 997 tem
374 939 434 996 in
467 935 692 1015 oppido
728 937 1001 1016 Reatino,
1042 938 1468 999 uxoreibidem
1499 938 1690 1000 ducta.
1755 938 1895 1019 Ipse
1943 959 2017 1000 ne
2062 941 2235 1000 vesti-

224 1023 384 1099 gium
418 1020 647 1100 quidem
682 1020 754 1081 de
787 1021 933 1101 hoc,
976 1024 1237 1101 quamvis
1275 1024 1417 1085 satis
1448 1024 1680 1084 curiose
1722 1023 2104 1105 inquirerem,
2154 1027 2234 1084 in-

224 1124 381 1166 vem.
463 1120 470 1125 ·

157 1212 205 1253 ιο
351 1191 758 1270 Vespasianus
789 1200 958 1252 natus
987 1199 1079 1251 est
1095 1192 1161 1251 in
1186 1191 1415 1252 Sabinis
1439 1191 1587 1252 ultra
1610 1192 1798 1271 Reate
1821 1193 1956 1252 vico
1979 1192 2234 1269 modico,
2259 1204 2290 1252 2

226 1275 318 1336 cui
347 1292 561 1336 nomen
586 1284 677 1337 est
699 1275 1064 1352 Phalacrine,
1093 1274 1227 1337 XV.
1252 1275 1345 1337 Kl.
1370 1275 1560 1337 Decb.
1584 1279 1848 1356 vesperi,
1873 1277 1944 1352 Q.
1970 1276 2233 1356 Sulpicio

230 1357 567 1436 Camerino,
601 1358 673 1419 G.
702 1359 990 1439 Poppaeo
1025 1359 1244 1420 Sabino
1279 1379 1443 1422 cons.
1478 1361 1870 1439 quinquennio
1899 1369 2033 1421 ante
2066 1378 2235 1439 quam

226 1443 530 1521 Augustus
561 1443 914 1513 excederem
963 1444 1241 1504 educatus
1284 1443 1390 1504 sub
1428 1453 1670 1523 paterna
1712 1445 1844 1506 avia
1879 1443 2137 1505 Tertulla
2180 1446 2236 1504 in

230 1528 487 1605 praediis
524 1525 792 1589 Cosanis.
857 1528 1056 1603 Quare
1090 1529 1372 1608 princeps
1405 1545 1640 1608 quoque
1674 1537 1734 1589 et
1775 1528 1969 1588 locum
2003 1528 2233 1588 incuna-

153 1611 495 1671 1⁵bulorum
540 1611 772 1672 assidue
815 1612 1242 1690 frequentavit,
1300 1621 1569 1671 manente
1607 1611 1748 1672 villa
1806 1611 1992 1690 qualis
2047 1612 2237 1673 fuerat

229 1696 402 1772 olim,
446 1714 520 1755 ne
554 1694 690 1773 quid
737 1694 967 1754 scilicet
1014 1694 1316 1755 oculorum
1360 1695 1763 1755 consuetudini
1810 1695 2135 1774 deperiret;
2179 1704 2236 1756 et

127 1807 130 1813 ·
228 1782 393 1840 aviae
425 1779 764 1840 memoriam
795 1787 958 1839 tanto
995 1795 1181 1856 opere
1214 1779 1448 1857 dilexit,
1485 1787 1546 1839 ut
1576 1778 1956 1841 sollemnibus
1980 1799 2051 1841 ac
2067 1781 2234 1841 festis

226 1863 433 1924 diebus
464 1863 688 1942 pocillo
723 1880 960 1942 quoque
994 1864 1129 1922 eius·
1164 1871 1451 1941 argenteo
1495 1871 1704 1943 potare
1739 1866 2233 1943 perseveraverit.

344 1948 583 2027 Sumpta
602 1947 756 2008 virili
778 1956 941 2026 toga,
966 1946 1142 2009 latum
1168 1948 1415 2026 clavum,
1445 1966 1785 2029 quamquam
1800 1949 1980 2010 fratre
1999 1949 2232 2030 adepto,

146 2052 205 2093 20
226 2032 319 2094 diu
350 2042 657 2094 aversatus
691 2041 799 2111 est,
833 2050 947 2093 nec
990 2041 1050 2092 ut
1091 2032 1320 2092 tandem
1363 2042 1678 2112 appeteret
1737 2033 2016 2113 compelli
2058 2034 2165 2094 nisi
2202 2052 2234 2095 a

222 2127 405 2178 matre
447 2120 650 2197 potnit.
706 2116 794 2177 Ea
827 2116 1051 2178 demum
1091 2116 1315 2178 extudit
1369 2120 1556 2195 magis
1595 2119 1867 2180 convicio
1899 2136 2068 2197 quam
2101 2136 2232 2197 pre·

223 2202 386 2263 cibus
417 2202 515 2261 vel
546 2204 927 2279 auctoritate,
969 2201 1099 2261 dum
1145 2220 1274 2262 eum
1319 2201 1634 2264 identidem
1680 2222 1789 2283 per
1831 2202 2229 2263 contumeliam

224 2286 728 2348 anteambulonem
759 2287 956 2347 fratris
988 2285 1273 2366 appellat.

359 2370 732 2431 Tribunatum
763 2371 1002 2431 militum
1034 2371 1091 2430 in
1125 2370 1373 2431 Thracia
1406 2374 1644 2442 meruit;
1691 2380 1968 2449 quaestor
2004 2369 2234 2432 Cretam

149 2471 206 2513 2⁶
226 2463 283 2516 et
313 2452 577 2530 Cyrenas
616 2455 976 2533 provinciam
1010 2463 1170 2515 sorte
1205 2457 1362 2536 cepit
1381 2478 1396 2527 ;
1445 2455 1756 2517 aedilitatis
1795 2473 1867 2516 ac
1896 2472 2034 2516 mox
2064 2474 2230 2535 prae-

222 2548 386 2600 turae
427 2538 788 2615 candidatus,
820 2538 978 2598 illam
1011 2556 1127 2599 non
1175 2541 1298 2599 sine
1341 2541 1579 2619 repulsa
1626 2548 1914 2619 sextoque
1958 2543 2056 2600 vix
2098 2539 2230 2599 ade-

222 2633 355 2703 ptus
389 2632 480 2683 est
512 2621 671 2699 loco,
701 2621 856 2684 hanc
891 2623 1074 2701 prima
1108 2624 1300 2684 statim
1323 2625 1609 2705 petitione
1634 2625 1774 2683 etin
1798 2625 2029 2703 primis3
2064 2642 2230 2703 prae-

220 2716 315 2768 tor
343 2707 631 2767 infensum
665 2708 888 2767 senatui
927 2706 1130 2768 Gaium
1159 2726 1232 2767 ne
1265 2726 1386 2787 quo
1423 2726 1540 2769 non
1564 2725 1788 2785 genere
1812 2707 2228 2785 demereretur,

221 2791 390 2852 ludos
423 2791 921 2852 extraordinarios
965 2809 1074 2871 pro
1115 2793 1363 2853 victoria
1412 2794 1536 2853 eius
1583 2791 1925 2853 Germanica
1967 2792 2228 2872 depopo-

144 2891 201 2934 so
222 2878 351 2953 scit,
384 2893 732 2955 poenaeque
773 2876 1204 2936 coniuratorum
1238 2876 1561 2937 addendum
1593 2878 1819 2937 censuit
1854 2885 1915 2936 ut
1957 2877 2230 2956 insepulti

218 2961 649 3040 proicerentur.
708 2958 850 3037 Egit
881 2969 939 3020 et
974 2963 1197 3038 gratias
1233 2963 1288 3021 ei
1320 2961 1473 3041 apud
1507 2960 1920 3041 amplissimum
1947 2960 2228 3037 ordinem,

218 3045 375 3125 quod
408 3061 473 3104 se
508 3043 737 3104 honore
770 3062 992 3105 caenae
1025 3045 1298 3124 dignatus
1333 3056 1514 3107 esset.

339 3129 501 3189 Inter
532 3127 683 3189 haec
712 3129 974 3190 Flavium
1009 3129 1365 3191 Domitillam
1397 3132 1560 3191 duxit
1592 3146 1858 3208 uxorem,
1897 3128 2082 3190 Statili
2120 3127 2226 3190 Ca·
2255 3138 2289 3191 3

216 3212 412 3293 pellae
439 3213 658 3291 ¹equitis
693 3214 767 3275 R.
803 3213 1177 3275 Sabratensis
1210 3233 1287 3276 ex
1317 3215 1522 3276 Africa
1555 3214 1858 3276 delicatam
1907 3214 2043 3275 olim
2082 3213 2226 3274 Lati-

146 3313 204 3356 st>
216 3314 443 3376 uaeque
473 3298 861 3376 condicionis,
898 3299 1001 3359 sed
1033 3317 1176 3360 mox
1209 3300 1524 3379 ingenuam
1556 3308 1615 3360 et
1648 3299 1833 3359 civem
1863 3299 2033 3360 Rom.
2079 3297 2226 3357 reci-

215 3383 515 3460 peratorio
546 3383 763 3445 iudicio
797 3386 1242 3463 pronuntiatam,
1279 3394 1445 3464 patre
1480 3393 1783 3446 asserente
1817 3382 2022 3445 Flavio
2059 3380 2227 3442 Libe-

213 3463 340 3524 rale
374 3464 610 3527 Ferenti
641 3469 842 3546 genito
876 3487 989 3529 nec
1024 3471 1337 3549 quicquam
1385 3468 1633 3549 amplius
1679 3486 1848 3547 quam
1897 3464 2228 3546 quaestorio

212 3547 431 3608 scriba.
522 3549 614 3610 Ex
646 3551 759 3613 hac
786 3551 1008 3614 liberos
1041 3553 1172 3614 tulit
1202 3554 1392 3615 Titum
1427 3564 1484 3614 et
1516 3553 1905 3615 Domitianum
1950 3560 2007 3611 et
2035 3549 2227 3610 Domi·

312 3651 619 3695 sumomos.
1738 3639 1812 3697 15
