2553 3960
341 234 380 297 8
519 246 581 294 c.
612 243 912 293 suarem
941 243 1196 303 TRANQ.
1227 244 1324 291 DE
1353 243 1518 291 vrrA
1551 242 1919 291 CAESARUM
1950 243 2089 291 Lm.
2124 244 2171 291 1.

342 400 540 461 officio
566 398 904 480 frequentes
934 398 1376 495 obstinatosque
1400 397 1470 457 ad
1494 396 1875 457 resistendum
1899 400 2347 460 concucurrisse

256 498 324 551 16
351 483 662 559 cernebat,
714 482 863 542 hanc
911 482 1138 561 quidem
1180 483 1466 541 actionem
1507 480 1794 559 deposuit.
1884 478 2160 541 Ceterum
2203 481 2332 542 Cae

344 566 477 628 cilio
508 566 750 628 Metello
781 566 1009 626 tribuno
1053 564 1244 644 plebis
1288 564 1808 634 turbulentissimas
1850 563 2021 641 leges
2062 564 2348 625 adversus

342 651 699 728 collegarum
729 651 1207 709 intercessionem
1237 648 1450 708 ferenti
1494 656 1789 707 auctorem
1821 656 2344 726 propugnatore-m-

341 753 453 833 quoe
485 753 550 794 se
582 733 1040 813 pertinacissime
1073 732 1392 810 praestitit,
1430 732 1642 791 donec
1647 730 1816 790 ambo
1851 730 2346 793 administratione
2365 745 2396 786 ε

339 820 424 878 rei
453 817 723 897 publicae
753 816 993 876 decreto
1025 824 1249 894 patrum
1276 816 1775 875 submoverentur.
1830 813 1922 874 Ac
1951 814 2135 875 nihilo
2157 818 2345 875 minus

339 919 683 982 permanere
705 901 761 959 in
790 901 1124 977 magistratu
1158 908 1216 958 et
1246 898 1336 957 ius
1367 898 1562 959 dicere
1597 916 1800 974 ausus,
1830 906 1891 957 ut
1926 901 2214 977 comperit
2246 916 2344 978 pa-

336 994 529 1062 ratos,
584 985 681 1062 qui
725 985 782 1042 vi
831 1002 901 1044 ac
945 1000 1053 1062 per
1094 1000 1250 1043 arma
1298 981 1701 1060 prohiberent,
1745 980 1993 1041 dimissis
2034 982 2344 1042 lictoribus

339 1069 685 1145 abiectaque
728 1075 1030 1145 praetexta
1084 1066 1311 1126 domum
1354 1067 1499 1125 clam
1541 1065 1790 1143 refugit,
1841 1082 1949 1143 pro
2008 1065 2346 1125 conditione

338 1162 662 1231 temporum
687 1152 1003 1228 quieturus.
1055 1147 1473 1210 Multitudinem
1496 1166 1730 1227 quoque
1759 1148 1932 1208 biduo
1964 1157 2099 1227 post
2129 1158 2346 1227 sponte
2367 1166 2427 1209 ιο

338 1245 398 1296 et
437 1235 591 1294 ultro
635 1233 1018 1292 confluentem
1065 1250 1420 1312 operamque
1464 1232 1574 1292 sibi
1613 1234 1669 1291 in
1707 1230 2029 1292 adserenda
2064 1232 2350 1320 dignitate

337 1318 741 1379 tumultuosius
798 1316 1174 1395 pollicentem
1240 1317 1603 1396 conpescuit.
1688 1315 1859 1391 Quod
1924 1334 2051 1376 cum
2108 1315 2351 1395 praeter

339 1403 672 1482 opinionem
708 1400 1038 1476 evenisset,
1086 1407 1353 1476 senatus,
1400 1400 1476 1460 ob
1510 1397 1754 1459 eundem
1799 1407 2026 1461 coetum
2070 1399 2348 1459 festinato

340 1494 611 1585 coa-ctus,
655 1485 877 1561 gratias
927 1485 982 1544 ei
1024 1501 1132 1563 per
1170 1484 1455 1561 primores
1494 1484 1655 1544 viros
1695 1485 1848 1562 egit,
1893 1483 2257 1561 accitumque
2291 1484 2350 1541 in

236 1576 240 1580 “
340 1571 552 1629 curiam
595 1577 654 1628 et
682 1568 1053 1647 amplissimis
1094 1567 1294 1627 verbis
1338 1566 1784 1628 conlaudatum
1768 1587 1824 1627 ιιι
1854 1569 2142 1646 integrum
2177 1568 2429 1632 resti-1⁸

335 1656 469 1730 tuit,
499 1652 732 1713 inducto
768 1654 966 1731 priore
997 1651 1256 1712 decreto.

259 1746 319 1801 17
461 1736 692 1798 Recidit
728 1755 928 1795 rursus
973 1736 1031 1794 in
1065 1734 1375 1795 discrimen
1415 1696 1598 1812 aliud,
1644 1736 1795 1794 inter
1834 1737 2033 1796 socios
2064 1734 2352 1798 Catilinae
2437 1735 2440 1740 '

336 1821 660 1881 nominatus
693 1828 752 1879 et
798 1818 950 1898 apud
978 1817 1224 1878 Novium
1252 1816 1495 1894 Nigrum
1527 1827 1896 1896 quaestorem
1933 1836 1966 1879 a
1993 1819 2171 1880 Lucio
2205 1821 2349 1880 Vet-

336 1906 420 1965 tio
451 1903 640 1963 indice
673 1911 731 1961 et
759 1904 816 1961 in
854 1910 1058 1963 senatu
1089 1920 1123 1963 a
1154 1902 1367 1977 Quinto
1395 1899 1604 1978 Curio,
1630 1903 1746 1979 cui,
1781 1902 1936 1982 quod
1961 1904 2178 1982 primus
2208 1919 2350 1963 con·

338 1990 462 2050 silia
491 1988 920 2048 coniuratorum
941 1987 1266 2062 detexerat,
1290 1986 1599 2046 constituta
1622 1995 1785 2046 erant
1809 1987 2042 2066 publice
2067 1989 2346 2066 praemia.
2367 2001 2428 2045 rc

340 2073 549 2134 Curius
577 2089 611 2131 e
644 2069 892 2130 Catilina
925 2088 990 2130 se
1021 2071 1379 2148 cognovisse
1409 2069 1671 2146 dicebat,
1703 2071 1933 2131 Vettius
1956 2071 2128 2131 etiam
2152 2071 2346 2130 cniro·

338 2154 623 2235 graphum
659 2154 820 2230 eius,
869 2153 1152 2215 Catilinae
1198 2154 1417 2229 datum,
1450 2153 1854 2239 pollicebatur.
1922 2154 1986 2214 Id
2021 2172 2164 2214 vero
2200 2153 2348 2215 Gae-

340 2258 436 2300 sar
466 2238 625 2298 nullo
657 2236 831 2298 modo
876 2236 1237 2298 tolerandum
1268 2237 1630 2313 existimans,
1682 2256 1808 2297 cum
1852 2238 2146 2317 inplorato
2180 2233 2371 2298 Cice·

338 2323 498 2384 ronis
541 2323 872 2382 testimonio
916 2320 1195 2401 quaedam
1244 2339 1311 2380 se
1354 2320 1427 2380 de
1474 2322 1871 2382 coniuratione
1915 2322 2067 2382 ultro
2110 2321 2183 2382 ad
2205 2339 2351 2382 etun

339 2405 618 2468 detulisse
650 2405 987 2481 docuisset,
1020 2423 1093 2464 ne
1131 2404 1307 2466 Curio
1342 2404 1597 2482 praemia
1631 2405 1900 2465 darentur
1944 2405 2171 2475 effecit3
2203 2405 2340 2466 Vct·
2366 2420 2429 2464 ,τε

337 2493 474 2551 tium
505 2489 849 2568 pignoribus
881 2490 1093 2568 captis,
1127 2498 1184 2548 et
1214 2487 1437 2566 direpta
1461 2488 1828 2567 supellectile
1860 2488 2011 2550 male
2040 2488 2350 2550 mulcatum

338 2593 411 2636 ac
442 2592 548 2653 pro
578 2575 784 2634 rostris
823 2574 879 2632 in
922 2575 1193 2633 contione
1226 2588 1414 2650 paene
1449 2571 1835 2651 discerptum,
1880 2573 2092 2633 coiecit
2127 2574 2185 2633 in
2225 2590 2348 2632 car·

340 2676 564 2728 cerem;
613 2657 821 2719 eodem
858 2655 1108 2716 Novium
1153 2662 1553 2734 quaestorem,
1602 2656 1756 2734 quod
1802 2656 2144 2775 compellari
2194 2655 2350 2734 apud

337 2761 403 2804 se
435 2744 711 2802 maiorem
742 2749 1093 2820 potestatem
1125 2757 1333 2818 passus
1366 2748 1543 2799 esset.

255 2842 321 2897 13
462 2825 556 2885 Ex
613 2833 883 2903 praetura
934 2823 1266 2884 ulteriorem
1319 2823 1553 2883 sortitus
1600 2823 1971 2902 Hispaniam,
2029 2824 2425 2884 retinentesao

339 2909 667 2971 creditores
701 2910 1029 2968 interventu
1052 2924 1401 2986 sponsorum
1429 2909 1693 2984 removit,
1728 2924 1800 2967 ac
1824 2925 2017 2986 neque
2048 2925 2215 2968 more
2248 2926 2348 2967 ne-

337 3012 450 3073 que
483 2994 637 3070 iure,
684 3001 818 3052 aute
864 3008 1033 3069 quam
1069 2991 1406 3069 provinciae
1448 2999 1823 3068 ornarentur,
1874 2991 2175 3070 profectus
2220 2998 2348 3051 est·

336 3079 653 3152 incertum,
700 3084 932 3135 metune
978 3073 1199 3151 iudicii,
1248 3074 1406 3153 quod
1450 3076 1676 3153 privato
1729 3074 2069 3152 parabatur,
2115 3093 2187 3135 an
2229 3092 2351 3153 quo

335 3161 610 3220 maturius
653 3154 832 3219 sociis
867 3157 1291 3236 inplorantibus
1332 3157 1699 3228 subveniret:
1750 3167 2071 3237 pacataque
2110 3159 2348 3236 provin-

338 3244 461 3319 cia,
512 3243 638 3320 pari
682 3241 1089 3318 festinatione,
1132 3259 1247 3302 non
1280 3250 1591 3320 expectato
1624 3259 2006 3318 successore,
2047 3241 2118 3302 ad
2155 3242 2421 3301 trium-ss

337 3327 511 3407 phum
543 3325 708 3385 simul
745 3324 1220 3403 consulatumque
1264 3325 1535 3386 decessit.
1624 3324 1741 3386 Sed
1781 3344 1943 3402 cum,
1989 3325 2194 3386 edictis
2236 3326 2351 3385 iam

337 3410 595 3485 comitis,
643 3409 792 3468 ratio
828 3409 952 3468 eius
994 3407 1198 3469 haberi
1232 3426 1348 3468 non
1383 3418 1589 3488 posset
1617 3409 1729 3469 nisi
1764 3410 2022 3488 privatus
2049 3409 2353 3469 introisset

332 3494 535 3553 urbem
559 3537 577 3569 ,
631 3499 690 3551 et
733 3490 1000 3553 ambienti
1041 3501 1102 3552 ut
1140 3491 1371 3570 legibus
1414 3493 1743 3553 solveretur
1783 3493 1946 3554 multi
1986 3490 2349 3554 contradice-
