2553 3960
303 239 386 299 70
475 249 536 298 c,
569 250 869 300 samem
903 251 1157 310 TRANQ.
1194 251 1290 297 DE
1320 249 1484 297 vrrs
1517 249 1887 298 cfflssnun
1916 250 2056 299 mn.
2090 251 2163 297 11.

644 409 940 481 Postquam
970 409 1052 465 bis
1079 411 1256 465 classe
1285 412 1457 467 victus
1483 424 1651 465 naves
1665 408 1939 481 perdidit,

645 494 952 565 Aliquando
985 499 1045 549 ut
1068 495 1250 549 vincat
1264 537 1278 562 ,
1311 495 1445 549 ludit
1469 494 1687 548 assidue
1720 494 1917 548 aleam.

220 581 280 637 '11
301 571 394 633 Ex
436 571 643 651 quibus
692 573 820 633 sive
866 571 1196 632 criminibus
1228 573 1355 632 sive
1389 572 1712 633 maledictis
1742 571 2027 633 infamiam
2063 570 2306 651 impudi-

304 656 473 717 citiae
515 655 788 718 facillime
829 656 1100 716 refutavit
1142 664 1201 715 et
1242 657 1569 736 praesentis
1610 663 1669 715 et
1709 664 1985 735 posterae
2023 656 2175 716 vitae
2210 673 2303 716 ca·

298 741 522 810 stitate3
569 741 706 800 item
748 740 1087 800 lautitiarum
1127 739 1424 817 invidiam,
1475 757 1600 799 cum
1639 748 1699 799 et
1736 739 2092 799 Alexandria
2133 747 2306 817 capta
2339 759 2369 797 s

300 824 439 885 nihil
479 823 591 884 sibi
622 833 858 904 praeter
886 841 1056 884 unum
1085 827 1392 883 murrinum
1425 823 1664 884 calicem
1694 842 1770 882 ex
1796 825 2172 883 instrumento
2204 840 2300 881 re·

300 910 401 986 gio
430 909 747 984 retinuerit,
779 916 840 967 et
866 925 1003 968 mox
1030 925 1170 969 vasa
1200 926 1376 969 aurea
1406 907 1776 968 assiduissimi
1800 925 1937 967 usus
1965 906 2307 967 conflaverit

301 994 508 1053 omnia.
577 991 749 1053 Circa
786 991 1054 1052 libidines
1089 991 1304 1061 haesit;
1349 1001 1558 1071 postea
1588 1009 1851 1071 quoque,
1884 999 1944 1051 ut
1970 992 2194 1066 ferunt,
2232 987 2306 1048 ad

302 1076 582 1136 vitiandas
636 1076 895 1153 virgines
949 1077 1304 1153 promptior,
1359 1093 1509 1154 quae
1560 1074 1669 1135 sibi
1718 1074 1966 1154 undique
2018 1076 2187 1134 etiam
2231 1072 2304 1133 ab

300 1175 485 1218 uxore
538 1161 1034 1238 conquirerentur.
1095 1159 1283 1219 Aleae
1322 1176 1611 1218 rumorem
1653 1159 1812 1219 nullo
1842 1157 2014 1218 modo
2045 1159 2369 1236 expavit,1s

301 1243 549 1322 lusitque
581 1242 922 1321 simpliciter
948 1252 1006 1302 et
1039 1242 1227 1322 palam
1252 1242 1662 1303 oblectamenti
1695 1261 1868 1303 causa
1898 1242 2067 1302 etiam
2100 1258 2304 1316 senex,

299 1345 388 1404 ac,
422 1335 825 1405 praeterquam
851 1325 1165 1387 Decembri
1190 1344 1426 1403 mense,
1472 1326 1600 1387 aliis
1630 1343 1860 1406 quoque
1883 1327 2051 1386 festis
2082 1335 2141 1385 et
2168 1341 2296 1403 pro·

299 1411 468 1470 festis
511 1410 732 1470 diebus.
790 1409 921 1470 Nec
957 1411 1015 1471 id
1055 1409 1286 1470 dubium
1333 1420 1442 1470 est.
1502 1410 1883 1489 Autographa
1912 1409 2152 1489 quadam
2181 1408 2304 1487 epi·

298 1494 448 1555 stula
492 1493 802 1569 Caenavi,
856 1497 967 1570 ait,
1024 1495 1110 1554 mi
1155 1492 1381 1571 Tiberi,
1433 1512 1567 1555 cum
1609 1494 1801 1556 isdem
1818 1518 1850 1565 ‚·
1910 1497 2310 1555 accesserunt

302 1577 603 1640 convivae
639 1576 911 1639 Vinicius
950 1587 1010 1640 et
1036 1577 1231 1639 Silius
1259 1586 1469 1657 pater.
1535 1576 1709 1639 Inter
1748 1595 2005 1639 caenam
2047 1576 2308 1638 lusimus
2329 1591 2383 1633 ιε

296 1664 648 1743 qeronticos
678 1662 897 1723 etheri
924 1671 983 1722 et
1013 1662 1238 1734 hodie,·
1286 1662 1432 1723 talis
1464 1664 1622 1723 enim
1648 1663 1922 1736 iactatis,
1953 1669 2023 1722 ut
2051 1661 2308 1741 quisque

301 1764 516 1808 canem
555 1755 667 1807 aut
708 1748 1017 1808 senionem
1056 1748 1349 1821 miserat,
1394 1747 1460 1806 in
1498 1747 1779 1826 sinqulos
1821 1746 1985 1807 talos
2024 1744 2306 1824 sinqulos

300 1832 598 1893 denarios
636 1831 702 1891 in
742 1831 1004 1891 medium
1048 1829 1415 1908 conferebat
1429 1875 1446 1906 ,
1489 1848 1644 1909 quos
1676 1829 1928 1891 tollebat
1954 1829 2301 1903 universos,

299 1916 404 1995 qui
440 1912 727 1975 Venerem
763 1915 1016 1976 iecerat.
1075 1914 1151 1974 Et
1196 1933 1395 1973 rursus
1431 1913 1559 1973 aliis
1590 1913 1829 1974 litteris:
1873 1912 2040 1990 Nos,
2084 1912 2169 1972 mi
2203 1910 2300 1971 Ti-

298 1998 437 2060 beri
449 2043 467 2076 ,
517 1997 942 2077 Quinquatrus
994 2000 1155 2059 satis
1210 1999 1477 2059 iucunde
1519 1999 1751 2079 eyinms
1766 2023 1793 2069 ‚·
1846 1998 2103 2059 lusimus
2146 1997 2304 2056 enim
2322 2013 2380 2055 ao

292 2103 411 2163 per
450 2084 647 2144 omnis
689 2083 823 2143 dies
857 2083 1187 2164 forumque
1230 2082 1605 2144 aleatorium
1635 2083 2013 2162 calfecimus.
2079 2079 2306 2142 Frater

300 2175 439 2227 tuus
476 2167 719 2246 maqnis
760 2166 1139 2229 claanoribus
1176 2185 1308 2226 rem
1342 2169 1536 2247 gessit
1545 2191 1575 2238 ,·
1629 2167 1716 2228 ad
1756 2185 2053 2228 summam
2104 2171 2306 2226 tamen

293 2250 574 2330 perdidit
609 2269 734 2310 non
773 2251 1053 2327 multum,
1101 2251 1215 2310 sed
1257 2269 1338 2310 ex
1371 2252 1615 2330 maqnis
1647 2251 2025 2312 detrimentis
2047 2256 2306 2329 praeter

297 2352 468 2413 spem
512 2334 822 2413 paulatim
869 2342 1183 2396 retractus
1226 2343 1337 2397 est.
1415 2333 1552 2414 Eyo
1591 2336 1843 2413 perdidi
1879 2333 2097 2414 eiqinti
2132 2331 2307 2393 milia

297 2437 602 2480 nummum
648 2437 782 2481 meo
831 2420 1106 2494 nomine,
1162 2420 1279 2479 sed
1326 2437 1461 2480 cum
1510 2418 1700 2517 effuse
1736 2421 1800 2480 in
1841 2419 1980 2479 lusu
2021 2415 2304 2478 liberalis
2321 2432 2377 2474 25

294 2502 584 2581 fuissem,
631 2510 703 2565 ut
740 2504 911 2565 soleo
936 2498 1314 2582 pierumque
1375 2501 1539 2563 Nam
1566 2504 1628 2563 si
1656 2522 1816 2584 quas
1843 2519 2066 2563 manus
2093 2501 2307 2561 remisi

299 2588 516 2686 cuique
562 2590 901 2669 exegissem
914 2633 932 2664 ,
987 2596 1100 2650 aut
1144 2588 1531 2648 retinuissem
1582 2589 1750 2666 quod
1790 2587 2006 2667 cuique
2046 2584 2300 2660 donavi,

294 2672 580 2734 vicissem
616 2670 727 2735 vel
742 2673 1187 2752 quinquaqinta
1215 2671 1407 2732 milia.
1467 2670 1599 2731 Sed
1624 2671 1742 2734 hoc
1769 2671 1983 2741 malo,·
2029 2668 2301 2748 benigni-

298 2763 398 2817 tas
438 2757 596 2818 enim
624 2774 764 2817 mea
794 2775 892 2817 me
921 2757 1008 2817 ad
1038 2756 1362 2817 caelestem
1388 2754 1657 2835 gloriam
1687 2753 1912 2836 efferet.
1985 2752 2203 2813 Scribit
2235 2752 2306 2812 ad

299 2840 503 2903 filiam:
535 2841 685 2902 Misi
709 2840 820 2902 tibi
851 2841 1147 2901 denarios
1174 2840 1469 2900 ducentos
1499 2839 1965 2919 quinquaqinta,
1999 2855 2155 2917 quos
2179 2831 2302 2897 sin-
2322 2853 2378 2894 so

294 2925 460 3004 yulis
497 2925 774 2987 convivis
816 2924 1144 2999 dederam,
1186 2924 1245 2983 si
1282 2923 1507 2985 vellent
1542 2924 1701 2983 inter
1742 2941 1811 2983 se
1850 2921 2011 2982 inter
2045 2937 2305 2981 caenam

296 3011 396 3070 vel
424 3011 571 3071 talis
597 3011 697 3072 vet
714 3027 845 3089 par
871 3011 1077 3088 impar
1107 3008 1340 3069 tudere.

212 3099 282 3154 72
423 3092 489 3152 In
531 3095 743 3154 ceteris
790 3093 1049 3174 partibus
1085 3093 1241 3152 vitae
1275 3092 1826 3152 continentissimum
1859 3091 2043 3151 fuisse
2081 3098 2305 3151 constat

299 3192 370 3233 ac
412 3177 538 3235 sine
569 3179 904 3257 suspicione
933 3177 1106 3238 ullius
1134 3177 1276 3236 vitii.
1364 3175 1655 3237 Habitavit
1690 3179 1876 3256 primo
1910 3177 2068 3236 iuxta
2096 3175 2303 3235 Roma-

297 3275 429 3317 num
458 3259 666 3334 forum,
700 3280 873 3341 supra
903 3260 1107 3322 Scalas
1132 3260 1461 3337 anularius,
1496 3262 1554 3320 in
1589 3260 1760 3320 domo
1793 3277 1942 3340 quae
1978 3257 2144 3320 Calvi
2175 3274 2300 3318 ora·
2323 3272 2377 3316 ss

297 3342 441 3400 toris
470 3342 690 3411 fuerat3
735 3354 943 3421 postea
971 3348 1030 3405 in
1058 3344 1311 3421 Palatio,
1358 3343 1465 3404 sed
1493 3344 1672 3405 nihilo
1703 3346 1887 3405 minus
1918 3341 2157 3403 aedibus
2184 3358 2302 3401 mo·

298 3423 444 3483 dicis
470 3423 900 3503 Hortensianis,
947 3438 1008 3489 et
1040 3447 1243 3509 neque
1262 3428 1501 3489 laxitate
1534 3447 1724 3509 neque
1758 3427 1914 3489 cultu
1947 3426 2303 3506 conspicuis,

297 3513 358 3564 ut
398 3507 454 3563 in
494 3505 698 3583 quibus
746 3512 1006 3585 porticus
1035 3511 1255 3574 breves
1282 3522 1480 3574 essent
1508 3514 1863 3574 Albanarum
1895 3510 2304 3587 columnarum,
