<?xml version="1.0" encoding="UTF-8"?>
<!DOCTYPE html PUBLIC "-//W3C//DTD XHTML 1.0 Transitional//EN"
    "http://www.w3.org/TR/xhtml1/DTD/xhtml1-transitional.dtd">
<html xmlns="http://www.w3.org/1999/xhtml" xml:lang="en" lang="en">
 <head>
  <title>
</title>
<meta http-equiv="Content-Type" content="text/html;charset=utf-8" />
  <meta name='ocr-system' content='tesseract 3.04.00' />
  <meta name='ocr-capabilities' content='ocr_page ocr_carea ocr_par ocr_line ocrx_word'/>
</head>
<body>
  <div class='ocr_page' id='page_1' title='image "./csuetonitranqui06rothgoog_0248.png"; bbox 0 0 2553 3960; ppageno 0'>
   <div class='ocr_carea' id='block_1_1' title="bbox 261 256 2183 326">
    <p class='ocr_par' dir='ltr' id='par_1_1' title="bbox 261 256 2183 326">
     <span class='ocr_line' id='line_1_1' title="bbox 261 256 2183 326; baseline -0.003 -9"><span class='ocrx_word' id='word_1_1' title='bbox 261 256 382 319; x_wconf 86' lang='lat'>136</span> <span class='ocrx_word' id='word_1_2' title='bbox 439 265 500 316; x_wconf 78' lang='lat' dir='ltr'>e.</span> <span class='ocrx_word' id='word_1_3' title='bbox 533 265 834 315; x_wconf 70' lang='lat' dir='ltr'>smt‘rom</span> <span class='ocrx_word' id='word_1_4' title='bbox 869 265 1124 326; x_wconf 65' lang='lat' dir='ltr'>mmo.</span> <span class='ocrx_word' id='word_1_5' title='bbox 1155 265 1252 311; x_wconf 77' lang='lat' dir='ltr'>m:</span> <span class='ocrx_word' id='word_1_6' title='bbox 1285 265 1454 313; x_wconf 61' lang='lat' dir='ltr'>vrrs</span> <span class='ocrx_word' id='word_1_7' title='bbox 1490 263 1857 314; x_wconf 77' lang='lat' dir='ltr'>CAESARUM</span> <span class='ocrx_word' id='word_1_8' title='bbox 1886 265 2025 313; x_wconf 76' lang='lat' dir='ltr'>Lm.</span> <span class='ocrx_word' id='word_1_9' title='bbox 2051 265 2183 313; x_wconf 87' lang='lat'>1111.</span> 
     </span>
    </p>
   </div>
   <div class='ocr_carea' id='block_1_2' title="bbox 166 419 2343 3609">
    <p class='ocr_par' dir='ltr' id='par_1_2' title="bbox 255 419 2320 905">
     <span class='ocr_line' id='line_1_2' title="bbox 258 419 2275 500; baseline -0.002 -14"><span class='ocrx_word' id='word_1_10' title='bbox 258 423 467 486; x_wconf 86' lang='lat' dir='ltr'>deinde</span> <span class='ocrx_word' id='word_1_11' title='bbox 509 421 774 483; x_wconf 78' lang='lat' dir='ltr'><strong>libuisset</strong></span> <span class='ocrx_word' id='word_1_12' title='bbox 829 438 1107 500; x_wconf 90' lang='lat' dir='ltr'>egressus</span> <span class='ocrx_word' id='word_1_13' title='bbox 1166 419 1451 497; x_wconf 89' lang='lat' dir='ltr'>triclinio,</span> <span class='ocrx_word' id='word_1_14' title='bbox 1518 438 1645 480; x_wconf 92' lang='lat' dir='ltr'>cum</span> <span class='ocrx_word' id='word_1_15' title='bbox 1699 420 1960 481; x_wconf 77' lang='lat' dir='ltr'>maxime</span> <span class='ocrx_word' id='word_1_16' title='bbox 2001 420 2275 500; x_wconf 78' lang='lat' dir='ltr'>placitam</span> 
     </span>
     <span class='ocr_line' id='line_1_3' title="bbox 259 501 2271 584; baseline -0.002 -14"><span class='ocrx_word' id='word_1_17' title='bbox 259 514 639 583; x_wconf 80' lang='lat' dir='ltr'>sevocasset,</span> <span class='ocrx_word' id='word_1_18' title='bbox 701 503 874 584; x_wconf 90' lang='lat' dir='ltr'>paulo</span> <span class='ocrx_word' id='word_1_19' title='bbox 911 512 1045 583; x_wconf 92' lang='lat' dir='ltr'>post</span> <span class='ocrx_word' id='word_1_20' title='bbox 1082 501 1419 564; x_wconf 79' lang='lat' dir='ltr'>recentibus</span> <span class='ocrx_word' id='word_1_21' title='bbox 1456 502 1640 565; x_wconf 89' lang='lat' dir='ltr'>adhuc</span> <span class='ocrx_word' id='word_1_22' title='bbox 1682 502 1958 565; x_wconf 85' lang='lat' dir='ltr'>lasciviae</span> <span class='ocrx_word' id='word_1_23' title='bbox 1987 505 2140 565; x_wconf 90' lang='lat' dir='ltr'>notis</span> <span class='ocrx_word' id='word_1_24' title='bbox 2176 521 2271 565; x_wconf 92' lang='lat' dir='ltr'>re-</span> 
     </span>
     <span class='ocr_line' id='line_1_4' title="bbox 255 586 2273 668; baseline -0.002 -15"><span class='ocrx_word' id='word_1_25' title='bbox 255 611 463 653; x_wconf 85' lang='lat' dir='ltr'>versus</span> <span class='ocrx_word' id='word_1_26' title='bbox 502 590 600 650; x_wconf 85' lang='lat' dir='ltr'>vel</span> <span class='ocrx_word' id='word_1_27' title='bbox 640 586 911 649; x_wconf 92' lang='lat' dir='ltr'>laudabat</span> <span class='ocrx_word' id='word_1_28' title='bbox 947 588 1138 667; x_wconf 81' lang='lat' dir='ltr'>palam</span> <span class='ocrx_word' id='word_1_29' title='bbox 1167 586 1262 647; x_wconf 84' lang='lat' dir='ltr'>vel</span> <span class='ocrx_word' id='word_1_30' title='bbox 1310 587 1710 668; x_wconf 82' lang='lat' dir='ltr'>vituperabat,</span> <span class='ocrx_word' id='word_1_31' title='bbox 1774 588 2002 668; x_wconf 90' lang='lat' dir='ltr'>singula</span> <span class='ocrx_word' id='word_1_32' title='bbox 2041 606 2273 649; x_wconf 88' lang='lat' dir='ltr'>enume-</span> 
     </span>
     <span class='ocr_line' id='line_1_5' title="bbox 256 670 2273 752; baseline -0.002 -14"><span class='ocrx_word' id='word_1_33' title='bbox 256 695 391 738; x_wconf 85' lang='lat' dir='ltr'><strong>rans</strong></span> <span class='ocrx_word' id='word_1_34' title='bbox 444 674 597 735; x_wconf 93' lang='lat' dir='ltr'>bona</span> <span class='ocrx_word' id='word_1_35' title='bbox 641 672 866 733; x_wconf 87' lang='lat' dir='ltr'>malave</span> <span class='ocrx_word' id='word_1_36' title='bbox 924 671 1190 750; x_wconf 89' lang='lat' dir='ltr'>corporis</span> <span class='ocrx_word' id='word_1_37' title='bbox 1242 679 1415 752; x_wconf 91' lang='lat' dir='ltr'>atque</span> <span class='ocrx_word' id='word_1_38' title='bbox 1466 671 1827 733; x_wconf 87' lang='lat' dir='ltr'>concubitus.</span> <span class='ocrx_word' id='word_1_39' title='bbox 1918 670 2273 748; x_wconf 79' lang='lat' dir='ltr'>Quibusdam</span> 
     </span>
     <span class='ocr_line' id='line_1_6' title="bbox 257 753 2320 836; baseline -0.003 -14"><span class='ocrx_word' id='word_1_40' title='bbox 257 760 576 822; x_wconf 90' lang='lat' dir='ltr'>absentium</span> <span class='ocrx_word' id='word_1_41' title='bbox 608 756 938 817; x_wconf 90' lang='lat' dir='ltr'>maritorum</span> <span class='ocrx_word' id='word_1_42' title='bbox 970 755 1200 815; x_wconf 91' lang='lat' dir='ltr'>nomine</span> <span class='ocrx_word' id='word_1_43' title='bbox 1231 753 1531 833; x_wconf 83' lang='lat' dir='ltr'>repudium</span> <span class='ocrx_word' id='word_1_44' title='bbox 1581 756 1712 836; x_wconf 91' lang='lat' dir='ltr'>ipse</span> <span class='ocrx_word' id='word_1_45' title='bbox 1742 756 1930 833; x_wconf 83' lang='lat' dir='ltr'>misit,</span> <span class='ocrx_word' id='word_1_46' title='bbox 1990 756 2271 836; x_wconf 91' lang='lat' dir='ltr'>iussitque</span> <span class='ocrx_word' id='word_1_47' title='bbox 2292 775 2320 816; x_wconf 76' lang='lat'><strong>5</strong></span> 
     </span>
     <span class='ocr_line' id='line_1_7' title="bbox 258 839 853 905; baseline -0.013 0"><span class='ocrx_word' id='word_1_48' title='bbox 258 846 315 905; x_wconf 92' lang='lat' dir='ltr'>in</span> <span class='ocrx_word' id='word_1_49' title='bbox 348 852 479 905; x_wconf 89' lang='lat' dir='ltr'>acta</span> <span class='ocrx_word' id='word_1_50' title='bbox 510 844 590 903; x_wconf 89' lang='lat' dir='ltr'>ita</span> <span class='ocrx_word' id='word_1_51' title='bbox 623 839 853 902; x_wconf 84' lang='lat' dir='ltr'>referri.</span> 
     </span>
    </p>

    <p class='ocr_par' dir='ltr' id='par_1_3' title="bbox 173 921 2343 2687">
     <span class='ocr_line' id='line_1_8' title="bbox 173 921 2270 1006; baseline -0.005 -14"><span class='ocrx_word' id='word_1_52' title='bbox 173 936 238 992; x_wconf 79' lang='grc'>37</span> <span class='ocrx_word' id='word_1_53' title='bbox 381 927 706 1006; x_wconf 82' lang='lat' dir='ltr'>Nepotatus</span> <span class='ocrx_word' id='word_1_54' title='bbox 749 921 1066 1003; x_wconf 83' lang='lat' dir='ltr'>sumptibus</span> <span class='ocrx_word' id='word_1_55' title='bbox 1112 926 1359 983; x_wconf 89' lang='lat' dir='ltr'>omnium</span> <span class='ocrx_word' id='word_1_56' title='bbox 1401 922 1779 1003; x_wconf 80' lang='lat' dir='ltr'>prodigorum</span> <span class='ocrx_word' id='word_1_57' title='bbox 1821 923 2053 1003; x_wconf 92' lang='lat' dir='ltr'>ingenia</span> <span class='ocrx_word' id='word_1_58' title='bbox 2099 940 2270 1002; x_wconf 90' lang='lat' dir='ltr'>supe-</span> 
     </span>
     <span class='ocr_line' id='line_1_9' title="bbox 256 1005 2272 1089; baseline -0.003 -15"><span class='ocrx_word' id='word_1_59' title='bbox 256 1012 436 1089; x_wconf 83' lang='lat' dir='ltr'>ravit,</span> <span class='ocrx_word' id='word_1_60' title='bbox 500 1016 856 1071; x_wconf 90' lang='lat' dir='ltr'>commentus</span> <span class='ocrx_word' id='word_1_61' title='bbox 897 1024 1107 1068; x_wconf 87' lang='lat' dir='ltr'>novum</span> <span class='ocrx_word' id='word_1_62' title='bbox 1147 1005 1480 1068; x_wconf 89' lang='lat' dir='ltr'>balnearum</span> <span class='ocrx_word' id='word_1_63' title='bbox 1520 1026 1713 1085; x_wconf 89' lang='lat' dir='ltr'>usum,</span> <span class='ocrx_word' id='word_1_64' title='bbox 1771 1006 2272 1088; x_wconf 85' lang='lat' dir='ltr'>portentosissima</span> 
     </span>
     <span class='ocr_line' id='line_1_10' title="bbox 255 1090 2269 1176; baseline -0.004 -19"><span class='ocrx_word' id='word_1_65' title='bbox 255 1113 475 1176; x_wconf 91' lang='lat' dir='ltr'>genera</span> <span class='ocrx_word' id='word_1_66' title='bbox 523 1093 782 1154; x_wconf 91' lang='lat' dir='ltr'>ciborum</span> <span class='ocrx_word' id='word_1_67' title='bbox 825 1099 996 1170; x_wconf 91' lang='lat' dir='ltr'>atque</span> <span class='ocrx_word' id='word_1_68' title='bbox 1044 1107 1381 1169; x_wconf 86' lang='lat' dir='ltr'>caenarum,</span> <span class='ocrx_word' id='word_1_69' title='bbox 1441 1099 1500 1152; x_wconf 90' lang='lat' dir='ltr'>ut</span> <span class='ocrx_word' id='word_1_70' title='bbox 1543 1091 1745 1153; x_wconf 77' lang='lat' dir='ltr'>calidis</span> <span class='ocrx_word' id='word_1_71' title='bbox 1783 1090 2126 1170; x_wconf 79' lang='lat' dir='ltr'>frigidisque</span> <span class='ocrx_word' id='word_1_72' title='bbox 2169 1108 2269 1150; x_wconf 91' lang='lat' dir='ltr'>un-</span> 
     </span>
     <span class='ocr_line' id='line_1_11' title="bbox 255 1172 2343 1258; baseline -0.002 -19"><span class='ocrx_word' id='word_1_73' title='bbox 255 1180 486 1258; x_wconf 90' lang='lat' dir='ltr'>guentis</span> <span class='ocrx_word' id='word_1_74' title='bbox 529 1176 855 1251; x_wconf 88' lang='lat' dir='ltr'>lavaretur,</span> <span class='ocrx_word' id='word_1_75' title='bbox 919 1172 1339 1253; x_wconf 89' lang='lat' dir='ltr'>pretiosissima</span> <span class='ocrx_word' id='word_1_76' title='bbox 1381 1176 1694 1254; x_wconf 89' lang='lat' dir='ltr'>margarita</span> <span class='ocrx_word' id='word_1_77' title='bbox 1739 1184 1910 1239; x_wconf 7' lang='lat' dir='ltr'>acceto</span> <span class='ocrx_word' id='word_1_78' title='bbox 1955 1173 2343 1255; x_wconf 76' lang='lat' dir='ltr'>liquefactam</span> 
     </span>
     <span class='ocr_line' id='line_1_12' title="bbox 258 1259 2270 1338; baseline -0.003 -15"><span class='ocrx_word' id='word_1_79' title='bbox 258 1262 559 1338; x_wconf 87' lang='lat' dir='ltr'>sorberet,</span> <span class='ocrx_word' id='word_1_80' title='bbox 622 1259 885 1320; x_wconf 81' lang='lat' dir='ltr'>convivis</span> <span class='ocrx_word' id='word_1_81' title='bbox 947 1275 1023 1318; x_wconf 91' lang='lat' dir='ltr'>ex</span> <span class='ocrx_word' id='word_1_82' title='bbox 1081 1275 1219 1319; x_wconf 89' lang='lat' dir='ltr'>auro</span> <span class='ocrx_word' id='word_1_83' title='bbox 1283 1277 1464 1338; x_wconf 91' lang='lat' dir='ltr'>panes</span> <span class='ocrx_word' id='word_1_84' title='bbox 1517 1268 1576 1319; x_wconf 87' lang='lat' dir='ltr'>et</span> <span class='ocrx_word' id='word_1_85' title='bbox 1628 1259 1877 1322; x_wconf 90' lang='lat' dir='ltr'>obsonia</span> <span class='ocrx_word' id='word_1_86' title='bbox 1921 1266 2270 1338; x_wconf 91' lang='lat' dir='ltr'>apponeret,</span> 
     </span>
     <span class='ocr_line' id='line_1_13' title="bbox 259 1341 2268 1425; baseline -0.003 -18"><span class='ocrx_word' id='word_1_87' title='bbox 259 1352 369 1407; x_wconf 81' lang='lat' dir='ltr'>aut</span> <span class='ocrx_word' id='word_1_88' title='bbox 405 1344 579 1425; x_wconf 74' lang='lat' dir='ltr'>fraqi</span> <span class='ocrx_word' id='word_1_89' title='bbox 620 1341 922 1407; x_wconf 76' lang='lat' dir='ltr'>hominem</span> <span class='ocrx_word' id='word_1_90' title='bbox 964 1358 1102 1402; x_wconf 76' lang='lat' dir='ltr'>esse</span> <span class='ocrx_word' id='word_1_91' title='bbox 1131 1349 1422 1420; x_wconf 75' lang='lat' dir='ltr'>oportere</span> <span class='ocrx_word' id='word_1_92' title='bbox 1453 1342 1720 1405; x_wconf 90' lang='lat' dir='ltr'>dictitans</span> <span class='ocrx_word' id='word_1_93' title='bbox 1766 1351 1878 1405; x_wconf 78' lang='lat' dir='ltr'>aut</span> <span class='ocrx_word' id='word_1_94' title='bbox 1909 1341 2268 1406; x_wconf 76' lang='lat' dir='ltr'>Gaesarem.</span> 
     </span>
     <span class='ocr_line' id='line_1_14' title="bbox 256 1425 2272 1508; baseline -0.001 -19"><span class='ocrx_word' id='word_1_95' title='bbox 256 1431 407 1508; x_wconf 82' lang='lat' dir='ltr'>Quin</span> <span class='ocrx_word' id='word_1_96' title='bbox 451 1438 510 1489; x_wconf 90' lang='lat' dir='ltr'>et</span> <span class='ocrx_word' id='word_1_97' title='bbox 551 1444 813 1489; x_wconf 90' lang='lat' dir='ltr'>nummos</span> <span class='ocrx_word' id='word_1_98' title='bbox 856 1443 972 1487; x_wconf 92' lang='lat' dir='ltr'>non</span> <span class='ocrx_word' id='word_1_99' title='bbox 1011 1425 1324 1487; x_wconf 87' lang='lat' dir='ltr'>mediocris</span> <span class='ocrx_word' id='word_1_100' title='bbox 1354 1445 1603 1488; x_wconf 90' lang='lat' dir='ltr'>summae</span> <span class='ocrx_word' id='word_1_101' title='bbox 1645 1446 1679 1489; x_wconf 91' lang='lat' dir='ltr'>e</span> <span class='ocrx_word' id='word_1_102' title='bbox 1722 1428 1958 1508; x_wconf 84' lang='lat' dir='ltr'>fastigio</span> <span class='ocrx_word' id='word_1_103' title='bbox 1989 1425 2272 1489; x_wconf 84' lang='lat' dir='ltr'>basilicae</span> 
     </span>
     <span class='ocr_line' id='line_1_15' title="bbox 253 1510 2269 1593; baseline -0.003 -16"><span class='ocrx_word' id='word_1_104' title='bbox 253 1514 433 1578; x_wconf 91' lang='lat' dir='ltr'>Iuliae</span> <span class='ocrx_word' id='word_1_105' title='bbox 470 1531 579 1593; x_wconf 92' lang='lat' dir='ltr'>per</span> <span class='ocrx_word' id='word_1_106' title='bbox 606 1512 825 1592; x_wconf 87' lang='lat' dir='ltr'>aliquot</span> <span class='ocrx_word' id='word_1_107' title='bbox 868 1510 995 1572; x_wconf 88' lang='lat' dir='ltr'>dies</span> <span class='ocrx_word' id='word_1_108' title='bbox 1039 1511 1256 1589; x_wconf 88' lang='lat' dir='ltr'>sparsit</span> <span class='ocrx_word' id='word_1_109' title='bbox 1284 1511 1341 1570; x_wconf 91' lang='lat' dir='ltr'>in</span> <span class='ocrx_word' id='word_1_110' title='bbox 1380 1511 1631 1591; x_wconf 90' lang='lat' dir='ltr'>plebem.</span> <span class='ocrx_word' id='word_1_111' title='bbox 1718 1511 2051 1574; x_wconf 83' lang='lat' dir='ltr'>Fabricavit</span> <span class='ocrx_word' id='word_1_112' title='bbox 2082 1520 2139 1572; x_wconf 90' lang='lat' dir='ltr'>et</span> <span class='ocrx_word' id='word_1_113' title='bbox 2170 1510 2269 1571; x_wconf 91' lang='lat' dir='ltr'>de-</span> 
     </span>
     <span class='ocr_line' id='line_1_16' title="bbox 256 1595 2335 1677; baseline -0.001 -16"><span class='ocrx_word' id='word_1_114' title='bbox 256 1600 408 1661; x_wconf 91' lang='lat' dir='ltr'>ceris</span> <span class='ocrx_word' id='word_1_115' title='bbox 454 1597 790 1659; x_wconf 88' lang='lat' dir='ltr'>Liburnicas</span> <span class='ocrx_word' id='word_1_116' title='bbox 848 1595 1150 1675; x_wconf 90' lang='lat' dir='ltr'>gemmatis</span> <span class='ocrx_word' id='word_1_117' title='bbox 1197 1596 1518 1677; x_wconf 89' lang='lat' dir='ltr'>puppibus,</span> <span class='ocrx_word' id='word_1_118' title='bbox 1583 1595 2041 1659; x_wconf 87' lang='lat' dir='ltr'>versicoloribus</span> <span class='ocrx_word' id='word_1_119' title='bbox 2092 1595 2265 1671; x_wconf 84' lang='lat' dir='ltr'>velis,</span> <span class='ocrx_word' id='word_1_120' title='bbox 2287 1617 2335 1659; x_wconf 65' lang='grc' dir='ltr'>ιε</span> 
     </span>
     <span class='ocr_line' id='line_1_17' title="bbox 252 1679 2268 1762; baseline -0.003 -18"><span class='ocrx_word' id='word_1_121' title='bbox 252 1701 463 1762; x_wconf 87' lang='lat' dir='ltr'>magna</span> <span class='ocrx_word' id='word_1_122' title='bbox 532 1682 878 1742; x_wconf 89' lang='lat' dir='ltr'>thermarum</span> <span class='ocrx_word' id='word_1_123' title='bbox 953 1688 1012 1739; x_wconf 92' lang='lat' dir='ltr'>et</span> <span class='ocrx_word' id='word_1_124' title='bbox 1070 1679 1392 1759; x_wconf 90' lang='lat' dir='ltr'>porticuum</span> <span class='ocrx_word' id='word_1_125' title='bbox 1468 1689 1526 1741; x_wconf 91' lang='lat' dir='ltr'>et</span> <span class='ocrx_word' id='word_1_126' title='bbox 1590 1679 1970 1743; x_wconf 90' lang='lat' dir='ltr'>tricliniorum</span> <span class='ocrx_word' id='word_1_127' title='bbox 2031 1679 2268 1741; x_wconf 87' lang='lat' dir='ltr'>laxitate</span> 
     </span>
     <span class='ocr_line' id='line_1_18' title="bbox 253 1764 2266 1847; baseline -0.003 -20"><span class='ocrx_word' id='word_1_128' title='bbox 253 1785 577 1847; x_wconf 90' lang='lat' dir='ltr'>magnaque</span> <span class='ocrx_word' id='word_1_129' title='bbox 632 1766 803 1825; x_wconf 91' lang='lat' dir='ltr'>etiam</span> <span class='ocrx_word' id='word_1_130' title='bbox 843 1765 1038 1825; x_wconf 86' lang='lat' dir='ltr'>vitium</span> <span class='ocrx_word' id='word_1_131' title='bbox 1098 1773 1157 1824; x_wconf 89' lang='lat' dir='ltr'>et</span> <span class='ocrx_word' id='word_1_132' title='bbox 1190 1765 1601 1843; x_wconf 87' lang='lat' dir='ltr'>pomiferarum</span> <span class='ocrx_word' id='word_1_133' title='bbox 1644 1765 1916 1827; x_wconf 89' lang='lat' dir='ltr'>arborum</span> <span class='ocrx_word' id='word_1_134' title='bbox 1958 1764 2266 1831; x_wconf 78' lang='lat' dir='ltr'>varietate3</span> 
     </span>
     <span class='ocr_line' id='line_1_19' title="bbox 256 1846 2270 1931; baseline -0.002 -20"><span class='ocrx_word' id='word_1_135' title='bbox 256 1850 459 1931; x_wconf 91' lang='lat' dir='ltr'>quibus</span> <span class='ocrx_word' id='word_1_136' title='bbox 492 1846 861 1911; x_wconf 89' lang='lat' dir='ltr'>discumbens</span> <span class='ocrx_word' id='word_1_137' title='bbox 894 1846 967 1909; x_wconf 91' lang='lat' dir='ltr'>de</span> <span class='ocrx_word' id='word_1_138' title='bbox 1003 1846 1098 1908; x_wconf 92' lang='lat' dir='ltr'>die</span> <span class='ocrx_word' id='word_1_139' title='bbox 1131 1849 1282 1908; x_wconf 90' lang='lat' dir='ltr'>inter</span> <span class='ocrx_word' id='word_1_140' title='bbox 1312 1848 1529 1909; x_wconf 92' lang='lat' dir='ltr'>choros</span> <span class='ocrx_word' id='word_1_141' title='bbox 1572 1867 1642 1910; x_wconf 89' lang='lat' dir='ltr'>ac</span> <span class='ocrx_word' id='word_1_142' title='bbox 1694 1848 2067 1929; x_wconf 74' lang='lat' dir='ltr'>symphonias</span> <span class='ocrx_word' id='word_1_143' title='bbox 2097 1847 2270 1907; x_wconf 89' lang='lat' dir='ltr'>litora</span> 
     </span>
     <span class='ocr_line' id='line_1_20' title="bbox 257 1930 2266 2015; baseline -0.003 -18"><span class='ocrx_word' id='word_1_144' title='bbox 257 1933 604 2014; x_wconf 83' lang='lat' dir='ltr'>Campaniae</span> <span class='ocrx_word' id='word_1_145' title='bbox 656 1940 1021 2012; x_wconf 81' lang='lat' dir='ltr'>peragraret.</span> <span class='ocrx_word' id='word_1_146' title='bbox 1108 1930 1174 1993; x_wconf 88' lang='lat' dir='ltr'>ln</span> <span class='ocrx_word' id='word_1_147' title='bbox 1221 1933 1680 1995; x_wconf 85' lang='lat' dir='ltr'>extructionibus</span> <span class='ocrx_word' id='word_1_148' title='bbox 1723 1933 2143 2015; x_wconf 90' lang='lat' dir='ltr'>praetoriorum</span> <span class='ocrx_word' id='word_1_149' title='bbox 2185 1937 2266 1991; x_wconf 86' lang='lat' dir='ltr'>at-</span> 
     </span>
     <span class='ocr_line' id='line_1_21' title="bbox 255 2015 2343 2100; baseline -0.004 -20"><span class='ocrx_word' id='word_1_150' title='bbox 255 2039 367 2100; x_wconf 91' lang='lat' dir='ltr'>que</span> <span class='ocrx_word' id='word_1_151' title='bbox 419 2019 716 2096; x_wconf 82' lang='lat' dir='ltr'>villarum,</span> <span class='ocrx_word' id='word_1_152' title='bbox 782 2018 936 2077; x_wconf 91' lang='lat' dir='ltr'>omni</span> <span class='ocrx_word' id='word_1_153' title='bbox 987 2017 1212 2078; x_wconf 88' lang='lat' dir='ltr'>ratione</span> <span class='ocrx_word' id='word_1_154' title='bbox 1269 2015 1629 2098; x_wconf 87' lang='lat' dir='ltr'>posthabita,</span> <span class='ocrx_word' id='word_1_155' title='bbox 1679 2017 1820 2079; x_wconf 91' lang='lat' dir='ltr'>nihil</span> <span class='ocrx_word' id='word_1_156' title='bbox 1860 2026 1973 2079; x_wconf 90' lang='lat' dir='ltr'>tam</span> <span class='ocrx_word' id='word_1_157' title='bbox 2026 2016 2267 2077; x_wconf 84' lang='lat' dir='ltr'>efficere</span> <span class='ocrx_word' id='word_1_158' title='bbox 2286 2030 2343 2072; x_wconf 77' lang='lat'>20</span> 
     </span>
     <span class='ocr_line' id='line_1_22' title="bbox 255 2100 2266 2182; baseline -0.003 -18"><span class='ocrx_word' id='word_1_159' title='bbox 255 2100 713 2182; x_wconf 87' lang='lat' dir='ltr'>concupiscebat</span> <span class='ocrx_word' id='word_1_160' title='bbox 759 2118 926 2180; x_wconf 91' lang='lat' dir='ltr'>quam</span> <span class='ocrx_word' id='word_1_161' title='bbox 957 2101 1113 2179; x_wconf 88' lang='lat' dir='ltr'>quod</span> <span class='ocrx_word' id='word_1_162' title='bbox 1143 2119 1323 2180; x_wconf 88' lang='lat' dir='ltr'>posse</span> <span class='ocrx_word' id='word_1_163' title='bbox 1355 2102 1513 2164; x_wconf 83' lang='lat' dir='ltr'>effici</span> <span class='ocrx_word' id='word_1_164' title='bbox 1540 2112 1875 2182; x_wconf 81' lang='lat' dir='ltr'>negaretur.</span> <span class='ocrx_word' id='word_1_165' title='bbox 1962 2100 2039 2162; x_wconf 92' lang='lat' dir='ltr'>Et</span> <span class='ocrx_word' id='word_1_166' title='bbox 2079 2101 2266 2161; x_wconf 88' lang='lat' dir='ltr'>iactae</span> 
     </span>
     <span class='ocr_line' id='line_1_23' title="bbox 252 2184 2267 2267; baseline -0.003 -20"><span class='ocrx_word' id='word_1_167' title='bbox 252 2190 447 2267; x_wconf 92' lang='lat' dir='ltr'>itaque</span> <span class='ocrx_word' id='word_1_168' title='bbox 496 2185 682 2246; x_wconf 92' lang='lat' dir='ltr'>moles</span> <span class='ocrx_word' id='word_1_169' title='bbox 733 2184 946 2245; x_wconf 83' lang='lat' dir='ltr'>infesto</span> <span class='ocrx_word' id='word_1_170' title='bbox 1002 2202 1070 2245; x_wconf 91' lang='lat' dir='ltr'>ac</span> <span class='ocrx_word' id='word_1_171' title='bbox 1115 2185 1403 2266; x_wconf 84' lang='lat' dir='ltr'>profundo</span> <span class='ocrx_word' id='word_1_172' title='bbox 1448 2188 1624 2264; x_wconf 87' lang='lat' dir='ltr'>mari,</span> <span class='ocrx_word' id='word_1_173' title='bbox 1688 2196 1750 2248; x_wconf 88' lang='lat' dir='ltr'>et</span> <span class='ocrx_word' id='word_1_174' title='bbox 1795 2186 2029 2247; x_wconf 85' lang='lat' dir='ltr'>excisae</span> <span class='ocrx_word' id='word_1_175' title='bbox 2088 2200 2267 2263; x_wconf 89' lang='lat' dir='ltr'>rupes</span> 
     </span>
     <span class='ocr_line' id='line_1_24' title="bbox 254 2268 2264 2351; baseline 0 -19"><span class='ocrx_word' id='word_1_176' title='bbox 254 2269 538 2332; x_wconf 90' lang='lat' dir='ltr'>durissimi</span> <span class='ocrx_word' id='word_1_177' title='bbox 569 2268 778 2346; x_wconf 89' lang='lat' dir='ltr'>silicis,</span> <span class='ocrx_word' id='word_1_178' title='bbox 823 2277 882 2329; x_wconf 90' lang='lat' dir='ltr'>et</span> <span class='ocrx_word' id='word_1_179' title='bbox 915 2269 1102 2349; x_wconf 90' lang='lat' dir='ltr'>campi</span> <span class='ocrx_word' id='word_1_180' title='bbox 1132 2270 1419 2330; x_wconf 91' lang='lat' dir='ltr'>montibus</span> <span class='ocrx_word' id='word_1_181' title='bbox 1445 2289 1670 2350; x_wconf 82' lang='lat' dir='ltr'>aggere</span> <span class='ocrx_word' id='word_1_182' title='bbox 1705 2272 1966 2351; x_wconf 89' lang='lat' dir='ltr'>aequati,</span> <span class='ocrx_word' id='word_1_183' title='bbox 2012 2276 2071 2330; x_wconf 95' lang='lat' dir='ltr'>et</span> <span class='ocrx_word' id='word_1_184' title='bbox 2111 2284 2264 2333; x_wconf 76' lang='lat' dir='ltr'>com.-</span> 
     </span>
     <span class='ocr_line' id='line_1_25' title="bbox 253 2351 2262 2436; baseline -0.002 -21"><span class='ocrx_word' id='word_1_185' title='bbox 253 2355 485 2435; x_wconf 89' lang='lat' dir='ltr'>planata</span> <span class='ocrx_word' id='word_1_186' title='bbox 510 2353 758 2414; x_wconf 76' lang='lat' dir='ltr'>fossuris</span> <span class='ocrx_word' id='word_1_187' title='bbox 795 2353 1069 2413; x_wconf 88' lang='lat' dir='ltr'>montium</span> <span class='ocrx_word' id='word_1_188' title='bbox 1096 2355 1261 2434; x_wconf 90' lang='lat' dir='ltr'>iuga,</span> <span class='ocrx_word' id='word_1_189' title='bbox 1314 2354 1638 2416; x_wconf 89' lang='lat' dir='ltr'>incredibili</span> <span class='ocrx_word' id='word_1_190' title='bbox 1679 2353 1905 2436; x_wconf 91' lang='lat' dir='ltr'>quidem</span> <span class='ocrx_word' id='word_1_191' title='bbox 1941 2351 2262 2426; x_wconf 86' lang='lat' dir='ltr'>celeritate,</span> 
     </span>
     <span class='ocr_line' id='line_1_26' title="bbox 254 2436 2342 2519; baseline -0.002 -20"><span class='ocrx_word' id='word_1_192' title='bbox 254 2456 383 2499; x_wconf 91' lang='lat' dir='ltr'>cum</span> <span class='ocrx_word' id='word_1_193' title='bbox 411 2453 609 2499; x_wconf 91' lang='lat' dir='ltr'>morae</span> <span class='ocrx_word' id='word_1_194' title='bbox 643 2436 814 2517; x_wconf 90' lang='lat' dir='ltr'>culpa</span> <span class='ocrx_word' id='word_1_195' title='bbox 843 2437 1032 2517; x_wconf 91' lang='lat' dir='ltr'>capite</span> <span class='ocrx_word' id='word_1_196' title='bbox 1076 2438 1354 2499; x_wconf 91' lang='lat' dir='ltr'>lueretur.</span> <span class='ocrx_word' id='word_1_197' title='bbox 1422 2438 1513 2500; x_wconf 90' lang='lat' dir='ltr'>Ac</span> <span class='ocrx_word' id='word_1_198' title='bbox 1543 2457 1617 2500; x_wconf 93' lang='lat' dir='ltr'>ne</span> <span class='ocrx_word' id='word_1_199' title='bbox 1650 2438 1879 2519; x_wconf 90' lang='lat' dir='ltr'>singula</span> <span class='ocrx_word' id='word_1_200' title='bbox 1914 2451 2263 2512; x_wconf 89' lang='lat' dir='ltr'>enumerem,</span> <span class='ocrx_word' id='word_1_201' title='bbox 2285 2454 2342 2496; x_wconf 76' lang='lat'>25</span> 
     </span>
     <span class='ocr_line' id='line_1_27' title="bbox 251 2521 2268 2603; baseline -0.001 -21"><span class='ocrx_word' id='word_1_202' title='bbox 251 2523 558 2583; x_wconf 89' lang='lat' dir='ltr'>immensas</span> <span class='ocrx_word' id='word_1_203' title='bbox 618 2539 798 2602; x_wconf 91' lang='lat' dir='ltr'>opes,</span> <span class='ocrx_word' id='word_1_204' title='bbox 871 2530 1166 2603; x_wconf 91' lang='lat' dir='ltr'>totumque</span> <span class='ocrx_word' id='word_1_205' title='bbox 1238 2522 1380 2584; x_wconf 89' lang='lat' dir='ltr'>illud</span> <span class='ocrx_word' id='word_1_206' title='bbox 1452 2521 1539 2587; x_wconf 88' lang='lat' dir='ltr'>Ti.</span> <span class='ocrx_word' id='word_1_207' title='bbox 1604 2521 1877 2585; x_wconf 82' lang='lat' dir='ltr'>Caesaris</span> <span class='ocrx_word' id='word_1_208' title='bbox 1951 2523 2134 2583; x_wconf 86' lang='lat' dir='ltr'>vicies</span> <span class='ocrx_word' id='word_1_209' title='bbox 2198 2538 2268 2581; x_wconf 92' lang='lat' dir='ltr'>ac</span> 
     </span>
     <span class='ocr_line' id='line_1_28' title="bbox 253 2605 2205 2687; baseline -0.003 -19"><span class='ocrx_word' id='word_1_210' title='bbox 253 2606 477 2687; x_wconf 87' lang='lat' dir='ltr'>septies</span> <span class='ocrx_word' id='word_1_211' title='bbox 504 2605 692 2666; x_wconf 91' lang='lat' dir='ltr'>milies</span> <span class='ocrx_word' id='word_1_212' title='bbox 724 2608 1051 2667; x_wconf 89' lang='lat' dir='ltr'>sestertium</span> <span class='ocrx_word' id='word_1_213' title='bbox 1081 2623 1199 2667; x_wconf 94' lang='lat' dir='ltr'>non</span> <span class='ocrx_word' id='word_1_214' title='bbox 1228 2615 1355 2667; x_wconf 91' lang='lat' dir='ltr'>toto</span> <span class='ocrx_word' id='word_1_215' title='bbox 1384 2615 1649 2668; x_wconf 86' lang='lat' dir='ltr'>vertente</span> <span class='ocrx_word' id='word_1_216' title='bbox 1686 2625 1835 2668; x_wconf 91' lang='lat' dir='ltr'>anno</span> <span class='ocrx_word' id='word_1_217' title='bbox 1870 2605 2205 2685; x_wconf 86' lang='lat' dir='ltr'>absumpsit.</span> 
     </span>
    </p>

    <p class='ocr_par' dir='ltr' id='par_1_4' title="bbox 166 2689 2341 3609">
     <span class='ocr_line' id='line_1_29' title="bbox 166 2689 2266 2770; baseline -0.003 -17"><span class='ocrx_word' id='word_1_218' title='bbox 166 2697 238 2753; x_wconf 80' lang='grc'>38</span> <span class='ocrx_word' id='word_1_219' title='bbox 375 2689 707 2752; x_wconf 83' lang='lat' dir='ltr'>Exhaustus</span> <span class='ocrx_word' id='word_1_220' title='bbox 747 2691 920 2769; x_wconf 89' lang='lat' dir='ltr'>igitur</span> <span class='ocrx_word' id='word_1_221' title='bbox 964 2699 1138 2770; x_wconf 91' lang='lat' dir='ltr'>atque</span> <span class='ocrx_word' id='word_1_222' title='bbox 1179 2708 1366 2770; x_wconf 86' lang='lat' dir='ltr'>egens</span> <span class='ocrx_word' id='word_1_223' title='bbox 1407 2689 1480 2752; x_wconf 91' lang='lat' dir='ltr'>ad</span> <span class='ocrx_word' id='word_1_224' title='bbox 1523 2692 1758 2770; x_wconf 91' lang='lat' dir='ltr'>rapinas</span> <span class='ocrx_word' id='word_1_225' title='bbox 1810 2692 2102 2751; x_wconf 82' lang='lat' dir='ltr'>convertit</span> <span class='ocrx_word' id='word_1_226' title='bbox 2150 2689 2266 2748; x_wconf 91' lang='lat' dir='ltr'>ani-</span> 
     </span>
     <span class='ocr_line' id='line_1_30' title="bbox 249 2773 2269 2855; baseline -0.003 -18"><span class='ocrx_word' id='word_1_227' title='bbox 249 2794 433 2853; x_wconf 88' lang='lat' dir='ltr'>mum,</span> <span class='ocrx_word' id='word_1_228' title='bbox 494 2775 657 2835; x_wconf 81' lang='lat' dir='ltr'>vario</span> <span class='ocrx_word' id='word_1_229' title='bbox 698 2782 757 2834; x_wconf 88' lang='lat' dir='ltr'>et</span> <span class='ocrx_word' id='word_1_230' title='bbox 792 2775 1240 2855; x_wconf 89' lang='lat' dir='ltr'>exquisitissimo</span> <span class='ocrx_word' id='word_1_231' title='bbox 1290 2773 1696 2836; x_wconf 91' lang='lat' dir='ltr'>calumniarum</span> <span class='ocrx_word' id='word_1_232' title='bbox 1742 2783 1802 2835; x_wconf 93' lang='lat' dir='ltr'>et</span> <span class='ocrx_word' id='word_1_233' title='bbox 1841 2775 2164 2836; x_wconf 87' lang='lat' dir='ltr'>auctionum</span> <span class='ocrx_word' id='word_1_234' title='bbox 2208 2779 2269 2831; x_wconf 93' lang='lat' dir='ltr'>et</span> 
     </span>
     <span class='ocr_line' id='line_1_31' title="bbox 247 2855 2341 2938; baseline -0.003 -17"><span class='ocrx_word' id='word_1_235' title='bbox 247 2858 622 2938; x_wconf 84' lang='lat' dir='ltr'>vectigalium</span> <span class='ocrx_word' id='word_1_236' title='bbox 656 2875 900 2935; x_wconf 87' lang='lat' dir='ltr'>genere.</span> <span class='ocrx_word' id='word_1_237' title='bbox 967 2855 1240 2937; x_wconf 86' lang='lat' dir='ltr'>Negabat</span> <span class='ocrx_word' id='word_1_238' title='bbox 1279 2858 1404 2919; x_wconf 89' lang='lat' dir='ltr'>iure</span> <span class='ocrx_word' id='word_1_239' title='bbox 1442 2858 1731 2920; x_wconf 80' lang='lat' dir='ltr'>civitatem</span> <span class='ocrx_word' id='word_1_240' title='bbox 1758 2859 2072 2921; x_wconf 89' lang='lat' dir='ltr'>Romanam</span> <span class='ocrx_word' id='word_1_241' title='bbox 2103 2873 2264 2917; x_wconf 89' lang='lat' dir='ltr'>usur·</span> <span class='ocrx_word' id='word_1_242' title='bbox 2285 2871 2341 2914; x_wconf 77' lang='lat' dir='ltr'>ao</span> 
     </span>
     <span class='ocr_line' id='line_1_32' title="bbox 249 2941 2264 3024; baseline -0.003 -18"><span class='ocrx_word' id='word_1_243' title='bbox 249 2962 393 3024; x_wconf 89' lang='lat' dir='ltr'>pare</span> <span class='ocrx_word' id='word_1_244' title='bbox 436 2961 574 3020; x_wconf 87' lang='lat' dir='ltr'>eos,</span> <span class='ocrx_word' id='word_1_245' title='bbox 633 2959 877 3022; x_wconf 91' lang='lat' dir='ltr'>quorum</span> <span class='ocrx_word' id='word_1_246' title='bbox 914 2943 1164 3003; x_wconf 89' lang='lat' dir='ltr'>maiores</span> <span class='ocrx_word' id='word_1_247' title='bbox 1205 2941 1317 3002; x_wconf 90' lang='lat' dir='ltr'>sibi</span> <span class='ocrx_word' id='word_1_248' title='bbox 1359 2943 1736 3023; x_wconf 88' lang='lat' dir='ltr'>posterisque</span> <span class='ocrx_word' id='word_1_249' title='bbox 1794 2961 1920 3004; x_wconf 90' lang='lat' dir='ltr'>eam</span> <span class='ocrx_word' id='word_1_250' title='bbox 1960 2942 2264 3021; x_wconf 87' lang='lat' dir='ltr'>impetras·-</span> 
     </span>
     <span class='ocr_line' id='line_1_33' title="bbox 251 3024 2264 3106; baseline -0.003 -18"><span class='ocrx_word' id='word_1_251' title='bbox 251 3036 410 3105; x_wconf 88' lang='lat' dir='ltr'>sent,</span> <span class='ocrx_word' id='word_1_252' title='bbox 463 3028 574 3088; x_wconf 89' lang='lat' dir='ltr'>nisi</span> <span class='ocrx_word' id='word_1_253' title='bbox 606 3027 656 3087; x_wconf 90' lang='lat' dir='ltr'>si</span> <span class='ocrx_word' id='word_1_254' title='bbox 691 3026 793 3088; x_wconf 80' lang='lat' dir='ltr'>filii</span> <span class='ocrx_word' id='word_1_255' title='bbox 836 3035 1067 3103; x_wconf 90' lang='lat' dir='ltr'>essent,</span> <span class='ocrx_word' id='word_1_256' title='bbox 1128 3044 1319 3106; x_wconf 90' lang='lat' dir='ltr'>neque</span> <span class='ocrx_word' id='word_1_257' title='bbox 1370 3027 1518 3087; x_wconf 91' lang='lat' dir='ltr'>enim</span> <span class='ocrx_word' id='word_1_258' title='bbox 1558 3025 1823 3104; x_wconf 89' lang='lat' dir='ltr'>intellegi</span> <span class='ocrx_word' id='word_1_259' title='bbox 1868 3024 2087 3086; x_wconf 91' lang='lat' dir='ltr'>debere</span> <span class='ocrx_word' id='word_1_260' title='bbox 2132 3039 2264 3103; x_wconf 92' lang='lat' dir='ltr'>po·</span> 
     </span>
     <span class='ocr_line' id='line_1_34' title="bbox 251 3107 2268 3190; baseline -0.003 -18"><span class='ocrx_word' id='word_1_261' title='bbox 251 3118 505 3172; x_wconf 90' lang='lat' dir='ltr'>steros</span> <span class='ocrx_word' id='word_1_262' title='bbox 561 3111 713 3173; x_wconf 89' lang='lat' dir='ltr'>ultra</span> <span class='ocrx_word' id='word_1_263' title='bbox 759 3111 911 3172; x_wconf 90' lang='lat' dir='ltr'>hunc</span> <span class='ocrx_word' id='word_1_264' title='bbox 968 3110 1239 3190; x_wconf 85' lang='lat' dir='ltr'>gradum;</span> <span class='ocrx_word' id='word_1_265' title='bbox 1303 3109 1647 3189; x_wconf 88' lang='lat' dir='ltr'>prolataque</span> <span class='ocrx_word' id='word_1_266' title='bbox 1706 3109 1985 3171; x_wconf 85' lang='lat' dir='ltr'>Divorum</span> <span class='ocrx_word' id='word_1_267' title='bbox 2042 3107 2151 3169; x_wconf 89' lang='lat' dir='ltr'>Iuli</span> <span class='ocrx_word' id='word_1_268' title='bbox 2208 3114 2268 3166; x_wconf 91' lang='lat' dir='ltr'>et</span> 
     </span>
     <span class='ocr_line' id='line_1_35' title="bbox 248 3190 2267 3273; baseline -0.002 -19"><span class='ocrx_word' id='word_1_269' title='bbox 248 3193 498 3271; x_wconf 85' lang='lat' dir='ltr'>Augusti</span> <span class='ocrx_word' id='word_1_270' title='bbox 529 3193 840 3273; x_wconf 91' lang='lat' dir='ltr'>diplomata</span> <span class='ocrx_word' id='word_1_271' title='bbox 875 3203 937 3255; x_wconf 92' lang='lat' dir='ltr'>ut</span> <span class='ocrx_word' id='word_1_272' title='bbox 967 3203 1174 3255; x_wconf 84' lang='lat' dir='ltr'>vetera</span> <span class='ocrx_word' id='word_1_273' title='bbox 1205 3202 1265 3255; x_wconf 93' lang='lat' dir='ltr'>et</span> <span class='ocrx_word' id='word_1_274' title='bbox 1300 3191 1570 3254; x_wconf 93' lang='lat' dir='ltr'>obsoleta</span> <span class='ocrx_word' id='word_1_275' title='bbox 1600 3193 1870 3256; x_wconf 85' lang='lat' dir='ltr'>deflebat.</span> <span class='ocrx_word' id='word_1_276' title='bbox 1961 3190 2267 3271; x_wconf 86' lang='lat' dir='ltr'>Arguebat</span> 
     </span>
     <span class='ocr_line' id='line_1_36' title="bbox 251 3273 2337 3357; baseline -0.001 -21"><span class='ocrx_word' id='word_1_277' title='bbox 251 3285 309 3336; x_wconf 90' lang='lat' dir='ltr'>et</span> <span class='ocrx_word' id='word_1_278' title='bbox 350 3293 662 3357; x_wconf 90' lang='lat' dir='ltr'>perperam</span> <span class='ocrx_word' id='word_1_279' title='bbox 713 3278 900 3340; x_wconf 89' lang='lat' dir='ltr'>editos</span> <span class='ocrx_word' id='word_1_280' title='bbox 943 3296 1192 3356; x_wconf 87' lang='lat' dir='ltr'>census,</span> <span class='ocrx_word' id='word_1_281' title='bbox 1254 3277 1459 3357; x_wconf 89' lang='lat' dir='ltr'>quibus</span> <span class='ocrx_word' id='word_1_282' title='bbox 1513 3287 1723 3357; x_wconf 89' lang='lat' dir='ltr'>postea</span> <span class='ocrx_word' id='word_1_283' title='bbox 1777 3295 2135 3357; x_wconf 90' lang='lat' dir='ltr'>quacumque</span> <span class='ocrx_word' id='word_1_284' title='bbox 2190 3273 2337 3334; x_wconf 67' lang='lat' dir='ltr'>dest</span> 
     </span>
     <span class='ocr_line' id='line_1_37' title="bbox 250 3358 2263 3439; baseline -0.003 -17"><span class='ocrx_word' id='word_1_285' title='bbox 250 3377 424 3422; x_wconf 86' lang='lat' dir='ltr'>causa</span> <span class='ocrx_word' id='word_1_286' title='bbox 474 3360 776 3439; x_wconf 89' lang='lat' dir='ltr'>quicquam</span> <span class='ocrx_word' id='word_1_287' title='bbox 816 3363 1156 3423; x_wconf 90' lang='lat' dir='ltr'>incrementi</span> <span class='ocrx_word' id='word_1_288' title='bbox 1200 3363 1570 3423; x_wconf 88' lang='lat' dir='ltr'>accessisset.</span> <span class='ocrx_word' id='word_1_289' title='bbox 1659 3362 2023 3423; x_wconf 85' lang='lat' dir='ltr'>Testamenta</span> <span class='ocrx_word' id='word_1_290' title='bbox 2070 3358 2263 3438; x_wconf 90' lang='lat' dir='ltr'>primi-</span> 
     </span>
     <span class='ocr_line' id='line_1_38' title="bbox 248 3444 2263 3525; baseline -0.002 -20"><span class='ocrx_word' id='word_1_291' title='bbox 248 3444 548 3522; x_wconf 86' lang='lat' dir='ltr'>pilarium,</span> <span class='ocrx_word' id='word_1_292' title='bbox 591 3444 686 3521; x_wconf 91' lang='lat' dir='ltr'>qui</span> <span class='ocrx_word' id='word_1_293' title='bbox 735 3444 807 3505; x_wconf 91' lang='lat' dir='ltr'>ab</span> <span class='ocrx_word' id='word_1_294' title='bbox 841 3447 1000 3506; x_wconf 91' lang='lat' dir='ltr'>initio</span> <span class='ocrx_word' id='word_1_295' title='bbox 1033 3444 1230 3507; x_wconf 87' lang='lat' dir='ltr'>Tiberi</span> <span class='ocrx_word' id='word_1_296' title='bbox 1266 3447 1626 3525; x_wconf 85' lang='lat' dir='ltr'>principatus</span> <span class='ocrx_word' id='word_1_297' title='bbox 1660 3463 1851 3525; x_wconf 88' lang='lat' dir='ltr'>neque</span> <span class='ocrx_word' id='word_1_298' title='bbox 1883 3444 2042 3505; x_wconf 90' lang='lat' dir='ltr'>illum</span> <span class='ocrx_word' id='word_1_299' title='bbox 2072 3458 2263 3522; x_wconf 89' lang='lat' dir='ltr'>neque</span> 
     </span>
     <span class='ocr_line' id='line_1_39' title="bbox 232 3525 2261 3609; baseline 0 -25"><span class='ocrx_word' id='word_1_300' title='bbox 232 3543 316 3584; x_wconf 52' lang='lat' dir='ltr'>‘se</span> <span class='ocrx_word' id='word_1_301' title='bbox 344 3525 621 3586; x_wconf 91' lang='lat' dir='ltr'>heredem</span> <span class='ocrx_word' id='word_1_302' title='bbox 660 3526 1068 3609; x_wconf 88' lang='lat' dir='ltr'>reliquissent,</span> <span class='ocrx_word' id='word_1_303' title='bbox 1126 3539 1190 3591; x_wconf 94' lang='lat' dir='ltr'>ut</span> <span class='ocrx_word' id='word_1_304' title='bbox 1230 3530 1461 3607; x_wconf 86' lang='lat' dir='ltr'>ingrata</span> <span class='ocrx_word' id='word_1_305' title='bbox 1506 3529 1746 3591; x_wconf 91' lang='lat' dir='ltr'>rescidit</span> <span class='ocrx_word' id='word_1_306' title='bbox 1759 3552 1774 3600; x_wconf 89' lang='lat'>;</span> <span class='ocrx_word' id='word_1_307' title='bbox 1835 3531 1970 3589; x_wconf 92' lang='lat' dir='ltr'>item</span> <span class='ocrx_word' id='word_1_308' title='bbox 2032 3535 2261 3587; x_wconf 90' lang='lat' dir='ltr'>cetero·</span> 
     </span>
    </p>
   </div>
  </div>
 </body>
</html>
