2553 3960
352 165 474 228 286
903 177 963 225 c.
1009 176 1335 224 sumoun
1377 176 1802 236 TRANanm

492 332 573 382 Ad
600 333 840 381 amissam
870 332 983 382 libri
1008 332 1372 410 praefationem
1390 332 1635 413 pertinet·

485 390 913 479 Τράγκυλλος
941 388 1097 470 τούς
1124 396 1257 459 τῶν
1255 390 1644 496 Καισάρων
1669 400 1862 480 βίους
1882 394 1956 460 ἐν
1980 390 2370 492 γράμμασιν

353 475 689 546 ἀποτίνων
719 482 1085 581 Σεπτικίω,
1130 472 1201 554 ὃς
1238 466 1326 563 ἦν
1352 473 1647 584 ὕπαρχος
1675 481 1809 545 τῶν
1844 478 2367 578 πραιτωριανῶν

354 581 645 648 σπειρων
674 556 778 627 ἐπ’
817 544 1061 644 αὐτου,
1097 566 1528 665 πραίφεκτον
1545 557 1753 629 αυτὸν
1780 564 1914 629 τῶν
1953 584 2367 666 πραιτωρια·

352 649 491 714 νῶν
534 643 885 729 ταγμάτων
927 612 1061 711 καὶ
1083 642 1451 730 φαλάγγων
1490 639 1786 732 ἡγεμόνα
1817 669 2173 731 τυγχανειν
2202 648 2364 730 ἐδη·
2381 683 2407 723 ⁶

353 736 589 796 λωσεν.
658 732 931 796 Ioannes
976 732 1352 796 Laurentius
1389 733 1603 814 Istjdus
1648 736 1726 797 de
1766 739 2112 815 maqistrat.
2177 735 2357 797 Rom.

359 829 406 890 2,
451 828 486 881 6
511 838 574 898 p.
608 826 717 879 171
746 817 944 880 Borm,

491 904 571 953 Ad
602 903 919 968 deperditum
940 903 1056 954 Divi
1083 904 1195 955 Iulii
1219 904 1454 953 initium.
1441 918 1454 932 ·

480 973 787 1031 Suetonius
837 973 915 1031 ait
967 975 1036 1031 in
1079 974 1232 1032 vita
1284 970 1664 1052 Caesaris,
1717 991 1999 1053 responsa
2051 991 2186 1033 esse
2229 971 2364 1033 data

357 1073 461 1134 per
494 1064 671 1115 totum
701 1054 935 1132 orbem,
976 1060 1136 1117 nasei
1178 1057 1451 1116 invictum
1502 1058 1929 1136 imperatorem.
1983 1055 2244 1117 Servius
2274 1056 2366 1116 ad
2389 1080 2435 1121 ιο

365 1142 539 1217 Ver-9.
572 1135 725 1198 Aen.
763 1147 815 1208 6,
844 1146 968 1199 799.

488 1240 767 1303 eodemque
789 1240 988 1290 videtur
1016 1241 1296 1307 pertinere:

479 1324 741 1401 Καῖσαρ
786 1368 801 1384 .
899 1312 1065 1384 .τὸν
1105 1325 1479 1387 Κυντίλιον
1525 1323 1703 1406 μῆνα
1747 1315 1870 1425 τὴν
1910 1326 2367 1424 προςηγορίαν

353 1403 772 1506 μετέβαλε..
808 1396 966 1469 ,διὰ
1005 1396 1080 1468 τὸ
1124 1397 1336 1469 αυτὸν
1383 1405 1644 1470 ἐκεῖνον
1680 1430 1848 1472 κατα
1890 1398 2015 1490 τὴν
2045 1399 2175 1491 πρὸ
2203 1423 2368 1472 τεσ-

354 1483 582 1590 σάρων
633 1487 832 1551 εἰδῶν
881 1488 1006 1552 τοῦ
1055 1479 1262 1594 μηνὸς
1313 1483 1559 1555 τούτου
1597 1491 1932 1575 τεχθῆναι.
1991 1496 2255 1593 Καῖσαρ
2288 1487 2366 1555 δὲ
2388 1520 2434 1559 1⁵

355 1565 737 1671 ωνομάσθη
765 1594 848 1635 ου
885 1570 1113 1647 καθως
1141 1589 1351 1655 φασιν
1380 1574 1448 1638 οἱ
1472 1573 1742 1639 παλαιοὶ
1784 1575 1857 1640 ἐκ
1861 1575 2002 1676 ττῆς
2003 1568 2368 1677 ἀνατομῆς

353 1656 467 1738 τῆς
495 1648 781 1757 γαστρὸς
795 1648 1136 1757 Αὐρηλίας
1167 1658 1316 1765 τῆς
1311 1653 1523 1722 αὐτοῦ
1548 1653 1814 1741 μητρός,
1844 1644 1923 1742 ῆς
1947 1658 2161 1743 δῆθεν
2190 1652 2365 1724 άπο-

353 1734 699 1822 θανούσης
717 1734 1109 1841 ἐγκύμονος
1157 1734 1368 1806 αυτὸν
1405 1734 1900 1841 άνατμηθείσης
1941 1743 2199 1847 ἐκείνης
2242 1747 2364 1825 λη-

355 1815 1116 2014 {22232‘3222002‘3204‘22225
1150 1826 1326 1974 {35⁶0
1306 1819 1667 2012 Ϊὲύξῗῗὲ
1651 1821 2364 2014 ’ἰὶἷὲἵὲῗνσᾷῗῖζᾰξὲιῗ
2373 1932 2420 1973 20

355 1991 612 2074 λέγεται
654 1987 861 2056 Γάῖον
893 1985 1173 2059 Ἰούλιον
1218 1989 1374 2096 (πρό
1420 2018 1605 2070 ονος.
1618 1992 1691 2060 δὲ
1734 2018 1932 2070 ουτος
1961 1986 2239 2069 παλαιὸς
2271 1993 2360 2080 τῷ

355 2078 667 2172 Καίσαρι)
691 2073 765 2139 ἐν
800 2068 967 2163 αὐτῇ
995 2077 1075 2177 τῇ
1107 2018 1465 2181 παρατάξει
1508 2074 1888 2162 μαχόμενον
1915 2073 2246 2178 τοσαύτῃ
2234 2058 2361 2142 δυ-

355 2153 550 2255 νάμει
578 2157 952 2261 ἐπαφεῖναι
966 2155 1042 2225 τὸ
1083 2156 1251 2246 δόρυ
1296 2183 1464 2226 κατα
1493 2164 1616 2226 τοῦ
1654 2164 2136 2245 Μαυρουσίου,
2190 2155 2362 2224 ωστε

356 2236 475 2306 τὸν
524 2240 852 2343 ἐλέφαντα
897 2268 949 2309 ω
985 2243 1299 2326 ἐπωχεῖτο
1342 2237 1378 2309 6
1411 2244 1723 2330 πολέμιος
1764 2247 2192 2344 καταβαλεῖν,
2236 2237 2364 2307 κά-

358 2331 589 2390 κεῖθεν
617 2318 737 2409 τὴν
763 2314 1101 2428 Καίσαρος
1130 2328 1516 2411 ἐπωνυμίαν
1545 2332 1798 2412 λαβεῖν,
1831 2326 1970 2393 ἐπεὶ
1998 2319 2176 2408 παρὰ
2187 2330 2424 2391 Φοί-25

356 2400 591 2487 νιξιν’
560 2432 597 2473 ο
626 2407 864 2493 ἐλέφας
892 2405 967 2477 τὸ
991 2411 1159 2500 ζωον
1187 2423 1425 2495 καῖσαρ
1456 2411 1733 2497 λέγεται.
1786 2413 2058 2478 Ioannes
2078 2412 2361 2475 Lauren-

361 2497 481 2557 tius
515 2494 750 2575 Lydius
785 2500 862 2559 de
892 2481 1203 2561 mensibus
1237 2509 1278 2560 4
1297 2519 1359 2579 p.
1390 2508 1465 2561 95
1493 2500 1692 2563 Bonn.

499 2597 598 2647 Sed
622 2599 753 2649 male
781 2616 807 2650 e
830 2601 971 2650 libris
1001 2601 1066 2651 de
1091 2601 1195 2650 vita
1217 2601 1490 2652 Caesarum
1516 2600 1822 2650 afferuntur·

484 2665 745 2727 Adulans
790 2668 1038 2747 populus
1069 2669 1362 2729 Romanus
1407 2667 1725 2728 Octaviano
1771 2668 1877 2726 tria
1923 2667 1977 2726 ei
2016 2663 2226 2724 obtulit
2259 2682 2361 2725 no-

359 2752 546 2826 mina,
587 2760 771 2810 utrum
807 2752 987 2812 vellet
1033 2753 1305 2828 Quirinus
1349 2771 1420 2813 an
1446 2751 1665 2812 Caesar
1705 2769 1777 2811 an
1806 2750 2105 2827 Augustus
2131 2751 2420 2808 vocar-iao

357 2833 504 2910 Ille,
551 2852 626 2894 ne
663 2853 829 2894 unum
871 2836 1145 2914 eligendo
1197 2845 1420 2915 partem
1461 2834 1722 2896 laederet
1766 2852 1917 2914 quae
1961 2832 2112 2893 aliud
2146 2832 2362 2892 offerre

362 2918 665 2995 cupiebat,
713 2918 949 2980 diverso
981 2930 1246 2999 tempore
1289 2919 1550 2981 omnibus
1580 2938 1715 2978 usus
1748 2928 1868 2996 est,
1911 2926 1970 2977 et
2002 2918 2187 2995 primo
2227 2916 2361 2991 Qui-

361 3002 519 3061 rinus
550 3002 738 3063 dietus
777 3012 893 3080 est,
928 3005 1060 3064 inde
1092 3003 1344 3082 Caesar,
1376 3013 1433 3063 et
1461 3011 1632 3082 post,
1664 3002 1818 3081 quod
1850 3011 1910 3062 et
1936 2999 2212 3077 obtinuit,
2245 2999 2360 3059 Au·

362 3095 598 3163 gustus,
646 3091 796 3147 sieut
844 3089 1154 3148 Suetonius
1194 3088 1425 3166 probat.
1485 3085 1743 3147 Servius
1787 3086 1875 3146 ad
1908 3084 2084 3164 Ver-9.
2117 3082 2271 3145 Aen.
2308 3091 2357 3157 1,

364 3173 493 3226 292.
559 3133 637 3231 t’Jt
683 3172 852 3231 etiam
889 3173 944 3230 in
976 3173 1162 3250 primo
1190 3170 1489 3232 Aeneidos
1530 3170 1807 3243 diximus,
1846 3170 2157 3229 Suetonius
2180 3167 2357 3228 Tran-
2374 3189 2421 3230 ³⁵

364 3249 575 3325 quillus
597 3252 713 3313 hoc
750 3255 822 3314 de
856 3253 1123 3332 Augusto
1170 3262 1607 3331 commemorat,
1650 3251 1897 3332 quodam
1944 3260 2211 3329 tempore
2239 3260 2360 3311 tres

365 3340 561 3407 partes
612 3337 810 3411 populi
866 3341 1270 3399 consentiente
1313 3348 1513 3399 senatu
1555 3337 1836 3397 obtulisse
1884 3336 1937 3395 ei
1980 3336 2088 3395 tria
2132 3335 2361 3394 nomina

368 3412 620 3492 Quirini,
668 3417 951 3499 Augusti,
998 3421 1289 3484 Caesaris.
1341 3422 1451 3483 Ille
1491 3439 1563 3481 ne
1592 3438 1759 3481 unum
1792 3418 2066 3501 eligendo
2097 3419 2241 3479 alias
2268 3419 2361 3480 of-
