2553 3960
476 229 646 276 XXIV
1163 227 1576 276 PRAEFATIO.

488 388 610 443 dem
651 386 920 443 librorum
966 385 1285 444 discrimina
1337 392 1469 458 quot
1516 393 1822 459 temporum
1863 387 2101 442 decursu
2153 387 2296 444 sacta

486 477 645 541 sunt,
684 477 740 526 at
776 470 969 525 eadem
998 476 1153 525 certe
1182 486 1393 540 genera
1429 485 1495 525 ac
1527 470 1788 527 familiae.

163 560 317 608 codex
333 559 471 624 Meui-
614 554 674 609 In
712 552 935 625 optimis
977 559 1034 609 et
1072 552 1476 624 antiquissimis
1512 553 1801 612 codicibus
1845 559 1976 626 post
2016 553 2297 610 Memmia-

162 622 264 654 ’ω
314 617 467 654 'mm'
488 654 614 694 num
670 637 793 692 iure
847 642 1106 692 censetur
1160 636 1510 693 Florentinus
1566 636 1939 693 Medicens
1999 637 2173 708 plutei
2229 643 2301 697 68

487 736 714 777 numero
747 725 780 780 7
820 714 940 791 (ap.
972 719 1326 776 montfaucon
1362 714 1458 792 10)
1502 719 1663 776 Sacc.
1695 719 1788 776 ΧΙ.
1839 720 1985 776 binis
2023 720 2297 776 columnis

485 805 748 877 scriptus.
838 803 1081 859 Tertium
1125 803 1296 873 vulgo
1354 803 1634 859 nominant
1685 798 2146 877 Mediceorum¹²)
2197 818 2300 859 eo-

487 904 636 958 rum,
685 903 824 958 quos
871 886 1106 943 lacobus
1144 884 1417 941 Friderici
1468 886 1507 941 f.
1543 886 1856 942 Gronovius
1908 887 1978 942 ad
2018 886 2298 956 margines

487 969 792 1043 Gryphiani
824 969 1064 1041 exempli
1107 986 1157 1025 a.
1190 973 1329 1028 1544
1357 968 1492 1025 editi
1526 970 1762 1026 collatos
1793 969 2152 1041 possidebat,
2196 969 2299 1024 sed

486 1054 669 1125 aliqua
699 1052 1042 1109 conscientia
1070 1051 1431 1124 praepeditus
1468 1068 1649 1123 neque
1680 1053 1803 1124 ipse
1833 1052 1889 1107 in
1918 1069 2016 1109 sua
2050 1051 2298 1108 editione

487 1136 738 1192 adhibuit
766 1152 947 1207 neque
978 1135 1105 1191 aliis
1148 1135 1384 1191 utendos
1413 1135 1694 1207 permisit;
1744 1136 1923 1191 donec
1950 1134 2298 1192 Abrahamns

488 1219 801 1275 Gronovius
831 1224 990 1290 patre
1023 1234 1125 1275 suo
1156 1225 1372 1273 mortuo
1408 1235 1505 1274 eas
1535 1219 1727 1290 copias
1753 1218 2151 1291 Oudendorpio
2180 1224 2298 1273 tra-

484 1302 641 1359 didit.
731 1300 850 1358 Non
891 1303 1033 1357 male
1073 1301 1264 1357 collati
1316 1318 1443 1358 esse
1487 1302 1778 1372 videntur,
1832 1302 1936 1358 sed
1976 1302 2296 1373 frequenter

484 1383 697 1442 numeri
736 1385 934 1457 quibus
980 1384 1396 1455 distinguuntur
1445 1393 1493 1444 1.
1541 1391 1593 1442 2.
1626 1391 1673 1445 3‘.
1721 1385 1915 1441 nescio
1965 1385 2123 1442 cuius
2155 1383 2296 1441 vitio

484 1469 702 1526 confusi
748 1474 911 1538 sunt,
956 1484 1062 1538 qua
1106 1485 1168 1523 re
1214 1484 1404 1524 eorum
1452 1469 1722 1525 librorum
1768 1469 2071 1525 auctoritas
2117 1468 2296 1523 minus

484 1558 638 1609 certa
685 1553 791 1608 fide
836 1552 1047 1607 nititur.
1137 1551 1309 1607 Huius
1356 1551 1529 1622 igitur
1561 1552 1709 1608 tertii
1751 1552 2145 1624 praestantiam
2189 1551 2294 1606 iam

483 1636 789 1693 Politianus
838 1641 1185 1706 cognoverat
1235 1626 1476 1707 ideoque
1521 1636 1828 1693 contuierat
1872 1652 1922 1690 a.
1969 1640 2134 1700 14803
2168 1651 2295 1691 nam

484 1720 534 1775 is
564 1719 916 1775 Florentinns
960 1719 1141 1775 codex
1182 1735 1253 1774 ex
1287 1720 1349 1773 D.
1383 1719 1553 1775 Marci
1588 1719 1929 1775 bibliotheca
1964 1734 2126 1790 quem
2161 1734 2293 1774 con-

484 1802 682 1858 tulisse
713 1818 776 1858 se
811 1802 889 1857 ait
919 1818 1028 1858 non
1061 1802 1202 1858 alius
1235 1802 1336 1858 fuit
1366 1807 1530 1874 atque
1561 1802 1844 1859 Medicens
1867 1808 1921 1872 3,
1956 1802 2015 1858 id
2045 1802 2193 1873 quod
2224 1817 2296 1862 ex

483 1884 637 1942 vitiis
677 1885 761 1940 ini
805 1885 1052 1957 propriis
1087 1884 1448 1955 intelligitur3
1487 1887 1660 1942 verba
1702 1902 1757 1957 p.
1793 1892 1926 1955 129,
1970 1892 2032 1944 21
2081 1891 2141 1941 ut
2177 1886 2295 1957 qui-

483 1969 611 2025 dam
632 1974 840 2042 putant
847 1991 868 2031 ,-
906 1987 957 2041 p.
982 1974 1105 2040 249,
1141 1973 1172 2029 7
1204 1970 1325 2025 illos
1352 1969 1458 2025 sibi
1483 1969 1814 2033 reddidisoe5
1839 1987 1896 2041 p.
1928 1975 2053 2040 250,
2082 1975 2151 2028 22
2179 1972 2294 2025 ius-

481 2059 634 2110 serat
661 2054 863 2109 deesse
884 2053 1189 2110 Politianus
1220 2059 1276 2109 et
1308 2051 1623 2110 Gronovius
1654 2052 2020 2125 prodiderunt
2051 2054 2182 2110 soli.
2241 2052 2294 2108 ls

484 2137 657 2208 igitur
689 2137 836 2192 liber
872 2138 941 2193 ad
972 2131 1353 2192 Memmianum
1382 2130 1718 2210 proxime¹⁸)
1759 2136 1980 2192 accedit
2024 2153 2090 2193 ac
2120 2152 2289 2208 saepe

478 2222 632 2277 solus
668 2237 789 2276 cum
831 2236 899 2277 eo
942 2220 1034 2276 vel
1084 2226 1238 2276 recta
1282 2220 1529 2276 servavit
1561 2220 1650 2276 vel
1696 2226 1993 2292 corruptus
2028 2227 2144 2292 est,
2192 2220 2314 2275 cfr.

478 2322 534 2376 p.
565 2310 629 2363 21
650 2345 667 2374 ,
696 2310 766 2364 30
793 2310 846 2360 et
876 2306 931 2360 vi
956 2303 1244 2360 Nicomedi
1266 2303 1565 2375 scriptum3
1600 2320 1653 2376 p.
1682 2308 1786 2374 32,
1816 2309 1885 2363 26
1918 2309 1973 2359 et
2001 2308 2104 2373 76,
2142 2309 2206 2361 12
2238 2309 2292 2358 et

477 2393 566 2458 92,
600 2394 666 2447 31
702 2387 855 2444 libris
886 2393 944 2443 et
969 2389 1240 2459 ingenium
1272 2393 1329 2442 et
1360 2388 1477 2442 eius
1505 2387 1729 2444 omissa.
1820 2388 1932 2443 Sed
1962 2388 2134 2443 multo
2165 2403 2293 2443 sae-

477 2471 602 2542 pius
635 2488 666 2527 a
689 2471 1014 2527 Memmiano
1043 2470 1312 2527 desciscit
1343 2476 1399 2525 et
1427 2471 1496 2526 ad
1522 2471 1755 2527 alterum
1786 2487 1988 2541 genus,
2023 2470 2181 2526 cuius
2207 2475 2292 2525 est

163 2573 344 2619 eiusque
365 2554 845 2611 affi-Medicens
880 2554 1183 2626 primus,
1230 2552 1498 2624 deflectit,
1529 2560 1590 2609 ut
1622 2554 1713 2610 vel
1745 2570 1869 2610 cum
1902 2570 1970 2610 eo
2001 2554 2124 2609 solo
2154 2569 2290 2624 pec-

262 2627 358 2659 ’Μ’
479 2643 600 2708 cet,
646 2644 706 2694 ut
735 2655 785 2709 p.
822 2645 920 2707 19,
948 2643 1017 2698 36
1050 2640 1107 2692 in
1139 2638 1253 2692 dies
1289 2641 1345 2691 et
1376 2654 1430 2708 p.
1464 2642 1587 2707 104,
1621 2642 1689 2696 14
1716 2654 1975 2711 umquam
2006 2635 2284 2704 omittenS,

479 2722 570 2777 vel
603 2738 723 2777 cum
756 2720 1104 2777 multitudine
1135 2720 1477 2776 deteriorum
1514 2720 1782 2778 librorum
1814 2721 2066 2777 Mediceo
2111 2718 2290 2792 primo

482 2804 726 2860 affinium
787 2805 978 2861 eadem
1039 2804 1360 2875 corruptela
1421 2804 1680 2860 laboret:
1763 2805 2292 2861 Tornacensem

619 2982 714 3048 12)
750 2983 943 3034 Novem
964 2983 1191 3034 Suetonii
1217 2998 1361 3032 exem
1401 2983 1450 3034 la
1474 2983 1699 3035 Medicea
1723 2989 2018 3033 enumerant
2045 2989 2095 3031 et
2125 2982 2292 3033 Mont-

482 3049 665 3102 faucon
702 3060 751 3102 et
787 3052 1017 3113 Bandini,
1053 3051 1181 3117 plut.
1220 3050 1308 3110 64,
1391 3053 1500 3104 -9.
1534 3052 1619 3114 66,
1655 3050 1738 3103 39.
1772 3050 1857 3111 68,
1889 3049 1920 3099 7
1957 3049 2166 3116 (Montf.
2199 3049 2291 3116 10)

481 3118 721 3185 pleraque
756 3135 890 3171 saec.
923 3119 1037 3170 XV.

621 3201 710 3265 13)
743 3204 843 3254 Eos
879 3204 993 3255 dico
1031 3204 1116 3267 qui
1151 3212 1441 3255 constanter
1474 3204 1747 3270 comparati
1782 3212 1915 3254 sunt.
1993 3203 2121 3253 Nam
2146 3203 2289 3253 Pari-

480 3270 646 3321 sinum
678 3272 817 3325 5804
853 3287 986 3324 saec.
1017 3270 1130 3323 XV.
1163 3273 1349 3337 ubique
1385 3272 1493 3323 fere
1528 3288 1640 3323 cum
1668 3272 1970 3323 Memmiano
1999 3271 2166 3323 facere
2198 3272 2288 3320 de-

480 3338 742 3404 prehendi.
814 3340 956 3391 Certe
991 3340 1334 3392 Parisinorum
1371 3342 1511 3392 solus
1547 3356 1659 3391 cnm
1705 3341 2006 3392 Memmiano
2053 3357 2105 3406 p.
2146 3338 2205 3400 3,
2252 3338 2291 3390 8

481 3406 675 3456 Annum
705 3423 863 3472 agens
889 3417 1109 3470 sexeum
1144 3425 1196 3476 p.
1227 3410 1315 3472 53,
1350 3410 1382 3462 3
1419 3412 1635 3473 exempli
1666 3412 1717 3461 t'n
1743 3413 2043 3474 perniciem:
2080 3425 2130 3476 p.
2171 3406 2269 3460 107

488 3473 550 3524 18
584 3489 692 3525 eam
716 3481 924 3540 amplius
950 3478 1190 3546 scriptum
1225 3478 1394 3531 habet.
