2553 3960
258 392 322 447 21

349 218 465 282 128
548 231 609 279 o.
635 230 933 279 sumom
956 230 1211 288 TRANQ.
1241 231 1337 278 m:
1362 231 1528 279 vrrs
1557 205 1925 280 cAE'sAmm
1965 230 2102 278 ms.
2128 232 2258 279 1111.

470 385 665 465 Opera
710 385 815 445 sub
845 384 1083 446 Tiberio
1117 385 1563 463 semiperfecta,
1603 384 1876 464 templum
1905 383 2158 462 Augusti
2185 384 2346 447 thea-

304 469 308 474 ’
343 479 608 548 trumque
639 469 908 547 Pompei,
954 467 1222 529 absolvit.
1309 468 1612 528 Inchoavit
1648 478 1837 529 autem
1887 485 2072 547 aquae
2114 467 2344 529 ductum

341 555 587 631 regione
636 553 858 613 Tiburti
917 561 976 612 et
1036 551 1509 630 amphitheatrum
1565 554 1721 613 iuxta
1784 552 2032 629 Saepta,
2102 553 2341 631 quorum

254 701 257 702 γ
342 655 584 716 operum
612 654 644 696 a
676 652 1022 698 successore
1071 638 1194 694 eius
1228 634 1468 695 Claudio
1515 636 1752 696 alterum
1791 644 2119 715 peractum,
2173 638 2339 696 omis·

343 739 466 780 sum
497 711 736 781 alterum
773 728 879 780 est.
960 720 1263 793 Syracusis
1308 720 1589 798 conlapsa
1618 727 1903 779 vetustate
1944 719 2167 779 moenia
2200 720 2380 781 deo-5

340 822 579 883 rumque
639 804 816 864 aedes
865 803 1145 862 refectae.
1238 801 1645 863 Destinaverat
1702 812 1760 862 et
1815 803 1967 862 Sami
2017 802 2341 878 Polycratis

338 890 564 965 regiam
616 890 958 964 restituere,
996 886 1176 947 Mileti
1214 885 1551 962 Didymeum
1592 903 1915 965 peragere,
1966 888 2022 944 in
2063 888 2198 963 iugo
2239 884 2338 945 Al-

342 973 496 1051 pium
534 971 734 1031 urbem
777 969 1064 1047 condere,
1121 970 1225 1029 sed
1267 979 1399 1030 ante
1458 972 1645 1031 omnia
1703 968 1973 1030 Isthmum
2024 971 2079 1027 in
2119 970 2340 1029 Achaia

342 1055 690 1134 perfodere,
739 1056 1087 1133 miseratque
1130 1054 1238 1113 iam
1288 1052 1358 1113 ad
1400 1053 1799 1114 dimetiendum
1839 1070 1987 1132 opus
2029 1052 2337 1132 primipila-

256 1145 484 1199 mrem.
549 1136 839 1197 Hactenus
883 1139 1045 1217 quasi
1103 1136 1175 1197 de
1230 1137 1523 1216 principe;
1582 1138 1804 1218 reliqua
1861 1146 1921 1196 ut
1970 1135 2043 1196 de
2079 1145 2335 1196 monstro
2358 1157 2410 1199 ιο

340 1220 624 1281 narranda
654 1229 801 1280 sunt.

472 1302 878 1383 Compluribus
926 1304 1362 1380 cognominibus
1404 1303 1716 1383 adsumptis
1772 1306 1932 1384 (nam
1967 1312 2023 1363 et
2067 1305 2234 1383 pius
2281 1310 2339 1362 et

342 1398 754 1449 castrorum
798 1386 1020 1447 filius
1063 1397 1123 1447 et
1165 1396 1380 1465 pater
1425 1390 1892 1448 exercituum
1936 1396 1996 1446 et
2028 1388 2338 1466 optimus

337 1474 685 1532 maximus
730 1470 1007 1531 Caesar
1054 1470 1403 1549 vocabatur)
1465 1488 1591 1531 cum
1649 1470 1871 1531 audiret
1918 1471 2074 1530 forte
2134 1487 2333 1547 reges,

340 1558 435 1635 qui
467 1555 645 1616 officii
678 1573 849 1616 causa
894 1556 950 1613 in
987 1554 1186 1614 urbem
1227 1554 1608 1633 advenerant,
1655 1556 2044 1615 concertantis
2078 1572 2111 1613 a
2155 1553 2231 1613 ud
2269 1571 2334 1613 se
2356 1572 2407 1613 ιε

338 1657 514 1718 super
547 1657 781 1699 caenam
823 1638 896 1699 de
931 1637 1226 1699 nobilitate
1269 1640 1541 1715 generis,
1590 1639 1969 1699 exclamavit:
2026 1638 2090 1697 E
2114 1656 2146 1708 ς
2185 1636 2335 1697 κοί-

335 1742 542 1802 ρανος
582 1721 780 1799 ἔστω,
831 1710 922 1793 εἷς
953 1713 1305 1801 βασιλεύς]
1360 1740 1471 1781 nec
1510 1721 1741 1782 multum
1783 1722 1921 1783 afuit
1964 1722 2096 1801 quin
2147 1721 2334 1780 statim

334 1805 596 1866 diadema
639 1814 889 1866 sumeret
936 1808 1309 1885 speciemque
1361 1807 1717 1884 principatus
1767 1808 1824 1864 in
1882 1806 2052 1883 regui
2092 1804 2333 1864 formam

340 1897 731 1950 converteret.
799 1891 1014 1950 Verum
1062 1889 1411 1965 admonitus,
1458 1898 1517 1949 et
1560 1891 1881 1968 principum
1921 1898 1980 1949 et
2020 1906 2223 1964 regum
2267 1906 2331 1947 se

336 1974 669 2034 excessisse
717 1972 1040 2050 fastigium,
1106 1973 1351 2033 divinam
1408 1992 1482 2034 ex
1529 1991 1603 2034 eo
1654 1975 2008 2034 maiestatem
2062 1990 2329 2034 asserere
2348 1993 2403 2037 20

336 2057 447 2117 sibi
501 2059 728 2136 coepit;
792 2057 1041 2135 datoque
1100 2060 1340 2134 negotio
1397 2067 1459 2117 ut
1513 2058 1816 2119 simulacra
1867 2059 2149 2117 numinum
2199 2055 2330 2115 reli·

334 2143 512 2216 gione
556 2149 615 2199 et
658 2148 781 2199 arte
825 2140 1160 2217 praeclara,
1221 2142 1371 2200 inter
1413 2159 1560 2220 quae
1602 2141 1830 2220 Olympi
1867 2140 2056 2218 IoviS,
2118 2156 2329 2218 appor-

333 2231 589 2282 tarentur
623 2241 655 2281 e
690 2223 962 2299 Graecia,
1021 2223 1227 2301 quibus
1269 2227 1461 2303 capite
1501 2226 1735 2304 dempto
1784 2243 1944 2285 suum
1983 2227 2342 2302 imponeret,-

218 2366 224 2371 ,
336 2314 557 2384 partem
586 2304 789 2365 Palatii
820 2305 890 2366 ad
931 2307 1118 2366 forum
1154 2325 1336 2386 usque
1380 2310 1701 2387 promovit,
1745 2317 1917 2388 atque
1949 2306 2096 2368 aede
2127 2304 2328 2367 Casto-

331 2391 412 2448 ris
445 2397 503 2448 et
537 2388 789 2449 Pollucis
818 2391 876 2448 in
907 2390 1251 2450 vestibulum
1284 2393 1719 2470 transfigurata,
1777 2393 2102 2452 consistens
2149 2406 2400 2468 saepesc

331 2473 481 2531 inter
519 2472 729 2533 fratres
769 2472 945 2552 deos,
1004 2475 1250 2546 medium
1297 2475 1643 2536 adorandum
1685 2494 1750 2535 se
1793 2474 2128 2535 adeuntibus
2170 2474 2328 2533 exhi·

332 2555 537 2626 bebat;
614 2565 671 2616 et
714 2557 942 2635 quidam
984 2576 1110 2618 eum
1161 2559 1527 2618 Latiarem
1580 2558 1825 2619 Iovem
1882 2558 2328 2619 consalutarunt.

332 2639 632 2719 Templum
674 2642 843 2702 etiam
885 2644 1095 2701 numiui
1141 2658 1245 2701 suo
1303 2645 1599 2722 proprium
1640 2652 1699 2702 et
1750 2643 2090 2703 sacerdotes
2129 2651 2191 2701 et
2229 2659 2327 2700 ex.-

333 2726 780 2801 cogitatissimas
827 2725 1047 2786 hostias
1081 2727 1338 2785 instituit.
1425 2725 1490 2785 In
1533 2726 1750 2805 templo
1799 2726 2160 2786 simulacrum
2216 2733 2327 2784 sta·

330 2807 429 2867 bat
471 2826 702 2868 aureum
748 2809 1062 2886 iconicum,
1126 2809 1612 2888 amiciebaturque
1658 2809 1869 2870 cotidie
1912 2818 2112 2886 veste,
2174 2808 2398 2888 qualico

328 2893 458 2969 ipse
502 2900 779 2951 uteretur.
867 2891 1200 2969 Magisteria
1258 2892 1569 2953 sacerdotii
1610 2893 1919 2953 ditissimus
1967 2894 2213 2972 quisque
2271 2900 2330 2951 et

329 2974 637 3035 ambitione
683 2983 742 3034 et
781 2975 1098 3036 licitatione
1143 2977 1386 3037 maxima
1429 2976 1652 3036 vicibus
1705 2977 2133 3056 comparabant.
2210 2976 2327 3035 Ho-

329 3059 475 3117 stiae
509 3068 673 3120 erant
715 3058 1195 3138 phoenicopteri,
1260 3078 1551 3140 pavones,
1603 3069 1927 3138 tetraones,
1985 3058 2327 3136 numidicae,

328 3138 744 3220 meleagrides,
808 3142 1152 3222 phasianae,
1199 3161 1347 3222 quae
1382 3144 1699 3221 generatim
1747 3162 1854 3223 per
1894 3143 2157 3222 singulos
2200 3143 2327 3202 dies

327 3220 772 3285 immolarentur.
858 3226 935 3287 Et
989 3226 1256 3286 noctibus
1318 3228 1544 3306 quidem
1601 3228 1829 3306 plenam
1890 3228 2398 3305 fulgentemque&

326 3300 513 3361 lunam
556 3306 828 3369 invitabat
866 3308 1094 3370 assidue
1136 3310 1193 3369 in
1239 3311 1538 3390 amplexus
1587 3319 1757 3391 atque
1803 3311 2197 3388 concubitum,
2241 3311 2326 3370 iu-

326 3384 511 3444 terdiu
538 3404 683 3448 vero
717 3409 843 3451 cum
873 3390 1201 3472 Capitolino
1242 3395 1384 3455 Iove
1429 3402 1660 3455 secreto
1706 3395 2097 3470 fabulabatur,
2150 3393 2325 3454 modo

325 3467 687 3528 insusurrans
718 3490 789 3531 ac
826 3475 1115 3553 praebens
1145 3479 1201 3536 in
1241 3481 1427 3538 vicem
1473 3495 1700 3555 aurem,
1758 3478 1929 3540 modo
1963 3478 2175 3539 clarius
2209 3494 2327 3538 nec
