2553 3960
317 221 440 281 304
881 231 939 277 c.
987 231 1316 279 summm
1354 230 1787 291 TRANQmLm

320 389 470 450 enim
500 386 868 466 Tranquillus
899 385 1307 464 praeverbium
1354 393 1514 464 putat
1547 384 1660 445 dici
1710 384 1933 445 debere
1979 384 2135 464 quod
2178 394 2343 462 ante,

320 472 416 532 vel
470 470 809 532 adverbium
854 469 1010 548 quod
1051 479 1186 548 post
1225 468 1467 530 verbum
1510 468 1967 549 appellationem
2017 468 2189 528 etiam
2232 487 2345 529 no-

319 573 567 634 menque
599 562 865 632 ponatur.
892 551 1096 614 Iulius
1111 554 1434 615 Romanus
1464 552 1641 632 apud
1670 552 2027 614 Charisium
2047 571 2113 631 p.
2136 560 2253 613 175
2266 552 2342 613 Ρ.

447 640 568 702 Isto
604 638 797 718 vilius]
843 638 975 698 Rex
1027 640 1124 716 qui
1170 637 1423 699 vocabat
1468 638 1538 698 ad
1583 655 1850 715 caenam,
1898 639 1948 697 si
1992 637 2103 698 sibi
2134 654 2208 696 ea
2237 656 2346 698 res

321 723 649 788 exbibenda
691 723 1041 783 indiceretur
1070 740 1239 801 quam
1271 721 1553 782 exhibere
1584 739 1699 781 non
1742 730 1976 800 posset,
2007 721 2343 799 respondit,
2371 751 2395 791 5

321 822 380 872 ut
411 806 775 888 Tranquillus
823 806 1036 867 refert:
1094 809 1207 866 isto
1237 806 1410 866 vilius
1442 805 1686 866 hominis
1718 808 1830 867 erit
1870 824 2070 866 caena.
2133 803 2348 866 Iulius

322 896 642 959 Romanus
671 891 845 971 apud
874 891 1228 953 Chat-isium
1247 908 1313 969 p.
1347 898 1460 952 180
1490 888 1559 950 Ρ.

454 979 627 1029 Potest
649 975 733 1027 hic
757 977 933 1028 titulus
950 1015 964 1038 ‚
1018 976 1104 1041 qui
1130 984 1208 1028 est
1232 977 1298 1027 de
1324 975 1494 1026 Rebus
1526 977 1698 1038 variis,
1744 991 1859 1025 cum
1885 977 2198 1040 insequenti,
2251 976 2347 1039 qui

320 1056 398 1100 est
426 1048 635 1099 Pratum
657 1045 768 1097 sive
789 1047 967 1107 Prata,
998 1046 1067 1095 ita
1092 1046 1253 1096 videri
1282 1046 1579 1094 coniunctus
1604 1043 1794 1107 fuisse,
1819 1053 1875 1095 ut
1898 1046 2198 1111 inscriptum
2224 1042 2346 1093 fue·

319 1119 409 1168 rit:
450 1116 504 1167 C.
541 1113 751 1165 Suetoni
775 1114 1054 1176 Tranquilli
1089 1114 1297 1164 Pratum
1331 1114 1440 1163 sive
1475 1114 1538 1163 de
1575 1113 1744 1163 Rebus
1780 1114 1937 1164 variis
1972 1114 2129 1164 libri.
2155 1150 2169 1163 .
2199 1150 2212 1163 .
2239 1113 2416 1173 Ta-10

319 1200 435 1236 men
460 1184 617 1235 tutius
642 1183 768 1232 duxi
793 1183 1064 1249 separatim
1089 1197 1296 1248 ponere.

446 1249 601 1313 XVI.
666 1248 812 1323 Quia
870 1251 1087 1309 variam
1138 1260 1196 1311 et
1240 1249 1564 1309 miscellam
1612 1259 1669 1310 et
1714 1251 1877 1329 quasi
1926 1250 2347 1310 confusaneam
2385 1282 2402 1296 ·

322 1337 639 1399 doctrinam
670 1334 1175 1413 conquisiverant‚
1209 1335 1295 1394 eo'
1315 1334 1513 1395 titulos
1545 1352 1780 1413 quoque
1825 1335 1897 1394 ad
1940 1352 2067 1394 eam
2100 1343 2342 1394 senten·

322 1424 456 1483 tiam
488 1419 973 1498 exquisitissimos
1003 1418 1347 1478 indiderunt.
1380 1416 1641 1495 Namque
1674 1418 1770 1479 alii
1801 1416 2090 1478 Musarum
2134 1420 2346 1479 inscri-

322 1513 566 1587 pserunt
596 1547 611 1561 .
648 1546 661 1560 .
698 1548 712 1563 .
746 1503 950 1581 partim
986 1498 1335 1582 Λειμῶνας
1366 1547 1380 1560 .
1415 1546 1429 1559 .
1465 1548 1479 1561 .
1526 1501 1634 1562 Est
1676 1511 1986 1582 psaeterea
2036 1503 2131 1582 qui
2182 1502 2414 1568 Fra-1⁵

322 1601 481 1651 tum.
522 1586 757 1648 Gellius·
780 1585 1181 1666 praefatione
1212 1596 1250 1647 5
1261 1593 1419 1646 -8.
1456 1585 1536 1665 cf.
1570 1604 1770 1666 supra
1792 1604 1859 1666 p.
1895 1594 2025 1662 294,
2067 1595 2162 1649 26.
2221 1586 2347 1648 Pli-

322 1674 467 1736 nius
493 1678 623 1734 nat.
657 1670 798 1732 hist.
824 1669 1229 1751 praefatione
1261 1678 1354 1731 23.
1411 1669 1649 1731 Suidas
1678 1690 1729 1731 s,
1762 1689 1820 1731 v.
1854 1662 2236 1751 Πάμφιλος.

453 1757 632 1834 Signa
692 1764 881 1815 autem
938 1763 1345 1836 tempestatum
1407 1754 1810 1834 navigantibus
1856 1754 2226 1834 Tranquillus
2288 1757 2345 1815 in

324 1842 566 1903 Pratis
596 1840 683 1900 sic
700 1838 1122 1900 dicitzlliutatio
1152 1840 1517 1918 tempestatis
1545 1839 1942 1919 exspectanda
1966 1842 2136 1901 estin
2166 1858 2342 1919 aspe-

322 1926 477 2003 rius,
531 1941 658 1985 cum
682 1925 755 1995 ,in
795 1932 1074 1985 nocturna
1122 1924 1493 2002 navigatione
1539 1923 1812 1986 scintillat
1843 1925 1915 1986 ad
1955 1942 2149 1987 remos
2184 1934 2242 1986 et
2271 1925 2341 1986 ad
2358 1947 2410 1989 20

325 2008 720 2089 gubernacula
750 2027 918 2087 aqua.
979 2008 1044 2069 In
1075 2018 1326 2069 austrum
1374 2009 1531 2069 venti
1575 2011 1812 2070 mutatio
1844 2019 1965 2086 est,
2020 2028 2147 2071 cum
2189 2010 2341 2071 lulli-

323 2097 492 2173 gines
548 2092 919 2153 irundinesve
954 2094 1188 2170 volant,
1237 2102 1334 2153 aut
1366 2112 1492 2153 cum
1534 2093 1730 2154 delfini
1780 2103 1937 2155 totos
1989 2114 2054 2154 se
2097 2093 2345 2155 saltibus

327 2176 636 2239 ostendunt
667 2184 763 2236 aut
795 2176 992 2238 caudis
1023 2195 1227 2256 aquam
1260 2178 1501 2247 feriunt;
1543 2196 1672 2238 nam
1705 2197 1941 2257 semper
1968 2189 2174 2240 ventus
2205 2180 2346 2240 inde

328 2263 541 2337 oritur,
575 2277 689 2339 quo
719 2260 804 2320 illi
835 2261 1113 2322 feruntur.
1176 2260 1303 2321 Nec
1332 2263 1532 2321 mirum
1565 2270 1656 2322 est
1695 2271 1846 2324 muta
1884 2263 2147 2324 animalia
2196 2265 2342 2325 divi-

326 2362 466 2406 nare
500 2343 606 2404 sub
637 2347 899 2423 gurgite:
931 2364 1168 2424 semper
1199 2347 1349 2405 euim
1400 2347 1727 2424 incipientis
1760 2365 1936 2407 aurae
1968 2358 2122 2408 motu
2149 2363 2408 2426 aquaeaa

328 2429 699 2506 inclinantur,
747 2447 915 2508 quam
947 2432 1424 2509 permutationem
1456 2431 1629 2491 maris
1672 2432 1838 2510 primi
1866 2432 2136 2492 undarum
2172 2433 2339 2491 inco·

328 2514 420 2576 lae
446 2514 712 2574 sentiunt.
780 2513 984 2594 Itaque
1021 2522 1267 2593 propter
1298 2515 1571 2592 impetum
1601 2524 1887 2594 pugnant,
1921 2518 2047 2577 sive
2081 2524 2234 2576 metu
2266 2534 2344 2574 ne

329 2598 663 2660 deferantur
699 2599 756 2657 in
790 2598 990 2677 litora,
1023 2599 1147 2658 sive
1180 2607 1382 2659 natura
1409 2617 1482 2658 ne
1514 2616 1850 2659 aversorum
1892 2602 2155 2660 cervices
2188 2601 2344 2661 unda

328 2683 693 2763 praecipitet.
757 2680 1042 2761 Numquid
1087 2699 1230 2759 ergo
1281 2682 1478 2744 delfini
1522 2692 1736 2745 tantum
1783 2684 1931 2744 hanc
1971 2685 2229 2745 iniuriam
2271 2686 2342 2743 ti-

328 2762 529 2827 ment?
593 2765 770 2826 Immo
817 2776 877 2826 et
909 2767 1092 2827 ceteri
1127 2767 1361 2844 pisces,
1407 2767 1512 2828 sed
1543 2766 1600 2827 hi
1637 2777 1851 2828 tantum
1888 2778 2174 2847 apparent
2204 2771 2404 2847 quiaso

331 2851 588 2911 exiliunt.
655 2848 946 2912 Isidorus
976 2850 1053 2912 de
1080 2858 1316 2912 natura
1346 2870 1552 2913 rerum
1587 2860 1691 2930 38,
1729 2861 1779 2912 1.

455 2934 546 2994 De
580 2935 901 2995 nominibus
932 2937 1104 2995 maris
1150 2945 1209 2995 et
1250 2936 1537 2997 fluminum
1581 2937 1637 2995 in
1682 2936 1919 2997 Pratis
1968 2937 2340 3016 Tranquillus

330 3020 414 3079 sic
443 3018 699 3079 adseruit
736 3019 968 3079 dicens:
1011 3016 1327 3080 Externum
1370 3039 1561 3081 mare
1593 3018 1861 3081 Oceanus
1898 3031 2009 3099 est,
2054 3023 2340 3083 internum

331 3100 485 3179 quod
511 3121 585 3162 ex
615 3102 855 3164 Oceano
893 3102 1037 3175 fluit,
1076 3121 1348 3182 superum
1399 3114 1457 3164 et
1499 3103 1740 3164 inferum
1782 3106 1988 3183 quibus
2030 3105 2195 3167 Italia
2238 3108 2338 3168 ad·

331 3185 522 3245 luitur.
561 3185 651 3246 Ex
677 3188 746 3247 iis
768 3205 1040 3266 superum
1240 3242 1252 3256 ,
1321 3242 1335 3256 ‚

332 3268 687 3331 Adrjaticum
748 3271 956 3332 dieitur
986 3281 1043 3331 et
1114 3241 1467 3301 Adriatlcum
1496 3259 1765 3320 superum
1796 3251 2056 3320 vocatur,
2083 3242 2405 3317 Tyrrhe-es

333 3349 584 3411 ‘rugeam
601 3353 860 3414 inferum·
879 3354 926 3415 F
939 3374 968 3415 ι.
983 3373 1040 3414 e,
1115 3344 1243 3385 num
1260 3325 1526 3403 inferum,
1543 3334 1602 3385 ut
1628 3326 1866 3386 Iunilius
1894 3336 1953 3386 et
1970 3326 2342 3405 Tranquillus

332 3440 405 3490 tu
425 3449 478 3490 m
508 3436 831 3515 angustam,
881 3440 1047 3517 quasi
1115 3410 1332 3486 dicunt,
1358 3409 1564 3507 quibus
1595 3409 1845 3470 adluitur
1864 3408 2047 3471 Italia.
2079 3410 2344 3473 Scholia

335 3512 606 3587 fervens,
637 3533 831 3597 mare,
865 3532 926 3582 ut
954 3522 1041 3581 Si,
1115 3490 1464 3554 Bernevma
1494 3492 1582 3552 ad
1617 3491 1792 3572 Verq.
1824 3493 2046 3573 Geory.
2084 3503 2136 3569 2,
2172 3502 2326 3605 158.-
