2553 3960
292 212 373 274 64
449 223 512 273 ο.
543 222 847 272 snmom
883 222 1140 282 mana.
1172 222 1270 270 DE
1302 222 1468 270 vrrA
1497 221 1868 271 casuum
1897 224 2039 272 Lm.
2070 225 2148 273 11.

289 385 508 450 retum·
553 387 612 438 et
657 377 1148 438 consentientibus
1193 379 1482 439 universis
1537 377 1687 438 sedit
1734 379 1793 438 in
1842 377 2138 439 subselliis
2188 396 2301 458 per

291 464 513 543 aliquot
540 462 740 540 horas,
771 480 971 522 verum
999 464 1206 522 tacitus
1226 472 1298 523 ·et
1325 480 1400 522 ne
1432 462 1763 523 laudatione
1789 462 2019 542 quidem
2047 462 2298 524 iudiciali

291 548 442 609 data.
525 546 706 606 Affuit
748 555 807 606 et
854 546 1195 623 clientibus,
1241 548 1390 607 sicut
1434 546 1698 606 Scutario
1743 547 1995 624 cuidam,
2044 556 2297 608 evocato

292 629 579 712 quondam
624 648 760 708 suo,
817 633 911 709 qui
952 631 1352 709 postulabatur
1397 632 1742 690 iniuriarum.
1832 631 2021 692 Unum
2066 632 2297 691 omnino

290 735 325 776 e
366 732 598 776 reorum
638 731 913 791 numero,
955 732 1027 775 ac
1066 733 1142 774 ne
1184 732 1314 774 eum
1355 714 1582 794 quidem
1623 715 1731 774 nisi
1761 714 2038 794 precibus
2065 716 2347 795 eripuit,⁸

293 808 537 861 exorato
582 815 777 859 coram
817 798 1100 858 iudicibus
1140 808 1524 877 accusatore,
1571 796 1944 876 Castricium,
1988 817 2096 878 per
2128 817 2297 879 quem

293 884 366 944 de
401 884 795 945 coniuratione
822 884 1097 944 Murenae
1135 891 1520 960 cognoverat.

206 985 275 1042 57
326 1023 329 1026 .
420 968 534 1029 Pro
583 968 788 1047 quibus
832 967 1050 1027 meritis
1106 977 1468 1046 quantopere
1518 967 1765 1027 dilectus
1821 968 1924 1045 sit,
1978 966 2153 1027 facile
2206 975 2298 1026 est

293 1054 618 1115 aestimare.
684 1051 898 1113 Omitto
930 1060 1166 1112 senatus
1196 1051 1493 1129 consulta,
1532 1053 1666 1129 quia
1700 1061 1947 1130 possunt
1984 1051 2169 1111 videri
2199 1050 2296 1110 vel

290 1137 646 1197 necessitate
691 1153 979 1214 expressa
1016 1135 1115 1194 vel
1168 1134 1541 1196 verecundia.
1628 1135 1874 1215 Equites
1926 1136 1999 1197 R.
2047 1134 2295 1195 natalem
2317 1156 2375 1199 ιο

292 1222 415 1282 eius
447 1229 657 1298 sponte
691 1229 865 1297 atque
890 1236 1179 1280 consensu
1203 1219 1377 1280 biduo
1406 1237 1640 1298 semper
1664 1219 2048 1280 celebrarunt.
2084 1219 2296 1279 Omnes

292 1304 524 1365 ordines
576 1304 633 1361 in
677 1304 863 1363 lacum
908 1302 1068 1364 Curti
1111 1311 1253 1382 quot
1298 1306 1463 1364 aunis
1504 1322 1582 1364 ex
1623 1313 1766 1364 voto
1801 1321 1908 1383 pro
1955 1304 2142 1364 salute
2172 1305 2297 1362 eius

291 1390 502 1467 stipem
543 1387 859 1464 iaciebant,
901 1389 1038 1447 item
1064 1387 1194 1449 Kal.
1228 1388 1350 1448 Ian.
1384 1397 1639 1449 strenam
1666 1390 1724 1448 in
1758 1387 2080 1466 Capitolio,
2126 1389 2296 1447 etiam

289 1473 543 1550 absenti,
579 1490 653 1531 ex
685 1489 798 1550 qua
826 1490 1041 1532 summa
1072 1475 1494 1552 pretiosissima
1534 1472 1774 1533 deorum
1803 1472 2108 1533 simulacra
2149 1488 2298 1531 mer-

292 1566 482 1634 catus,
527 1556 759 1616 vicatim
797 1555 1132 1634 dedicabat,
1179 1566 1240 1617 ut
1268 1557 1605 1636 Apollinem
1645 1556 2062 1617 Sandaliarium
2105 1564 2166 1616 et
2202 1555 2293 1615 Io·
2321 1581 2376 1623 ιι

289 1660 423 1701 vem
468 1640 837 1718 Tragoedum
878 1640 1126 1719 aliaque.
1191 1641 1257 1702 In
1300 1642 1727 1702 restitutionem
1760 1640 2049 1701 Palatinae
2095 1639 2299 1701 domus

292 1724 558 1786 incendio
587 1724 925 1804 absumptae
956 1725 1254 1802 veterani,
1302 1726 1607 1802 decuriae,
1649 1725 1864 1802 tribus,
1911 1734 2086 1804 atque
2128 1725 2300 1785 etiam

290 1810 625 1886 singillatim
655 1828 688 1868 e
722 1819 922 1869 cetero
953 1827 1177 1886 genere
1200 1808 1487 1870 hominum
1510 1809 1759 1870 libentes
1790 1826 1861 1869 ac
1883 1825 1993 1886 pro
2023 1808 2298 1870 facultate

292 1895 537 1973 quisque
590 1895 865 1972 pecunias
920 1894 1311 1970 contulerunt,
1379 1893 1672 1954 delibante
1719 1901 1933 1954 tantum
1988 1893 2163 1954 modo
2224 1908 2297 1952 eo

290 1995 632 2038 summarum
677 1995 923 2038 acervos
974 1996 1164 2057 neque
1217 1996 1294 2039 ex
1346 1996 1634 2058 quoquam
1682 1977 1813 2058 plus
1857 1978 2094 2040 denario
2140 1977 2374 2045 aufe-20

289 2070 473 2121 rente.
540 2062 957 2122 Revertentem
997 2080 1074 2121 ex
1121 2064 1425 2142 provincia
1455 2081 1574 2124 non
1624 2063 1812 2125 solum
1853 2063 2057 2124 faustis
2101 2063 2297 2123 omini-

290 2145 428 2222 buS,
464 2144 571 2205 sed
607 2154 664 2204 et
693 2145 999 2206 modulatis
1031 2146 1379 2207 carminibus
1413 2146 1939 2227 prosequebantur.
2010 2146 2297 2211 Observa-

291 2237 406 2289 tum
447 2229 617 2289 etiam
663 2238 779 2307 est,
829 2248 904 2289 ue
954 2233 1220 2308 quotiens
1262 2233 1529 2291 introiret
1568 2232 1798 2309 urbem,
1845 2231 2193 2311 supplicium
2224 2229 2298 2290 de

205 2321 579 2390 58quoquam
627 2322 965 2373 sumeretur.
1041 2313 1288 2374 Patris
1329 2317 1619 2394 patriae
1673 2333 2002 2394 cognomen
2044 2314 2299 2376 universi

289 2396 597 2474 repentino
638 2398 1003 2477 maximoque
1048 2415 1338 2459 consensu
1383 2399 1711 2460 detulerunt
1748 2402 1833 2462 ei:
1874 2401 2057 2480 prima
2101 2397 2294 2479 plebs,
2312 2418 2370 2460 πε

291 2480 590 2557 legatione
632 2480 863 2541 Antium
903 2483 1106 2552 missa;
1152 2482 1314 2561 dein,
1363 2485 1496 2564 quia
1524 2501 1642 2544 non
1682 2484 2038 2564 recipiebat,
2080 2484 2297 2543 ineunti

288 2564 510 2625 Romae
553 2565 890 2643 spectacula
929 2565 1210 2646 frequens
1250 2577 1311 2628 et
1349 2568 1637 2639 laureata;
1684 2586 1821 2629 mox
1850 2572 1906 2628 in
1938 2568 2094 2628 curia
2129 2583 2295 2627 sena-

290 2657 414 2724 ωε,
458 2666 649 2728 neque
691 2649 930 2711 decreto
971 2669 1161 2730 neque
1207 2652 1663 2728 adclamatione,
1707 2652 1810 2713 sed
1853 2670 1960 2732 per
2000 2649 2296 2712 Valerium

288 2732 616 2793 Messalam.
702 2733 761 2794 Is
802 2735 1197 2796 mandantibus
1241 2739 1498 2814 cunctis,
1561 2735 1745 2810 Quod
1785 2736 2036 2813 bonam,
2091 2736 2296 2814 inquit,

284 2814 684 2897 faustumque
719 2819 804 2880 sit
831 2818 944 2880 tibi
968 2819 1297 2900 domuique
1345 2827 1519 2899 tuae,
1566 2820 1811 2882 Caesar
1851 2819 2166 2902 Anquste!
2206 2821 2302 2880 sic
2315 2834 2370 2876 ao

287 2900 446 2961 enim
486 2919 604 2963 nos
652 2910 1017 2982 perpetuam
1056 2903 1417 2984 felicitatem
1451 2907 1549 2967 rei
1577 2925 1645 2984 p.
1691 2913 1750 2968 et
1777 2906 1948 2967 laeta
1989 2906 2134 2967 haic
2157 2903 2304 2964 urbi

284 2986 545 3062 precari
565 2987 1020 3049 existimamus.-
1050 2996 1306 3051 senatus
1337 2996 1394 3052 le
1409 2991 1796 3052 consentiens
1820 3009 1957 3052 cum
1970 2989 2207 3069 populo
2220 2988 2297 3048 R.

290 3072 648 3133 consalutat
669 3073 923 3151 patriae
952 3080 1214 3151 patrem.
1288 3073 1392 3135 Cui
1423 3075 1729 3136 lacrimans
1770 3074 2075 3154 respondit
2102 3073 2297 3150 Augu-

292 3159 413 3210 stus
445 3154 531 3214 his
562 3156 756 3217 verbis
788 3158 948 3237 (ipsa
980 3159 1163 3236 enim,
1197 3162 1345 3220 sicut
1379 3160 1701 3237 Messalae,
1745 3160 1980 3240 posui):
2030 3158 2299 3236 Compos

286 3231 499 3312 factus
536 3247 816 3301 votorum
865 3260 1166 3320 meorum,
1230 3243 1300 3304 P.
1356 3242 1425 3304 Ο.
1473 3245 1624 3324 quid
1665 3244 1868 3306 habeo
1926 3243 2104 3306 aliud
2146 3242 2370 3306 deo-sss

288 3318 669 3415 immortales
692 3327 981 3404 precari,
1024 3345 1209 3406 quam
1235 3327 1489 3390 athana
1520 3347 1883 3391 consensum
1909 3334 2177 3390 vestrum
2212 3326 2301 3386 ad

290 3401 561 3463 ultumum
580 3405 760 3482 finem
790 3411 957 3472 vitae
982 3413 1131 3474 mihi
1153 3410 1441 3491 perferre
1469 3414 1698 3475 liceat?

202 3491 273 3547 69
412 3485 641 3548 Medico
681 3489 933 3556 Antonio
977 3497 1175 3559 Musae
1263 3497 1424 3558 cuius
1464 3516 1650 3580 opera
1692 3516 1768 3560 ex
1807 3498 2043 3580 ancipiti
2088 3494 2298 3557 morbo
