2553 3960
967 225 1429 274 nom'rIANus.
2074 215 2200 278 249

323 379 417 440 Ab
449 379 681 440 iuventa
714 381 940 440 minime
974 381 1159 441 civilis
1188 382 1380 458 animi,
1417 382 1716 442 confidens
1749 383 1951 463 etiam,
1986 392 2043 443 et
2077 400 2201 442 cum

196 463 396 525 verbis
420 473 536 524 tum
563 464 739 525 rebus
775 465 1146 543 immodicuS,
1194 462 1434 526 Caenidi
1469 467 1650 545 patris
1684 464 2080 543 concubinae,
2107 485 2201 526 ex

195 548 408 610 Histria
452 566 730 609 reversae
775 549 1153 628 osculumque
1197 559 1257 610 ut
1315 559 1577 610 assuerat
1631 551 1928 630 offerenti,
1978 569 2201 611 manum

200 632 499 714 praebuit;
546 651 826 712 generum
870 633 1066 695 fratris
1109 634 1343 712 indigne
1388 635 1584 695 ferens
1630 634 1858 695 albatos
1911 643 1970 694 et
2013 636 2202 714 ipsum

148 739 175 780 5
198 719 491 778 ministros
521 716 762 794 hahere,
794 719 1207 798 proclamavit:
1281 707 1426 779 Οὐκ
1481 706 1746 797 ἀγαθὸν
1787 717 2203 798 πολυκοιρα-

196 801 327 881 νίη.
415 801 803 882 Principatum
834 820 978 863 vero
1010 801 1278 882 adeptus,
1316 819 1506 900 neque
1533 803 1591 861 in
1622 811 1824 862 senatu
1854 805 2073 862 iactare
2103 802 2198 861 du·
2222 811 2288 866 13

197 885 419 962 bitavit,
452 891 513 946 et
544 885 725 964 patri
764 903 833 946 se
875 892 936 947 et
966 885 1168 965 fratri
1206 886 1529 964 imperium
1571 885 1850 964 dedisse,
1894 885 2040 947 illos
2080 883 2206 946 sibi

195 969 549 1031 reddidisse
556 994 587 1042 ,·
634 987 827 1048 neque
857 973 915 1030 in
947 970 1275 1031 reducenda
1321 979 1458 1050 post
1510 969 1813 1032 divortium
1859 987 2040 1030 uxore
2087 969 2201 1030 edi-

200 1073 356 1132 cere,
390 1063 726 1116 revocatam
766 1073 892 1116 eam
936 1055 1000 1116 in
1034 1054 1332 1134 pulvinar
1372 1072 1570 1116 suum.
1652 1055 1983 1115 Adclamari
2032 1055 2205 1116 etiam

128 1141 254 1198 min
280 1137 705 1217 amphitheatro
728 1139 886 1217 epuli
916 1140 1008 1199 die
1032 1139 1284 1200 libenter
1301 1139 1503 1201 audiit:
1533 1138 1799 1202 Domino
1836 1144 1894 1200 et
1917 1137 2207 1201 dominae

192 1222 500 1302 feliciter!
587 1222 706 1284 Sed
736 1233 793 1284 et
824 1222 1158 1304 Capitolino
1194 1224 1508 1285 certamine
1546 1234 1790 1285 cunctos
1820 1224 2042 1300 ingenti
2067 1240 2203 1283 con-

196 1325 369 1367 sensu
404 1308 718 1386 precantis,
750 1317 809 1368 ut
835 1308 1147 1371 Palfurium
1176 1309 1379 1370 Suram
1407 1310 1775 1385 restitueret,
1809 1308 2035 1388 pulsum
2068 1308 2205 1368 olim

198 1399 400 1451 senatu
435 1407 506 1450 ac
535 1401 670 1452 tunc
698 1391 774 1452 de
806 1392 1134 1453 oratoribus
1168 1403 1544 1471 coronatum,
1590 1393 1752 1453 nullo
1794 1410 2085 1472 responso
2120 1392 2201 1451 di-

198 1483 428 1554 gnatus,
455 1483 655 1536 tacere
683 1485 896 1537 tantum
935 1475 1109 1538 modo
1146 1477 1315 1536 iussit
1357 1494 1510 1537 voce
1549 1478 1880 1556 praeconis.
1950 1476 2083 1537 Pari
2115 1494 2202 1536 ar-

126 1575 179 1616 15
197 1560 500 1638 rogantia,
534 1577 662 1620 cum
692 1569 1135 1639 procuratorum
1167 1577 1397 1620 suorum
1426 1563 1656 1620 nomine
1688 1559 1991 1621 formalem
2027 1559 2203 1619 dicta·

197 1652 286 1703 ret
321 1643 650 1722 epistulam,
684 1646 770 1703 sic
801 1644 1030 1721 coepit:
1060 1641 1369 1705 Dominus
1399 1648 1460 1704 et
1491 1642 1646 1705 deus
1674 1647 1889 1707 noster
1920 1643 2039 1704 hoe
2064 1642 2208 1721 fieri

198 1725 381 1787 iubet.
444 1725 615 1788 Unde
665 1727 975 1787 institutum
1022 1727 1305 1806 posthac,
1363 1736 1423 1787 ut
1474 1745 1548 1787 ne
1593 1726 1816 1804 scripto
1862 1727 2087 1805 quidem
2134 1745 2204 1788 ac

198 1826 471 1871 sermone
502 1810 836 1889 cuiusquam
870 1810 1271 1890 appellaretur
1304 1811 1492 1871 aliter.
1561 1812 1793 1872 Statuas
1838 1810 1948 1871 sibi
1989 1813 2046 1871 in
2095 1810 2202 1872 Ca-

198 1893 407 1974 pitolio
436 1895 666 1954 nonnisi
699 1912 904 1956 aureas
937 1904 996 1955 et
1027 1904 1338 1972 argenteas
1380 1897 1519 1974 poni
1570 1897 1827 1975 permisit
1869 1913 1939 1956 ac
1985 1894 2202 1974 ponde·

121 2000 178 2040 ιο
196 1982 278 2040 ris
318 1980 483 2040 certi.
572 1977 747 2042 Ianos
778 1998 1065 2059 arcusque
1097 1998 1224 2041 cum
1249 1980 1547 2060 quadrigis
1585 1990 1644 2040 et
1665 1978 1988 2057 insignibus
2011 1983 2204 2041 trium-

197 2063 440 2143 phorum
479 2082 589 2143 per
630 2064 911 2142 regiones
953 2063 1112 2125 urbis
1168 2074 1360 2126 tantos
1410 2082 1481 2125 ac
1523 2074 1610 2125 tot
1655 2065 1941 2142 extruxit,
1985 2074 2046 2125 ut
2088 2066 2204 2125 cui-

195 2150 323 2209 dam
359 2146 583 2210 Graece
613 2149 949 2228 inscriptum
983 2150 1087 2210 sit:
1136 2148 1312 2209 arci.
1395 2146 1743 2210 Consulatus
1788 2148 2205 2227 septemdecim

197 2233 370 2311 cepit,
410 2240 551 2311 quot
579 2241 711 2292 ante
742 2251 870 2293 eum
901 2250 1102 2303 nemo;
1138 2250 1215 2293 ex
1245 2232 1452 2312 quibus
1483 2242 1708 2313 septem
1751 2228 1976 2293 medios
2025 2235 2204 2294 conti·

195 2317 417 2393 nuavit,
465 2333 667 2376 omnes
711 2325 901 2378 autem
947 2335 1136 2396 paene
1179 2316 1346 2377 titulo
1391 2326 1559 2378 tenus
1603 2317 1820 2396 gessit,
1858 2335 1971 2377 nec
2011 2334 2203 2397 quem-

117 2416 177 2456 95
198 2416 368 2479 quam
401 2398 547 2459 ultra
581 2398 675 2464 Kl.
709 2400 842 2462 Mai.
877 2400 1197 2480 plerosque
1231 2402 1301 2463 ad
1325 2400 1460 2465 Idus
1485 2419 1667 2481 usque
1690 2400 2005 2462 Ianuarias.
2062 2400 2205 2461 Post

196 2491 385 2543 autem
416 2481 559 2543 duos
593 2483 941 2562 triumphos,
986 2483 1315 2547 Germanici
1353 2485 1699 2563 cognomine
1727 2494 2060 2564 assumpto,
2100 2485 2203 2545 Se·
2256 2473 2273 2556 l

101 2631 104 2634 ,
196 2566 517 2666 ptembrem
547 2585 807 2628 mensem
842 2577 898 2628 et
928 2567 1245 2628 Octobrem
1288 2586 1363 2628 ex
1398 2568 1888 2649 appellationibus
1921 2570 2041 2630 suis
2065 2568 2204 2631 Ger·
2264 2559 2277 2638 Ξ

195 2650 475 2712 manicum
509 2650 1007 2730 Domitianumque
1039 2653 1547 2731 transnominavit,
1589 2652 1743 2733 quod
1781 2652 1968 2714 altero
2006 2670 2204 2713 susce·
2260 2643 2276 2736 ξ

198 2736 386 2813 pisset
422 2735 742 2813 imperium,
774 2735 961 2796 altero
991 2745 1155 2797 natus
1187 2746 1367 2798 esset.
2260 2741 2269 2750 “

117 2838 179 2881 so
321 2816 434 2876 Per
460 2816 607 2878 haec
636 2818 913 2880 terribilis
953 2823 1176 2881 cunctis
1217 2831 1275 2882 et
1315 2821 1563 2898 invisus,
1605 2820 1835 2882 tandem
1882 2838 2206 2900 oppressus
2224 2826 2290 2879 14

93 2967 96 2970 ,
196 2910 286 2961 est
315 2900 625 2961 amicorum
659 2902 1118 2984 libertorumque
1148 2906 1475 2966 intimorum
1522 2905 1988 2984 conspiratione,
2041 2904 2208 2964 simul

194 2995 253 3047 et
279 2986 501 3046 uxoris.
565 2985 792 3048 Annum
822 2987 1091 3068 diemque
1121 2990 1375 3050 ultimum
1409 2990 1564 3049 vitae
1593 2990 1702 3049 iam
1733 2988 1956 3068 pridem
2002 3005 2206 3067 suspe-

193 3078 342 3131 ctum
372 3069 647 3148 habebat,
680 3072 883 3133 horam
919 3075 1106 3150 etiam,
1143 3092 1253 3134 nec
1288 3090 1406 3133 non
1440 3081 1497 3133 et
1526 3091 1715 3151 genus
1746 3073 1967 3133 mortis.
2050 3070 2206 3133 Adu-

190 3153 516 3215 lescentulo
560 3152 840 3218 Chaldaei
885 3165 1091 3218 cuncta
1129 3157 1574 3235 praedixerant;
1620 3166 1789 3235 pater
1831 3173 2066 3235 quoque
2117 3175 2207 3216 su-

123 3256 303 3317 ssper
334 3256 572 3299 caenam
605 3241 897 3318 quondam
939 3240 1134 3319 fungis
1178 3240 1565 3301 abstinentem
1609 3240 1800 3319 palam
1842 3240 2103 3301 irriserat
2146 3248 2206 3299 ut

194 3322 451 3398 ignarum
483 3324 659 3384 sortis
684 3342 842 3401 suae,
878 3323 1035 3403 quod
1067 3341 1184 3384 non
1212 3323 1432 3384 ferrum
1462 3325 1655 3402 potius
1685 3325 1935 3384 timeret.
2011 3325 2206 3399 Quare

196 3405 435 3483 pavidus
483 3424 717 3488 semper
758 3416 931 3488 atque
989 3407 1224 3484 anxiuS,
1272 3408 1518 3468 minimis
1569 3408 1738 3469 etiam
1791 3406 2204 3486 suspitionibus

197 3497 431 3567 praeter
469 3491 697 3553 modum
730 3491 1233 3562 commovebatur:
1267 3499 1329 3552 ut
1357 3490 1531 3553 edicti
1554 3490 1628 3552 de
1652 3490 1993 3553 excidendis
2014 3489 2204 3549 vineis
