2553 3960
944 229 1404 278 DOMITIANUS.
2055 218 2167 276 251

180 386 426 448 delatum
448 403 559 445 nec
585 386 939 463 infitiantem,
974 387 1223 446 iactasse
1253 403 1320 445 se
1354 392 1504 464 'quae
1543 384 1894 464 providisset
1923 403 1998 445 ex
2033 393 2179 465 arte,

181 471 505 532 sciscitatus
540 478 647 547 est,
677 471 805 549 quis
835 472 1021 550 ipsum
1043 478 1303 530 maneret
1329 471 1546 539 exitus;
1580 479 1639 530 et
1663 469 2058 545 affirmantem,
2089 471 2176 530 fo-

179 576 247 617 re
272 564 333 616 ut
362 555 525 614 brevi
557 554 915 614 laceraretur
949 572 983 614 a
1014 554 1282 631 canibus,
1308 555 1554 615 interfici
1576 553 1806 632 quidem
1832 555 1957 613 sine
1993 571 2178 632 mora,

181 640 286 700 sed
316 639 387 699 ad
440 638 866 716 coarguendam
903 638 1284 699 temeritatem
1321 641 1462 699 artis
1510 638 1755 717 sepeliri
1818 655 2053 717 quoque
2085 656 2177 698 ac-

127 744 152 783 5
182 723 541 784 curatissime
562 724 884 800 imperavit.
952 722 1121 798 Quod
1146 741 1273 783 cum
1300 725 1497 801 fieret,
1531 723 1724 783 evenit
1750 731 1837 799 ut,
1876 724 2177 801 repentina

180 815 525 885 tempestate
560 805 790 867 deiecto
827 806 1064 884 funere,
1106 809 1440 867 semiustum
1476 806 1729 867 cadaver
1775 805 2179 886 discerperent

182 910 390 968 caneS,
416 890 590 968 idque
614 891 671 949 ei
696 892 958 951 caenanti
982 909 1015 951 a
1035 891 1205 952 mimo
1227 891 1460 969 Latino,
1495 893 1591 970 qui
1624 893 1986 970 praeteriens
2023 891 2178 951 forte

115 980 120 989 '
181 975 681 1053 animadverterat,
705 976 855 1034 inter
878 984 1110 1036 ceteras
1134 975 1245 1036 diei
1269 976 1500 1036 fabulas
1522 975 1861 1035 referretur.

304 1058 494 1120 Pridie
524 1077 692 1138 quam
713 1060 950 1137 periret,
978 1078 1105 1119 cum
1130 1059 1362 1120 oblatos
1384 1059 1622 1121 tuberes
1658 1061 1880 1120 servari
1916 1060 2183 1119 iussisset
2196 1071 2264 1126 16

110 1168 160 1209 10
179 1147 235 1204 in
262 1146 589 1220 crastinum,
616 1143 856 1204 adiecit:
887 1142 964 1204 Sa·
998 1144 1181 1206 modo
1210 1144 1306 1204 uti
1340 1143 1620 1206 licuerit!
1655 1154 1713 1204 et
1751 1161 2070 1205 conversus
2107 1143 2180 1203 ad

180 1230 474 1308 proximos
498 1227 824 1306 affirmavit,
845 1227 991 1307 fore
1012 1234 1082 1289 ut
1106 1229 1384 1308 sequenti
1410 1227 1511 1290 die
1537 1228 1688 1290 luna
1715 1246 1787 1289 se
1814 1229 1879 1290 in
1909 1227 2178 1308 aquario

180 1318 529 1373 cruentaret
551 1311 906 1394 factumque
926 1312 1183 1392 aliquod
1202 1312 1517 1390 existeret,
1543 1311 1619 1372 de
1643 1331 1762 1393 quo
1787 1313 2182 1392 loquerentur

178 1396 452 1457 homines
467 1413 588 1474 per
619 1403 929 1457 terrarum
949 1394 1179 1458 orbem.
1220 1395 1299 1456 At
1317 1398 1473 1458 circa
1487 1397 1731 1457 mediam
1744 1405 1974 1457 noctem
1999 1398 2075 1456 ita
2091 1404 2181 1455 est

180 1480 511 1556 exterritae,
539 1488 598 1538 ut
622 1498 656 1539 e
684 1488 865 1541 strato
891 1480 1209 1560 prosiliret.
1262 1479 1491 1541 Dehinc
1511 1498 1679 1541 mane
1712 1479 2079 1560 haruspicem
2105 1497 2180 1539 ex

121 1583 160 1626 15
182 1564 482 1627 Germania
511 1563 768 1639 missum,
794 1565 891 1642 qni
915 1563 1214 1624 consultus
1237 1562 1309 1624 de
1334 1564 1564 1641 fulgure
1599 1564 1966 1625 mutationem
1988 1580 2181 1623 rerum

178 1648 578 1727 praedixerat,
627 1647 801 1707 audiit
837 1648 1390 1727 condemnavitque3
1424 1666 1494 1707 ac
1529 1646 1660 1707 dum
1694 1648 2088 1711 exulceratam
2122 1649 2181 1706 in

178 1735 369 1792 fronte
414 1748 716 1790 verrucam
759 1730 1156 1791 vehementius
1202 1731 1448 1811 scalpit,
1501 1731 1828 1810 profluente
1879 1733 2179 1810 sanguine,

183 1813 430 1876 Utinam
460 1814 641 1894 inquit
678 1814 1013 1876 hactenus!
1069 1814 1229 1876 Tunc
1265 1815 1443 1877 horas
1465 1817 1784 1895 requirenti
1819 1834 1928 1895 pro
1967 1817 2179 1896 quinta,

182 1917 351 1979 quam
384 1897 707 1976 metuebat,
752 1907 919 1961 sexta
958 1918 1034 1959 ex
1069 1898 1349 1960 industria
1391 1903 1645 1961 nuntiata
1687 1909 1795 1960 est.
1881 1901 1986 1961 His
2021 1898 2181 1960 velut

109 2006 161 2047 πο
178 1994 472 2045 transacto
496 1985 608 2043 iam
632 1984 896 2063 periculo
923 1984 1156 2063 laetum,
1177 1986 1664 2064 ‘festinantemque
1686 1984 1759 2046 ad
1784 1986 2053 2066 corporis
2084 2002 2179 2043 cu·

178 2088 300 2130 ram
322 2067 662 2129 Parthenius
688 2068 956 2129 cubiculo
981 2072 1354 2150 praepositus
1380 2071 1698 2147 convertit,
1734 2072 1996 2132 nuntians
2020 2085 2178 2145 esse,

179 2156 273 2235 qui
296 2170 564 2230 magnum
587 2154 789 2213 nescio
814 2153 949 2232 quid
972 2154 1224 2232 afferret,
1249 2172 1361 2214 nec
1386 2153 1779 2214 differendum.
1810 2153 2015 2234 Itaque
2032 2169 2178 2214 sum-

176 2239 349 2299 motis
375 2237 659 2314 omnibus,
683 2240 740 2297 in
768 2238 1091 2298 cubiculum
1115 2256 1180 2299 se
1203 2239 1434 2318 recepit
1458 2247 1629 2317 atque
1654 2237 1732 2298 ibi
1762 2241 1996 2300 occisus
2026 2246 2135 2298 est.

299 2321 390 2381 De
413 2322 743 2383 insidiarum
765 2322 1081 2403 caedisque
1102 2340 1327 2401 genere
1355 2322 1502 2383 haec
1534 2323 1664 2383 fere
1698 2322 1993 2402 divulgata
2028 2330 2178 2382 sunt.
2198 2343 2261 2399 17

102 2405 595 2469 25Cunctantibus
620 2407 999 2485 conspiratis,
1036 2406 1263 2486 quando
1290 2416 1350 2467 et
1377 2424 1494 2486 qno
1529 2406 1739 2485 modo,
1777 2407 1834 2467 id
1861 2417 1952 2468 est
1985 2407 2179 2467 lavan-

178 2501 370 2552 temne
394 2508 467 2549 an
491 2498 861 2568 caenantem,
897 2453 1394 2568 adgrederentur,
1441 2491 1806 2570 Stephanus,
1845 2490 2179 2551 Domitillae

181 2583 548 2656 procurator,
574 2582 632 2634 et
656 2583 791 2634 tunc
818 2576 1266 2653 interceptarum
1292 2576 1664 2654 pecuniarum
1687 2593 1843 2655 reus,
1879 2574 2180 2637 consilium

180 2675 537 2759 operamque
562 2657 788 2736 optulit.
849 2658 941 2719 Ac
971 2659 1330 2719 sinisteriore
1352 2658 1620 2738 brachio,
1645 2660 1805 2721 velut
1841 2677 2054 2738 aegro,
2097 2658 2178 2718 la·

178 2745 269 2803 nis
291 2742 607 2821 fasciisque
630 2760 740 2821 per
761 2742 979 2821 aliquot
1012 2741 1137 2803 dies
1170 2741 1242 2804 ad
1274 2743 1643 2805 avertendam
1666 2746 2055 2824 suspicionem
2077 2741 2179 2803 ob-

105 2852 163 2895 w
181 2826 407 2903 voluto,
431 2826 503 2886 ad
528 2828 712 2905 ipsam
732 2826 935 2887 horam
958 2826 1230 2888 dolonem
1253 2828 1571 2896 interiecit:
1597 2828 2016 2909 professusque
2039 2844 2178 2887 con-

178 2911 513 2992 spirationis
537 2909 803 2971 indicium
828 2920 886 2971 et
908 2910 983 2971 ob
1008 2911 1122 2972 hoc
1148 2910 1462 2990 admissuS,
1499 2912 1720 2992 legenti
1754 2912 2022 2974 traditum
2056 2927 2090 2971 a
2113 2926 2179 2969 se

177 2995 436 3057 libellum
462 3004 519 3056 et
544 2996 785 3056 attonito
807 2995 1038 3057 suffodit
1058 2996 1314 3073 inguina.
1377 2995 1644 3057 Saucium
1669 3015 1738 3058 ac
1761 3004 2179 3076 repugnantem

179 3079 362 3142 adorti
387 3078 700 3142 Clodianus
727 3079 1174 3158 cornicularius,
1207 3090 1267 3140 et
1297 3080 1580 3141 Maximus
1615 3080 1883 3142 Partheni
1917 3080 2178 3156 libertus,

180 3174 239 3226 et
267 3164 532 3225 Saturius
567 3163 808 3225 decurio
854 3164 1364 3243 cubiculariorum,
1401 3174 1459 3225 et
1494 3164 1721 3244 quidam
1759 3183 1792 3225 e
1830 3164 2179 3243 gladiatorio

105 3273 158 3314 ss.
180 3247 316 3310 ludo
341 3248 679 3310 vulneribus
715 3258 941 3329 septem
965 3248 1454 3310 contrucidarunt.
1500 3249 1672 3328 Puer,
1699 3250 1795 3329 qui
1817 3266 1955 3309 arae
1976 3248 2180 3310 Larum

181 3332 428 3393 cubiculi
458 3352 533 3395 ex
555 3333 974 3394 consuetudine
997 3333 1281 3394 assistens
1301 3333 1557 3393 interfuit
1583 3334 1771 3411 caedi,
1794 3333 1908 3394 hoc
1934 3333 2180 3412 amplius

180 3416 475 3495 narrabat,
516 3418 730 3485 iussum
761 3436 826 3477 se
850 3436 883 3479 a
904 3418 1234 3478 Domitiano
1259 3416 1332 3478 ad
1361 3418 1602 3497 primum
1635 3420 1823 3478 statim
1845 3417 2052 3477 vulnus
2079 3434 2180 3494 pu-

179 3502 414 3579 gionem
438 3501 675 3579 pulvino
712 3502 996 3562 subditum
1028 3502 1338 3577 porrigere
1376 3519 1446 3561 ac
1474 3503 1773 3563 ¹ministros
1797 3518 2049 3575 vocare,
2084 3516 2180 3559 ne-
