2553 3960
949 244 1158 293 mvns
1193 244 1568 294 AUGUSTUS.
2199 231 2279 293 63

278 423 349 466 ac
391 402 723 463 nominatim
772 401 1034 478 singulos
1079 400 1235 459 nullo
1285 399 1697 470 submonente;
1757 401 1930 460 etiam
1974 399 2282 460 discedens

279 487 485 547 eodem
530 485 703 544 modo
745 483 1076 544 sedentibus
1114 484 1318 544 valere
1360 483 1606 544 dicebat.
1676 483 1882 544 Officia
1927 502 2052 543 cum
2088 484 2281 544 multis

277 580 471 631 mutuo
504 571 800 647 exercuit,
844 587 955 628 nec
986 570 1145 647 prius
1177 567 1302 627 dies
1334 569 1611 646 cuiusque
1655 568 1971 627 sollemnes
2010 567 2279 648 frequen-

276 664 402 714 tare
432 653 630 730 desiit,
667 651 834 731 quam
865 652 1069 729 grandi
1102 653 1214 712 iam
1243 660 1377 711 natu
1413 660 1470 711 et
1502 653 1559 710 in
1590 652 1755 712 turba
1790 651 2073 732 quondam
2103 669 2278 731 spon-

218 752 248 794 5
277 737 550 798 saliorum
592 735 686 795 die
725 745 987 795 vexatus.
1071 734 1294 797 Gallum
1343 735 1664 796 Terrinium
1715 745 2043 796 senatorem
2096 737 2280 796 minus

279 821 388 880 sibi
425 821 798 897 familiarem,
841 820 942 879 sed
991 828 1219 899 captum
1256 828 1501 898 repente
1546 820 1732 880 oculis
1774 829 1835 880 et
1878 819 1952 880 ob
1996 819 2053 879 id
2090 819 2279 880 inedia

274 906 420 964 mori
452 904 829 964 destinantem
857 921 1141 982 praesens
1176 902 1533 963 consolando
1562 904 1863 963 revocavit
1893 903 1964 963 ad
1997 905 2191 963 vitam.

401 987 466 1046 In
497 996 696 1047 senatu
725 986 906 1046 verba
933 988 1168 1047 facienti
1199 986 1412 1046 dictum
1447 996 1565 1049 est:
1601 985 1742 1048 Non
1779 987 2083 1064 intellexi,
2116 996 2174 1047 et
2206 986 2278 1046 ab
2296 997 2363 1053 54

276 1072 424 1132 alio:
472 1069 977 1131 Gonu-adicerem
1007 1069 1146 1148 tibi,
1178 1071 1236 1130 si
1262 1070 1463 1132 locum
1493 1070 1799 1132 haberem.
1881 1071 2169 1132 Interdum
2202 1070 2279 1130 ob

202 1170 257 1212 10
276 1155 612 1216 immodicas
663 1156 1103 1233 disceptantium
1148 1155 1561 1216 altercationes
1605 1174 1639 1217 e
1680 1158 1834 1216 curia
1876 1174 1985 1235 per
2024 1158 2167 1217 iram
2214 1173 2280 1215 se

277 1240 619 1318 proripienti
656 1239 880 1319 quidam
911 1240 1314 1317 ingesserunt,
1345 1239 1533 1300 licere
1559 1247 1847 1318 oportere
1882 1238 2282 1302 senatoribus

276 1324 354 1383 de
382 1339 455 1382 re
479 1340 547 1400 p.
598 1322 782 1402 loqui.
850 1320 1135 1383 Antistius
1178 1322 1374 1383 Labeo
1424 1333 1658 1384 senatus
1688 1324 1977 1401 lectione,
2022 1342 2148 1383 cum
2190 1324 2281 1383 vir

274 1408 461 1466 virum
491 1406 745 1484 legeret,
776 1406 854 1468 M.
888 1406 1162 1485 Lepidum
1190 1406 1416 1466 hostem
1451 1408 1584 1469 olim
1623 1409 1746 1467 eius
1779 1417 1837 1468 et
1875 1416 2011 1467 tunc
2042 1408 2278 1468 exulan-

274 1501 393 1551 tem
438 1490 617 1567 legit,
667 1492 1171 1570 interrogatusque
1216 1490 1289 1550 ab
1342 1508 1414 1551 eo
1463 1510 1535 1551 an
1577 1500 1775 1551 essent
1813 1492 1909 1552 alii
1955 1491 2277 1569 digniores,

203 1595 257 1636 15
276 1592 453 1636 suum
488 1591 779 1653 quemque
805 1574 1096 1635 iudicium
1126 1574 1360 1635 habere
1387 1574 1708 1653 respondit.
1773 1573 1903 1635 Nec
1932 1574 2065 1634 ideo
2105 1573 2277 1634 liber-

279 1668 371 1719 tas
404 1666 500 1717 aut
530 1659 887 1718 contumacia
919 1658 1106 1719 fraudi
1137 1660 1398 1738 cuiquam
1428 1659 1549 1726 fuit.
1610 1658 1798 1719 Etiam
1836 1674 2078 1737 sparsos
2110 1658 2182 1718 de
2212 1675 2277 1717 se
2293 1672 2365 1725 55

276 1743 333 1799 in
367 1742 523 1800 curia
567 1741 825 1801 famosos
866 1741 1101 1802 libellos
1140 1760 1252 1802 nec
1298 1741 1535 1820 expavit
1575 1751 1633 1802 et
1671 1759 1878 1819 magna
1916 1760 2051 1802 cura
2082 1741 2276 1802 redar-

277 1827 400 1901 guit
444 1842 513 1884 ac
559 1842 632 1884 ne
670 1826 964 1903 requisitis
1013 1825 1240 1904 quidem
1283 1825 1645 1903 auctoribus,
1702 1826 1759 1886 id
1811 1825 1983 1886 modo
2035 1826 2277 1901 censuit,

280 1907 749 1986 cognoscendum
780 1909 1024 1988 posthac
1052 1909 1169 1969 de
1153 1911 1255 1987 liS,
1290 1910 1385 1988 qui
1421 1909 1653 1970 libellos
1683 1919 1779 1971 aut
1810 1910 2060 1971 carmina
2092 1908 2163 1970 ad
2195 1910 2275 1969 in-

202 2006 260 2048 20
279 1992 503 2052 famiam
536 1994 844 2071 cuiuspiam
875 1993 980 2053 sub
1013 1994 1201 2054 alieno
1234 1995 1461 2054 nomine
1492 1994 1681 2054 edant.
2293 2018 2298 2021 ¹

403 2075 557 2136 locis
588 2093 817 2154 quoque
842 2077 1194 2156 quorundam
1223 2077 1522 2138 invidiosis
1551 2087 1646 2139 aut
1670 2078 2061 2159 petulantibus
2088 2078 2273 2140 laces·
2290 2081 2363 2139 56

275 2162 451 2235 situs,
484 2160 824 2220 contradixit
854 2161 1066 2221 edicto.
1123 2160 1199 2221 Et
1231 2171 1419 2222 tamen
1443 2181 1516 2222 ne
1540 2162 1611 2222 de
1635 2162 1943 2223 inhibenda
1968 2171 2274 2222 testamen·

273 2253 460 2303 torum
486 2243 715 2304 licentia
742 2245 1044 2323 quicquam
1068 2248 1546 2323 constitueretur,
1578 2247 1926 2307 intercessit.
1990 2247 2276 2323 Quotiens

271 2329 701 2404 magistratuum
736 2330 983 2388 comitiis
1011 2330 1350 2407 interesset,
1392 2330 1574 2390 tribus
1620 2348 1747 2390 cum
1790 2330 2104 2392 candidatis
2156 2331 2276 2390 suis

198 2431 254 2471 25
277 2410 555 2471 circuibat
586 2412 1067 2491 supplicabatque
1096 2430 1258 2473 more
1287 2414 1567 2474 sollemni.
1630 2414 1883 2475 Ferebat
1913 2425 1971 2474 et
2000 2415 2129 2493 ipse
2158 2413 2273 2474 suf-

271 2496 517 2572 fragium
556 2497 613 2554 in
657 2496 839 2574 tribu,
881 2506 942 2557 ut
983 2515 1126 2558 unus
1172 2516 1205 2557 e
1252 2498 1492 2576 populo,
1570 2498 1803 2558 Testem
1844 2517 1909 2558 se
1952 2499 2009 2557 in
2047 2498 2276 2557 iudiciis

274 2588 334 2638 et
364 2580 712 2656 interrogari
756 2588 815 2639 et
856 2581 1079 2658 refelli,
1125 2583 1478 2660 aequissimo
1525 2583 1709 2641 animo
1758 2581 2100 2660 patiebatur.
2159 2581 2274 2642 Fo-

270 2680 395 2721 rum
446 2665 744 2741 angustius
793 2663 962 2741 fecit,
1025 2682 1140 2725 non
1187 2683 1360 2725 ausus
1414 2673 1766 2744 extorquere
1828 2664 2275 2745 possessoribus

272 2747 566 2825 proximas
597 2747 821 2807 domos.
884 2748 1202 2826 Numquam
1231 2749 1386 2809 filios
1417 2766 1554 2808 suos
1584 2748 1807 2828 populo
1854 2747 2276 2808 commendavit

200 2840 254 2881 ⁸0
274 2839 338 2888 ut
365 2846 481 2889 non
513 2830 797 2892 adiceret:
848 2830 922 2893 Si
946 2832 1355 2894 merebuntur.
1421 2832 1653 2893 Eisdem
1683 2834 2062 2912 praetextatis
2090 2830 2274 2892 adhuc

274 2924 662 2976 assurrectum
693 2915 763 2976 ab
808 2917 1095 2977 universis
1133 2919 1188 2977 in
1230 2918 1458 2978 theatro
1501 2927 1559 2976 et
1606 2936 1639 2976 a
1679 2916 1957 2977 stantibus
1989 2916 2271 2995 plausum,

270 2999 616 3074 gravissime
663 3008 900 3078 questus
948 3011 1056 3061 est.
1127 3000 1367 3062 Amicos
1410 3003 1487 3062 ita
1527 3018 1769 3078 magnos
1816 3010 1874 3061 et
1916 3008 2188 3079 potentes
2217 3001 2275 3060 in

272 3082 507 3142 civitate
540 3102 675 3143 esse
703 3085 918 3162 voluit,
956 3094 1016 3145 ut
1046 3094 1232 3146 tamen
1260 3086 1386 3165 pari
1430 3087 1556 3145 iure
1589 3094 1788 3146 essent
1831 3102 1946 3163 quo
1979 3085 2158 3144 ceteri
2190 3083 2274 3145 le-

271 3166 560 3244 gibusque
605 3167 914 3229 iudiciariis
955 3187 1142 3247 aeque
1184 3179 1538 3229 tenerentur.
1623 3167 1765 3230 Cum
1805 3168 2107 3248 Asprenas
2153 3167 2273 3229 No-

199 3262 253 3306 ⁸⁵
271 3251 400 3308 nius
452 3252 629 3311 artius
678 3254 751 3311 ei
783 3254 1007 3314 iunctus
1060 3272 1290 3314 causam
1342 3254 1639 3330 veneficii,
1696 3262 2006 3314 accusante
2066 3250 2271 3313 Cassio

271 3334 532 3409 Severo,
568 3335 809 3413 diceret,
838 3337 1126 3397 consuluit
1150 3347 1429 3414 senatum,
1465 3337 1615 3416 quid
1646 3336 1840 3415 officii
1856 3338 1959 3398 sui
1977 3343 2273 3415 putaret,-

271 3418 554 3478 cunctari
581 3419 736 3479 enim
766 3438 864 3498 se,
895 3439 973 3482 ne
1007 3422 1066 3481 si
1091 3427 1474 3501 superesset,
1520 3422 1763 3500 eripere
1798 3420 2035 3500 leqibus
2076 3435 2268 3492 reum,

263 3500 366 3561 sin
401 3501 671 3580 deesset,
702 3503 1030 3567 destituere
1059 3524 1138 3568 ac
1154 3507 1627 3587 praedamnare
1659 3505 1919 3567 amicum
1955 3499 2266 3564 ecci-stima-
