2553 3960
519 228 567 274 X.
1207 223 1603 273 PRAEFATIO

526 399 646 441 esse
663 425 681 455 ,
713 398 835 439 cum
861 386 1169 439 ceterorum
1197 385 1459 449 omnium,
1490 385 1651 438 etiam
1677 382 2011 455 iynobilium‚
2044 383 2207 439 altius
2232 384 2346 438 ori-

523 470 704 538 finem
733 469 1014 538 repetierit
1022 489 1041 531 ,·
1081 469 1265 538 itaque
1297 465 1501 522 ‘Iulius
1540 466 1783 523 Caesar’
1823 469 1882 522 in
1919 468 2200 538 principio
2240 467 2345 522 ad-

528 552 644 608 dita
694 566 814 607 esse
860 551 1043 607 verba.
1129 551 1374 605 Eandem
1424 550 1755 607 sententiam
1813 566 1936 606 cum
1988 550 2346 608 doctissimus

531 634 766 707 quisque
799 634 1022 690 tulisset
1052 641 1111 690 ut
1145 635 1434 690 Turnebus
1466 633 1695 689 Ursinus
1727 634 2098 706 Glandorpius
2118 674 2137 704 ,
2168 641 2224 690 et
2255 635 2346 690 vel

530 717 740 775 mederi
773 719 825 774 ei
855 718 1105 775 iacturae
1137 717 1448 773 studuisset
1475 734 1521 772 a.
1557 723 1691 776 1521
1720 719 1800 773 lo.
1826 718 1960 773 Lud.
1990 717 2164 774 Vives
2196 734 2349 774 com-

528 803 734 875 positis
765 801 1136 874 supplementi
1171 801 1347 856 instar
1383 801 1598 872 aliquot
1627 799 1940 873 capitibus,
1970 816 2114 872 quae
2147 807 2348 873 postea

530 886 804 942 Laevinus
835 885 1159 941 Torrentius
1189 884 1459 956 ampliora
1492 884 1659 954 fecit,
1691 885 1845 940 solus
1880 886 2107 941 Isaacus
2139 884 2349 940 Casan-

532 971 744 1039 bonuS,
802 975 1046 1024 ceterum
1089 967 1396 1039 Tranquilli
1439 968 1800 1040 interpretum
1849 968 2019 1025 facile
2060 967 2349 1040 princeps,

534 1051 722 1107 extitit
750 1052 844 1123 qui
868 1051 1126 1108 Caesaris
1158 1051 1327 1107 vitam
1356 1051 1715 1108 illaesamad
1743 1068 1846 1107 nos
1877 1051 2207 1123 pervenisse
2238 1051 2347 1107 sibi

532 1136 933 1208 persuaderet,
971 1135 1112 1191 mire
1143 1140 1480 1193 commentus
1512 1135 1765 1207 potuisse
1793 1135 2122 1207 scriptorem
2151 1135 2205 1189 in
2236 1135 2350 1190 alio

532 1218 680 1273 libro
740 1219 808 1274 de
866 1218 1004 1274 Iulia
1068 1224 1236 1289 gente
1298 1217 1669 1290 Caesarisque
1731 1219 2110 1275 adulescentia
2172 1234 2351 1290 expo-

531 1301 732 1357 suisse.
795 1301 1117 1358 Recentium
1142 1301 1281 1357 satis
1313 1301 1422 1356 erit
1451 1303 1589 1358 duos
1627 1303 1945 1374 appellasse
1975 1302 2063 1358 Fr.
2096 1300 2163 1357 A.
2183 1300 2351 1357 Wol-

532 1385 658 1440 flum
704 1385 798 1456 qui
856 1385 1021 1440 initio
1063 1384 1325 1442 Caesaris
1386 1385 1601 1456 aliquot
1660 1386 1914 1441 stellulas
1957 1385 2211 1440 defectus
2269 1385 2350 1440 si-

531 1469 836 1539 gnificandi
880 1485 1050 1525 causa
1096 1468 1391 1541 apposuit,
1433 1474 1489 1522 et
1515 1468 1873 1526 Niebuhrium
1908 1469 2001 1540 qui
2034 1469 2201 1541 plane
2247 1485 2350 1539 ge-

532 1551 677 1609 mina
717 1553 916 1608 lacuna
963 1552 1243 1608 Plutarchi
1293 1551 1588 1607 Caesarem
1639 1553 1899 1609 laborare
1937 1552 2348 1609 animadvertit.

531 1635 644 1691 Iam
685 1643 981 1708 postquam
1012 1636 1148 1707 Lydi
1182 1635 1345 1692 locus
1375 1635 1645 1706 innotuit,
1693 1636 1948 1692 dubitare
1984 1651 2143 1691 nemo
2179 1651 2349 1691 sanus

530 1725 737 1791 potest.
808 1720 922 1775 Sed
962 1726 1022 1775 ut
1053 1736 1267 1776 omnem
1304 1735 1421 1774 rem
1450 1720 1824 1792 complectar,
1863 1721 2004 1775 haec
2037 1719 2159 1774 fere
2197 1719 2344 1775 desi-

531 1802 825 1858 derantur:

660 1880 720 1955 1)
753 1885 1006 1942 exterior
1029 1885 1160 1942 libri
1189 1886 1403 1942 titulus.
1459 1882 1836 1942 Vetustissimi
1861 1886 2005 1942 enim
2026 1886 2158 1942 libri
2180 1886 2350 1941 Mem-

533 1969 746 2025 mianus
792 1975 849 2025 et
876 1969 1179 2026 Vaticanus
1218 1969 1423 2042 Lipsii,
1466 1976 1761 2042 praeterea
1793 1969 2075 2027 Parisinus
2116 1975 2254 2029 5804
2293 1975 2349 2024 et

531 2053 792 2123 Haganus
829 2046 918 2129 (?)
946 2052 1173 2124 Wolfii,
1205 2054 1448 2125 denique
1479 2054 1888 2111 commemorati
1918 2072 1949 2112 a
1979 2054 2348 2110 Volaterrano

533 2143 589 2192 et
617 2136 759 2193 Vive
789 2137 869 2194 ita
898 2137 1196 2210 incipiunt:
1238 2154 1447 2192 annum
1490 2152 1659 2210 aqens
1689 2146 1907 2194 sextum
1944 2138 2205 2193 decimum
2241 2154 2349 2208 pa-

533 2228 671 2275 trem
709 2222 888 2276 amisit
938 2220 1387 2293 sequentibusque
1433 2222 1767 2287 consulibus,
1813 2238 2079 2293 nusquam
2129 2220 2349 2277 adiecto

531 2303 660 2358 Divi
688 2303 817 2359 Iulii
854 2305 1096 2360 nomine.
1186 2306 1617 2377 Temptaverunt
1647 2306 1871 2376 quidem
1910 2305 2253 2376 reliquorum
2278 2304 2350 2358 li·-

532 2388 760 2443 brorum
801 2388 1026 2444 scribae
1058 2389 1244 2445 multis
1274 2388 1453 2445 modis
1485 2388 1691 2444 hiatum
1730 2390 1992 2461 explere,
2032 2389 2158 2445 dum
2186 2404 2350 2443 unum

532 2486 733 2526 nomen
763 2470 975 2527 Caesar
1003 2472 1096 2527 vel
1128 2472 1238 2528 duo
1269 2471 1446 2528 Iulius
1460 2472 1671 2529 Caesar
1700 2472 1901 2545 primo,
1932 2473 2202 2541 secund0,
2235 2476 2350 2526 ter-

531 2554 611 2608 tio
644 2554 774 2610 loco
820 2554 1118 2624 adiiciunt,
1158 2555 1292 2626 quin
1325 2555 1489 2611 etiam
1532 2556 1678 2612 trina
1707 2556 1928 2612 nomina
1962 2555 2137 2610 Divus
2173 2553 2352 2612 Iulius

531 2637 744 2694 Caesar
785 2638 876 2694 vel
914 2636 1092 2693 Iulius
1133 2638 1342 2695 Caesar
1378 2638 1553 2695 Divus
1579 2640 1670 2696 vel
1715 2639 1881 2695 Caius
1921 2638 2100 2694 Iulius
2139 2638 2352 2695 Caesar

530 2720 710 2793 primo
753 2721 883 2776 loco
933 2728 1300 2793 praetexunt,
1343 2737 1535 2778 verum
1575 2737 1645 2778 eo
1676 2723 1853 2793 magis
1888 2739 2041 2780 suam
2072 2721 2350 2778 inscitiam

527 2805 772 2875 produnt
803 2806 1089 2860 consulum
1120 2805 1431 2861 nominibus
1465 2822 1574 2862 non
1604 2807 1895 2879 suppletis.
1954 2806 2146 2877 Neque
2168 2806 2350 2862 minus

530 2887 601 2943 de
618 2904 761 2945 vano
793 2888 1024 2944 haustae
1054 2894 1184 2944 sunt
1198 2890 1462 2959 vulgares
1491 2889 1685 2961 operis
1712 2889 2112 2961 inscriptiones
2140 2888 2356 2945 deXII

530 2970 897 3041 Caesaribus,
941 2972 1010 3027 de
1051 2974 1160 3029 vita
1199 2971 1332 3027 XII
1376 2971 1708 3040 Caesarum,
1748 2973 1816 3027 de
1860 2974 1968 3030 vita
2008 2978 2059 3025 et
2108 2973 2353 3028 moribus

529 3054 814 3110 duodecim
847 3056 1148 3113 Caesarum
1190 3057 1446 3126 aliaeque
1476 3057 1723 3126 similes,
1766 3071 1889 3112 cum
1928 3055 1986 3111 in
2022 3054 2350 3112 Memmiano

529 3137 678 3195 libro
713 3138 937 3194 omnino
972 3140 1120 3196 nulla
1151 3145 1423 3212 appareat
1454 3135 1609 3212 (nam
1642 3138 1937 3196 barbaram
1965 3155 2180 3195 manum
2222 3156 2351 3195 sae-

530 3222 642 3277 culi
670 3222 796 3278 XIV
836 3238 947 3279 non
991 3218 1159 3296 curo)
1205 3239 1485 3295 verusque
1526 3223 1658 3279 libri
1702 3222 1896 3280 titulus
1942 3222 2245 3294 antiquitus
2281 3224 2350 3280 ab

530 3306 814 3362 nonnullis
846 3306 1130 3375 librariis,
1181 3322 1325 3361 nunc
1370 3324 1400 3362 a
1443 3308 1607 3364 nobis
1643 3306 1904 3363 debuerit
1933 3323 2005 3363 ex
2049 3306 2351 3377 insequen-

531 3387 666 3444 tium
695 3391 932 3446 vitarum
969 3389 1238 3446 clausulis
1271 3397 1327 3446 et
1372 3390 1837 3462 inscriptionibus
1882 3398 2154 3461 tamquam
2192 3396 2352 3462 post—

531 3469 730 3528 liminii
763 3473 885 3529 iure
917 3473 1249 3546 reciperari.
