2553 3960
350 258 474 319 202
519 270 577 318 c,
610 269 907 318 sus'rom
944 269 1200 330 TRANQ.
1233 269 1329 317 m:
1360 270 1524 317 vrrA
1570 268 1936 317 casuum
1965 268 2105 316 Lus.
2137 270 2255 316 vu.

351 427 648 504 sequentis
673 443 876 502 casus,
914 442 1028 505 quo
1055 425 1276 485 medius
1321 427 1468 484 inter
1504 424 1801 503 utriusque
1834 424 1986 483 filios
2024 424 2208 483 extitit
2246 426 2344 484 im-

393 518 606 569 erator.

353 529 386 587 p
472 592 525 652 A
551 592 692 653 Gaio
713 591 969 653 Caesare
998 588 1306 676 [inlocum
1330 591 1656 670 GaetuJIici
1679 591 2036 669 substitutus,
2064 593 2343 670 postridie

350 695 517 755 quam
539 676 622 737 ad
645 677 913 754 legiones
939 677 1129 753 venit,
1164 676 1430 736 sollemni
1455 677 1607 735 forte
1633 675 1974 755 spectaculo
2002 675 2343 754 plaudentes

347 760 617 838 inhibuit,
644 761 773 821 data
798 769 1051 836 tessera,
1087 769 1146 819 ut
1176 778 1376 821 manus
1413 759 1661 838 paenula
1695 761 2085 828 continerent;
2128 761 2339 820 statim-
2365 777 2392 815 ⁵

348 863 460 925 que
485 863 592 923 per
616 855 807 906 castra
835 846 1102 905 iactatum
1126 853 1243 904 est:

459 929 469 937 '
500 928 690 990 Disce
713 929 889 991 miles
918 928 1210 1003 militare,
1245 927 1454 989 Galba
1485 936 1595 1005 est,
1630 946 1754 989 vion
1786 926 2183 988 Gaetulicus!

345 1013 475 1073 Pari
499 1013 814 1073 severitate
841 1012 1134 1073 interdixit
1157 1022 1512 1073 commeatus
1538 1014 1675 1091 peti.
1725 1014 2077 1073 veteranum
2108 1012 2336 1073 actiro·
2393 998 2423 1029 ‘

344 1115 475 1156 nem
498 1097 733 1156 militem
759 1114 943 1176 opere
969 1095 1202 1156 assiduo
1238 1095 1664 1172 corroboravit,
1690 1105 2030 1173 matureque
2054 1094 2337 1170 barbaris,

347 1183 441 1258 qui
487 1182 596 1239 iam
635 1181 691 1241 in
730 1179 973 1240 Galliam
1009 1196 1192 1258 usque
1237 1189 1656 1259 proruperant,
1697 1180 2001 1256 coercitis,
2046 1178 2340 1259 praesenti
2364 1193 2413 1233 ιο

344 1282 577 1343 quoque
605 1263 747 1325 Gaio
778 1264 953 1324 talem
978 1272 1036 1323 et
1061 1282 1127 1323 se
1162 1272 1218 1322 et
1243 1266 1563 1324 exercitum
1589 1264 1968 1343 approbavit,
2007 1273 2064 1322 ut
2086 1263 2234 1323 inter
2259 1263 2339 1321 in·

343 1365 609 1408 numeras
645 1358 1091 1426 contractasque
1135 1365 1210 1407 ex
1244 1349 1507 1408 omnibus
1553 1348 1870 1428 provinciis
1910 1348 2112 1426 copias
2147 1364 2340 1426 neque

343 1434 726 1492 testimonium
772 1450 963 1511 neque
1002 1432 1255 1510 praemia
1298 1431 1578 1512 ampliora
1619 1432 1718 1492 ulli
1770 1433 2178 1512 perciperent;
2211 1432 2338 1509 ipse

342 1518 585 1576 maxime
609 1517 882 1594 insignis,
910 1515 1064 1595 quod
1090 1527 1473 1595 campestrem
1499 1515 1901 1576 decursionem
1941 1523 2106 1576 scuto
2141 1515 2337 1574 mode·

342 1610 521 1678 ratus,
553 1602 722 1660 etiam
746 1601 816 1661 ad
844 1599 1112 1659 essedum
1137 1601 1506 1679 imperatoris
1532 1618 1640 1678 per
1662 1600 1865 1678 viginti
1890 1618 2160 1679 passuum
2183 1597 2338 1658 milia
2359 1616 2408 1657 ιε

344 1686 618 1744 cucurrit.

283 1781 314 1837 7
469 1767 665 1829 Caede
693 1768 795 1829 Gai
819 1770 1107 1845 nuntiata,
1138 1768 1328 1827 multis
1369 1768 1440 1828 ad
1476 1770 1851 1828 occasionem
1899 1767 2334 1843 stimulantibuS,

341 1853 590 1931 quietem
618 1851 906 1931 praetulit.
953 1851 1066 1911 Per
1112 1851 1226 1912 hoc
1260 1854 1623 1929 gratissimus
1663 1850 1904 1913 Claudio
1942 1860 2334 1930 receptusque

296 1973 300 1977 ·
339 1937 393 1997 in
428 1936 729 1997 cohortem
752 1938 1098 2013 amicorum,
1135 1945 1328 1997 tantae
1353 1935 1700 2015 dignationis
1726 1945 1816 1998 est
1839 1934 2094 2012 habitus,
2126 1944 2181 1995 ut
2210 1953 2334 1996 cum

340 2021 525 2082 subita
548 2023 603 2080 ei
629 2020 879 2080 valitudo
909 2038 1019 2080 nec
1041 2020 1189 2080 adeo
1213 2022 1413 2097 gravis
1435 2021 1761 2098 incidisset,
1805 2020 2012 2081 dilatus
2048 2022 2119 2080 sit
2155 2038 2331 2099 expe·
2352 2035 2403 2076 20

340 2104 570 2165 ditionis
597 2103 962 2163 Britannicae
985 2104 1129 2164 dies.
1161 2103 1420 2164 Africam
1445 2123 1554 2183 pro
1582 2104 1821 2165 consule
1845 2103 2077 2164 biennio
2110 2106 2331 2183 optinu-

340 2192 380 2247 it
405 2197 567 2247 extra
602 2196 818 2248 sortem
857 2187 1081 2247 electus
1106 2187 1180 2248 ad
1202 2188 1569 2249 ordinandam
1598 2190 1957 2268 provinciam
1985 2197 2042 2248 et
2067 2190 2333 2249 intestina

339 2272 700 2332 dissensione
738 2281 796 2331 et
838 2270 1215 2332 barbarorum
1250 2273 1489 2333 tumultu
1543 2275 1880 2352 inquietam3
1932 2272 2333 2351 ordinavitque

338 2373 545 2432 magna
571 2357 899 2415 severitatis
936 2373 1006 2415 ac
1041 2356 1291 2416 iustitiae
1333 2375 1501 2434 cura,
1545 2359 1713 2418 etiam
1750 2360 1805 2416 in
1845 2357 2100 2437 parvulis
2134 2356 2331 2417 rebus.

337 2439 522 2516 Militi,
559 2440 655 2517 qui
679 2457 787 2517 per
810 2439 1242 2519 expeditionem
1263 2442 1548 2501 artissima
1582 2459 1807 2502 annona
1846 2441 2133 2501 residuum
2174 2441 2325 2501 ciba·
2350 2452 2401 2491 2⁶

337 2526 552 2585 riorum
589 2524 763 2582 tritici
786 2524 1034 2584 modium
1061 2534 1290 2585 centum
1314 2524 1568 2586 denariis
1598 2525 1930 2586 vendidisse
1955 2525 2328 2602 arguebatur,

338 2609 540 2684 vetuit,
573 2607 738 2667 simul
767 2617 939 2686 atque
963 2608 1224 2686 indigere
1251 2608 1383 2669 cibo
1409 2610 1736 2687 coepisset,
1767 2627 1799 2669 a
1831 2627 2119 2688 quoquam
2157 2625 2329 2688 opem

335 2693 505 2762 ferri;
531 2693 662 2751 etis
687 2691 838 2751 fame
864 2694 1139 2752 extabuit.
1178 2692 1255 2753 At
1283 2695 1339 2751 in
1365 2696 1488 2754 iure
1513 2692 1762 2753 dicendo
1791 2712 1917 2753 cum
1957 2693 2028 2753 de
2066 2694 2328 2773 proprie·

337 2786 453 2838 tate
477 2776 710 2835 iumenti
735 2786 1134 2855 quaereretur,
1161 2776 1391 2837 levibus
1417 2779 1700 2855 utrimque
1725 2779 2076 2855 argumentis
2101 2787 2158 2838 et
2171 2778 2326 2837 testi·

335 2862 442 2921 bus
466 2860 716 2937 ideoque
742 2859 960 2934 difficili
986 2861 1320 2921 coniectura
1342 2864 1621 2937 veritatis,
1652 2863 1730 2921 ita
1767 2861 2030 2921 decrevit
2051 2870 2111 2921 ut
2147 2861 2215 2921 ad
2247 2861 2326 2920 la·
2348 2874 2398 2917 ³0

339 2964 494 3023 cum,
532 2943 628 3004 ubi
654 2943 925 3023 adaquari
950 2944 1208 3021 solebat,
1248 2946 1556 3005 duceretur
1590 2947 1782 3024 capite
1823 2945 2113 3020 involut0,
2157 2954 2328 3024 atque

336 3028 546 3089 ibidem
580 3028 843 3088 revelato
882 3029 1007 3087 eius
1042 3039 1231 3106 esset,
1273 3029 1345 3089 ad
1382 3048 1550 3109 quem
1588 3038 1799 3109 sponte
1834 3047 1899 3089 se
1938 3049 1971 3090 a
2004 3037 2141 3108 potu
2167 3047 2328 3089 rece·

338 3113 541 3191 pisset.

278 3216 313 3269 g
457 3194 545 3254 Ob
571 3214 666 3254 res
688 3206 747 3256 et
768 3204 902 3256 tunc
924 3197 979 3256 in
1010 3194 1210 3256 Africa
1241 3204 1300 3256 et
1325 3196 1462 3256 olim
1492 3199 1548 3256 in
1588 3197 1888 3259 Germania
1924 3206 2126 3275 gestas
2163 3214 2327 3256 orna-

335 3286 524 3338 menta
547 3278 909 3357 triumphalia
935 3282 1164 3359 accepit
1195 3289 1252 3340 et
1282 3281 1666 3341 sacerdotium
1697 3282 1944 3361 triplex,
1980 3284 2130 3341 inter
2167 3281 2323 3359 quin·
2345 3301 2395 3343 ss

336 3361 684 3422 decimviros
708 3362 1060 3444 sodalesque
1087 3365 1269 3425 Titios
1300 3365 1432 3425 item
1468 3365 1827 3443 Augustales
1867 3375 2207 3445 cooptatum
2244 3372 2323 3424 at·

337 3462 450 3522 que
475 3462 549 3503 ex
575 3460 646 3501 eo
674 3452 935 3522 tempore
962 3466 1151 3527 prope
1177 3448 1247 3509 ad
1276 3449 1520 3510 medium
1555 3449 1809 3510 Neronis
1849 3451 2232 3528 principatum
2270 3450 2326 3507 in

336 3544 575 3586 secessu
601 3525 899 3603 plurimum
922 3533 1079 3610 vixit,
1107 3535 1212 3611 (ne
1238 3532 1310 3593 ad
1328 3534 1665 3611 gestandum
1688 3534 1914 3613 quidem
1942 3552 2203 3613 umquam
2219 3535 2328 3592 iter
