2553 3960
905 264 1325 318 PRAEFATIO.
1837 273 2016 322 Lxm

195 430 333 485 fatus
364 433 471 482 est.
529 425 676 482 Hinc
709 427 772 482 fit
790 432 850 481 ut
882 428 1130 499 reliquas
1163 445 1386 501 quoque
1415 429 1773 488 dlversitates
1805 432 1859 488 in
1884 433 2013 491 solo

193 511 438 568 Leidensi
475 511 633 567 libro
674 516 931 583 repertas
974 512 1279 569 scribentis
1308 516 1401 570 vel
1430 529 1626 571 errore
1658 515 1749 570 vel
1777 516 2035 577 arbitrio.

197 602 338 653 ortas
365 601 593 668 putem,
642 593 886 666 ideoque
916 595 972 651 in
1004 597 1258 653 ordinem
1300 613 1411 654 non
1453 600 1784 671 receperim.
1876 601 2015 656 Sunt

195 695 321 736 vero
353 682 495 736 haee
537 697 594 752 p.
623 685 749 750 258,
780 684 849 737 14
873 678 1011 736 Post
1033 681 1153 751 hos,
1186 687 1254 741 29
1283 684 1469 753 valuit,
1499 689 1568 743 32
1593 682 1880 755 diliyenter
1909 686 2013 740 ali-

193 763 331 835 quid,
365 780 421 835 p.
448 769 579 834 259,
622 769 691 822 13
723 765 1136 835 apparandum,
1171 770 1241 822 22
1266 781 1298 822 e
1326 768 1471 833 ludo,
1506 784 1562 838 p.
1592 772 1717 837 260,
1749 771 1817 827 37
1851 784 2012 823 mox-

192 862 287 918 que
313 863 470 918 eque,
502 865 562 920 p.
595 853 721 917 263,
754 853 788 907 6
815 847 1015 903 Mirati
1033 864 1321 918 summum,
1361 868 1415 923 p.
1455 855 1579 922 264,
1611 855 1678 910 37
1695 851 2010 923 publicave-

192 936 301 1002 rai,
330 948 381 1002 p.
414 937 521 992 266
537 973 555 998 ,
589 938 661 991 33
694 934 1043 1004 pepercisse,
1086 951 1143 1006 p.
1180 939 1306 1005 268,
1342 942 1377 995 3
1412 936 1675 1007 paululo,
1718 941 1788 994 14
1821 950 2013 991 conve-

190 1017 353 1087 niant,
384 1033 437 1088 p.
456 1022 588 1087 269,
611 1022 646 1076 6
672 1031 784 1070 non
810 1033 945 1087 nna,
975 1023 1044 1076 10
1072 1022 1124 1072 et
1145 1033 1371 1090 presse,
1403 1035 1456 1090 p.
1481 1023 1605 1089 270,
1635 1026 1669 1078 5
1694 1020 1838 1075 idem
1860 1019 2008 1089 mihi,

195 1107 251 1159 15
278 1099 478 1170 studia,
514 1106 588 1160 26
610 1099 896 1156 Mancino,
957 1101 1166 1174 Recepi
1200 1108 1381 1158 tamen
1406 1119 1549 1173 qnae
1582 1103 1674 1160 vel
1704 1104 1826 1160 sine
1863 1104 2012 1160 libro

191 1183 508 1256 recipienda
539 1190 734 1240 erant:
764 1202 818 1257 p.
835 1190 1008 1255 258,4
1034 1200 1335 1258 yenerque,
1364 1193 1401 1247 8
1422 1188 1775 1259 optimatium,
1808 1205 1863 1261 p.
1885 1194 2010 1260 262,

190 1273 253 1327 38
276 1269 568 1338 cauliculi,
609 1286 666 1341 p.
699 1272 838 1339 270,
871 1275 941 1329 38
967 1270 1193 1325 salsum.

306 1351 391 1407 Ad
436 1353 871 1409 confirmandam
915 1353 1132 1409 codicis
1175 1353 1466 1410 Leidensis
1510 1355 1669 1411 fldem
1714 1372 1828 1412 non
1876 1371 2009 1411 raro

192 1435 397 1492 dubiam
417 1443 591 1508 atque
624 1437 922 1508 ancipitem
951 1438 1176 1492 multum
1197 1439 1518 1494 Florentina
1556 1439 1732 1495 editio
1764 1439 2007 1508 confert,

191 1520 347 1576 multo
376 1521 506 1593 plus
543 1520 829 1576 Gudianus
866 1522 1065 1579 codex.
1157 1520 1376 1595 Quippe
1410 1523 1669 1594 editioni,
1698 1523 1857 1578 cuius
1892 1522 2013 1578 sin-

193 1604 396 1673 gularia
432 1621 768 1661 enumerare
811 1620 921 1660 non
954 1603 1190 1676 attinet,
1233 1611 1345 1661 tam
1383 1606 1696 1679 propinqua
1730 1621 1854 1660 cum
1885 1605 2011 1662 Lei-

195 1686 504 1745 densilibro
542 1689 712 1758 origo
745 1693 852 1758 est,
882 1694 942 1744 ut
971 1705 1081 1745 non
1113 1705 1245 1745 raro
1282 1689 1505 1745 easdem
1536 1689 1785 1745 maculas
1817 1694 2007 1744 traxe-

193 1771 285 1841 rit,
333 1779 392 1828 ut
429 1790 490 1845 p.
521 1776 650 1842 257,
681 1777 752 1830 24
788 1766 846 1827 ‘el
885 1778 1116 1843 ceteras,
1166 1791 1224 1846 p.
1258 1778 1398 1843 260,
1443 1780 1512 1831 10
1540 1771 2007 1844 Scytobackwms,

192 1871 242 1925 p.
269 1861 388 1926 263,
424 1862 487 1915 11
518 1859 717 1929 quasi,
757 1862 824 1917 17
856 1858 1163 1913 litterarum
1194 1858 1482 1927 omissum,
1513 1873 1568 1929 p.
1603 1862 1729 1928 264,
1761 1863 1832 1918 36
1858 1857 2005 1935 infe-

193 1940 355 2011 nbre,
388 1958 447 2014 p.
475 1946 622 2013 266,
652 1946 722 2002 26
755 1957 860 1997 nec
888 1944 977 2014 ni,
1008 1960 1064 2016 p.
1095 1946 1217 2008 267,
1247 1947 1316 2003 17
1347 1958 1516 1999 unum
1543 1943 1655 2012 vel,
1687 1959 1744 2015 p.
1775 1947 1912 2014 270,
1941 1949 2010 2001 10
2040 2003 2045 2008 ,

192 2025 523 2082 ordinarium
540 2066 560 2096 ,
592 2031 659 2084 14
688 2031 759 2097 el,
789 2044 846 2099 p.
883 2032 1008 2099 271,
1045 2031 1112 2086 27
1147 2026 1407 2084 Pisonem
1436 2029 1816 2099 personalem,
1852 2033 1918 2087 31
1949 2029 2006 2081 in

191 2108 385 2180 ispeum
424 2103 653 2184 eratss).

298 2193 370 2249 At
396 2211 539 2251 vero
571 2193 853 2251 Gudianus
883 2194 1102 2265 codex,
1144 2195 1292 2251 idem
1324 2202 1381 2251 et
1411 2197 1651 2269 optimus
1683 2202 1740 2251 et
1766 2194 2003 2267 plurima

195 2275 486 2347 singularia
506 2272 584 2354 ⁴⁴)
617 2279 912 2336 continens
931 2318 951 2349 ‚
993 2285 1105 2335 tam
1134 2280 1307 2350 longe
1339 2297 1369 2337 a
1400 2280 1662 2336 Leidensi
1692 2279 1895 2348 distat,
1944 2285 2005 2334 ut

196 2376 466 2433 numquam
496 2364 554 2418 in
592 2362 771 2433 vitiis,
800 2363 909 2418 nisi
938 2361 1365 2435 antiquissimis,
1398 2365 1725 2436 conspirent
1753 2379 1861 2418 nec
1892 2362 2002 2418 nisi

196 2459 316 2501 vera
354 2446 668 2503 communia
707 2448 968 2503 habeant.
1061 2437 1660 2504 Gudianum'codicem
1705 2463 1827 2502 cum
1872 2452 2001 2502 ante

196 2542 288 2584 nos
330 2547 491 2588 nemo
538 2531 951 2601 consuluisset,
996 2531 1303 2587 cavendum
1341 2531 1446 2588 fuit
1495 2546 1573 2587 ne
1607 2522 1841 2604 novass)
1879 2530 2002 2586 eius

317 2658 408 2724 43)
462 2659 628 2711 Etiam
675 2676 790 2711 cum
824 2661 1142 2713 Berolinensi
1189 2661 1347 2722 libro,
1396 2660 1532 2725 quod
1572 2660 1862 2710 mirandum
1904 2666 2001 2719 est,

196 2724 445 2782 Leidensis
494 2729 673 2796 lapsus
713 2730 960 2795 quosdam
1014 2744 1309 2781 communes
1344 2729 1522 2787 habet,
1567 2737 1624 2779 ut
1665 2744 1718 2795 p.
1756 2728 1888 2790 260,
1933 2726 2003 2779 38

197 2809 281 2844 non
310 2798 580 2860 omissum,
622 2813 676 2865 p.
720 2797 848 2860 263,
886 2800 954 2850 24
983 2808 1032 2851 et
1064 2802 1309 2865 maqieter
1340 2798 1596 2850 Ciceronis
1614 2834 1628 2862 ,
1679 2814 1733 2865 p.
1770 2796 1902 2860 268,
1939 2796 2003 2846 10

200 2878 283 2914 non
316 2876 500 2919 essent.

319 2938 406 3001 44)
459 2937 710 3003 Exempla
767 2936 894 2987 haec
934 2936 1063 2992 sint:
1121 2953 1173 3003 p.
1230 2938 1358 2998 257,
1400 2937 1462 2988 17
1521 2953 1629 2987 cnm
1678 2938 1730 2987 in
1776 2938 1998 3001 regione,

199 3016 243 3066 p.
284 3005 410 3066 258,
469 3005 536 3057 23
590 3007 876 3056 conductum
928 3013 987 3057 nt
1038 3009 1241 3069 multos,
1310 3007 1377 3055 27
1445 3009 1639 3073 quidem
1698 3007 1868 3055 docuit
1914 3007 2001 3065 ad,

200 3084 246 3135 p.
279 3071 403 3135 261,
444 3075 508 3126 13
555 3091 662 3126 cum
698 3077 750 3126 in
787 3076 996 3136 iudicia,
1051 3075 1116 3126 17
1147 3078 1334 3127 aetatis
1368 3076 1643 3135 omissum,
1700 3090 1753 3141 p.
1795 3073 1923 3134 262,
1968 3075 2002 3122 2

204 3142 498 3194 censebatur.
557 3144 648 3195 Sic
676 3145 976 3224 philologus.
1034 3145 1208 3207 Quod,
1261 3144 1327 3196 16
1364 3148 1530 3201 euius,
1566 3144 1636 3195 20
1679 3146 1762 3193 vel
1794 3159 1864 3193 eoe
1904 3142 1999 3204 his,

202 3209 259 3258 22
285 3205 421 3261 κατὰ
468 3206 885 3280 γραμματικοὺς
919 3229 1075 3279 supra
1110 3229 1343 3269 versum,
1386 3213 1455 3265 38
1490 3221 1569 3281 ee*
1571 3214 1734 3273 libra,
1783 3213 1837 3263 in
1863 3226 1999 3262 mar-

201 3278 306 3342 gine
346 3298 475 3348 una,
638 3284 769 3345 263,
828 3283 895 3336 35
950 3285 1475 3348 consuetudinemque,
1520 3298 1573 3348 p.
1614 3281 1746 3344 264,
1792 3283 1828 3332 4
1874 3282 1999 3345 fuit,

202 3320 502 3413 p.265,1’1
541 3352 600 3414 Q.
641 3362 726 3419 atq
727 3370 790 3404 ne
825 3352 1001 3413 Sexti,
1045 3352 1106 3403 21
1151 3354 1523 3437 grammaticum
1556 3352 1797 3416 quendam
1836 3350 2001 3401 Grae-

203 3430 309 3481 wm,
343 3435 392 3487 p.
413 3420 529 3483 268,
547 3423 584 3473 4
615 3371 726 3474 cuiq
732 3424 994 3483 omissum,
1031 3437 1082 3487 p.
1105 3421 1225 3484 270,
1255 3422 1319 3472 17
1357 3425 1463 3471 eius
1501 3420 1763 3478 omissum,
1799 3434 1853 3485 p.
1876 3418 2000 3477 271,

202 3483 262 3535 26
291 3503 380 3538 sua
413 3506 592 3557 magna
625 3494 828 3543 invidia.

325 3558 414 3624 45)
464 3560 579 3610 Non
615 3561 791 3612 dubito
829 3561 952 3625 quin
997 3560 1207 3610 inventa
1253 3572 1389 3609 nunc
1424 3558 1644 3623 primum
1677 3556 1732 3605 in
1770 3551 2000 3601 Gudiano
