2553 3960
1048 211 1390 259 GALBA.
2069 198 2186 259 207

199 367 400 428 Salvio
441 366 651 427 Othoni
693 366 959 445 praebuit
1003 365 1340 445 perficiendi
1386 375 1592 425 conata
1624 367 1767 426 intra
1805 375 2029 425 sextum
2052 365 2186 425 ado·

197 453 417 532 ptionis
454 450 623 510 diem.

326 536 537 613 Magna
562 544 618 594 et
641 534 868 595 assidua
894 543 1144 594 monstra
1171 535 1280 594 iam
1319 533 1450 593 inde
1482 552 1513 593 a
1551 534 1836 612 principio
1873 534 2084 592 exitum
2114 535 2185 609 ei,
2212 544 2274 598 18

198 620 387 700 qualis
412 621 626 695 evenit,
652 618 1084 698 portenderant.
1166 616 1305 678 Cum
1342 636 1451 697 per
1475 634 1642 677 omne
1668 614 1788 677 'iter
1821 615 2024 677 dextra
2058 619 2188 676 sini-

151 727 179 766 s
201 714 435 782 straque
473 702 790 783 oppidatim
832 704 1100 762 victimae
1137 701 1547 778 caederentur,
1587 710 1782 762 taurus
1818 702 2040 760 securis
2075 701 2190 761 ictu

148 832 155 838 -
200 797 604 848 consternatus
629 796 801 866 rupto
832 786 1066 846 vinculo
1105 786 1371 846 essedum
1397 787 1521 845 eius
1543 787 1752 844 invasit
1782 785 2064 863 elatisque
2089 802 2187 862 pe-

197 871 367 932 dibus
393 880 569 931 totum
596 889 803 932 cruore
828 869 1113 951 perfudit;
1150 888 1218 930 ac
1243 869 1691 930 descendentem
1723 869 2060 947 speculator
2090 871 2186 927 im-

198 956 368 1036 pulsu
394 955 593 1017 turbae
608 954 815 1016 lancea
831 971 1019 1034 prope
1034 954 1377 1014 vulneravit.
1424 952 1640 1015 Urbem
1656 971 1888 1032 quoque
1908 961 1966 1012 et
1983 951 2189 1011 deinde

195 1040 476 1102 Palatium
498 1041 824 1118 ingressum
847 1039 1085 1116 excepit
1111 1047 1299 1098 terrae
1332 1047 1547 1098 tremor
1570 1046 1627 1097 et
1651 1037 1921 1097 assimilis
1963 1035 2189 1114 quidam

127 1143 174 1184 ιο
193 1125 432 1202 mugitui
460 1140 655 1195 sonus.
716 1123 928 1183 Secuta
967 1131 1095 1181 sunt
1132 1122 1426 1201 aliquanto
1464 1122 1877 1181 manifestiora.
1950 1120 2188 1195 Monile,

195 1209 521 1286 margaritis
544 1209 903 1286 gemmisque
929 1216 1276 1282 consertum,
1294 1206 1366 1267 ad
1388 1205 1696 1266 ornandam
1708 1205 1883 1267 Fortu
1897 1222 2016 1263 nam
2031 1222 2191 1263 suam

198 1291 580 1354 Tusculanam
609 1311 686 1351 ex
710 1293 861 1352 omni
885 1309 1032 1369 gaza
1065 1299 1428 1358 secreverat;
1465 1289 1522 1349 id
1546 1299 1790 1369 repente
1816 1290 1978 1368 quasi
2010 1306 2187 1366 augu-

199 1378 379 1437 stiore
411 1375 639 1453 dignius
662 1376 799 1435 loco
834 1374 1196 1453 Capitolinae
1220 1375 1439 1434 Veneri
1468 1373 1784 1450 dedicavit,
1828 1391 1898 1433 ac
1927 1374 2189 1452 proxima

200 1469 373 1521 nocte
421 1461 730 1519 somniavit
779 1461 1037 1538 speciem
1081 1458 1370 1519 Fortunae
1422 1460 1717 1536 querentis
1761 1456 2075 1517 fraudatam
2124 1473 2188 1514 se

133 1561 179 1600 ιε
202 1545 356 1604 dono
383 1543 691 1620 destinate,
715 1544 1096 1619 minantisque
1123 1551 1449 1620 erepturam
1467 1551 1524 1600 et
1547 1544 1728 1620 ipsam
1748 1558 1895 1618 quae
1913 1540 2186 1599 dedisset.

203 1627 460 1707 Cumque
486 1628 795 1687 exterritus
819 1625 950 1686 luce
974 1626 1154 1704 prima
1180 1625 1249 1684 ad
1287 1624 1632 1701 expiandum
1670 1625 1984 1700 somnium,
2022 1640 2187 1702 prae-

199 1713 393 1771 missis
417 1712 660 1788 quirem
699 1708 947 1769 divinam
983 1716 1362 1787 appararent,
1401 1706 1708 1767 Tusculum
1743 1709 2187 1781 excucurrisset,

200 1794 339 1854 nihil
368 1794 585 1852 invenit
608 1801 842 1872 praeter
870 1790 1120 1871 tepidam
1146 1793 1202 1851 in
1228 1810 1326 1852 ara
1351 1790 1607 1851 favillam
1646 1801 1999 1870 atratumque
2034 1793 2191 1850 iuxta

171 1914 182 1921 ι
204 1896 399 1939 senem
425 1878 480 1936 in
507 1879 697 1939 casino
720 1877 906 1936 vitreo
932 1875 1060 1936 thus
1085 1884 1373 1935 tenentem
1400 1876 1537 1935 etin
1563 1876 1747 1935 calice
1769 1876 1928 1935 fictili
1953 1893 2187 1934 merum.

130 1980 181 2021 20
202 1963 584 2024 Observatum
610 1963 778 2022 etiam
802 1969 908 2038 est,
936 1959 1029 2020 Kl.
1056 1959 1172 2020 Ian.
1200 1960 1545 2021 sacrificanti
1583 1977 1857 2021 coronam
1892 1959 1963 2020 de
2002 1962 2191 2039 capite

202 2047 523 2123 excidisse,
561 2047 879 2125 auspicanti
915 2045 1110 2124 pullos
1144 2045 1446 2111 avolasse;
1496 2043 1825 2122 adoptionis
1870 2045 1962 2104 die
1999 2061 2189 2123 neque

199 2132 411 2192 milites
443 2129 783 2191 adlocuturo
811 2139 1166 2190 castrensem
1195 2128 1398 2189 sellam
1422 2128 1492 2187 de
1507 2144 1667 2187 more
1691 2130 1938 2207 positam
1966 2145 2072 2206 pro
2094 2129 2185 2186 tri·

199 2215 412 2292 bunali,
439 2214 635 2275 oblitis
656 2215 950 2291 ministris,
979 2222 1036 2273 et
1059 2214 1114 2271 in
1144 2221 1347 2273 senatu
1389 2212 1643 2272 curulem
1684 2230 1966 2292 perverse
2004 2212 2186 2271 collo·

203 2308 404 2361 catam.
468 2299 635 2359 Prius
663 2316 807 2358 vero
841 2316 1006 2377 quam
1032 2297 1401 2359 occideretur
1437 2297 1856 2356 sacrificantem
1891 2314 2057 2355 mane
2088 2295 2185 2355 ha·
2208 2301 2272 2355 19

135 2402 184 2442 25
199 2401 417 2461 ruspex
449 2381 756 2441 identidem
778 2382 1014 2458 monuit,
1047 2392 1283 2441 caveret
1305 2380 1656 2459 periculum,
1688 2398 1802 2439 non
1835 2380 2015 2457 longe
2053 2397 2184 2459 per·

204 2482 477 2527 cussores
502 2464 733 2525 abesse.

321 2549 484 2609 Haud
518 2547 697 2609 multo
730 2556 866 2627 post
901 2549 1212 2625 cognoscit
1247 2549 1435 2607 teneri
1475 2557 1662 2608 castra
1697 2546 1766 2608 ab
1810 2547 2068 2624 Othone,
2117 2566 2186 2608 ac

201 2635 498 2714 plerisque
513 2643 574 2694 ut
591 2631 792 2693 eodem
811 2650 977 2711 quam
1001 2633 1240 2710 primum
1265 2640 1542 2709 pergeret
1557 2631 1944 2709 suadentibus,
1971 2634 2184 2712 (posse

204 2721 352 2778 enim
378 2719 719 2777 auctoritate
747 2724 807 2775 et
833 2716 1161 2794 praesentia
1185 2715 1561 2794 praevalere)
1587 2716 1725 2775 nihil
1750 2716 1993 2795 amplius
2018 2734 2185 2795 quam

137 2803 502 2861 socontinere
528 2818 592 2859 se
629 2801 821 2859 statuit
858 2809 915 2859 et
958 2798 1408 2876 legionariorum
1453 2800 1678 2859 firmare
1715 2801 2054 2879 praesidiis,
2090 2800 2185 2879 qui

202 2883 564 2945 multifariam
589 2884 936 2962 diverseque
968 2882 1296 2942 tendebant.
1353 2882 1613 2943 Loricam
1650 2892 1838 2944 tamen
1872 2885 2049 2944 induit
2082 2884 2184 2943 lin-

201 2980 372 3045 team,
401 2986 739 3049 quamquam
763 2966 911 3026 haud
939 2965 1305 3027 dissimulans
1332 2985 1528 3045 parum
1551 2967 1832 3028 adversus
1854 2977 1939 3028 tot
1961 2985 2184 3028 mucro·

202 3073 305 3115 nes
329 3053 703 3133 profuturam.
783 3051 899 3111 Sed
932 3059 1224 3112 extractus
1255 3051 1581 3111 rumoribus
1619 3051 1819 3128 falsis,
1865 3070 2013 3130 quos
2049 3070 2183 3113 con-

203 3140 421 3218 spirati,
449 3147 507 3198 ut
527 3156 654 3197 eum
674 3136 728 3194 in
755 3135 1046 3215 publicum
1070 3136 1380 3213 elicerent,
1416 3135 1487 3195 de
1513 3136 1787 3196 industria
1813 3135 2184 3214 dissiparant,

139 3246 186 3286 as
206 3224 403 3301 paucis
427 3232 649 3282 temere
672 3220 1083 3281 affirmantibus
1114 3228 1463 3280 transactum
1487 3221 1813 3297 negotium,
1839 3236 2185 3299 oppressos,

208 3309 297 3384 qui
322 3306 813 3381 tumultuarentur,
841 3304 1116 3364 advenire
1141 3303 1462 3383 frequentis
1479 3313 1714 3364 ceteros
1732 3304 2186 3381 gratulabundos

207 3390 340 3449 etin
370 3408 535 3451 omne
561 3390 899 3469 obsequium
926 3397 1191 3468 paratos;
1220 3390 1291 3447 iis
1315 3395 1374 3446 ut
1399 3397 1738 3448 occurreret
1763 3389 2005 3467 prodiit,
2031 3395 2185 3448 tanta

208 3472 411 3534 fidncia
435 3482 493 3533 ut
522 3474 684 3533 militi
712 3470 931 3532 cuidam
969 3474 1225 3532 occisum
1259 3490 1292 3532 a
1330 3489 1393 3530 se
1433 3469 1714 3531 Othonem
1750 3472 2022 3549 glorianti
2048 3466 2183 3543 Quo
