2553 3960
356 205 478 269 238
516 219 576 267 e.
604 219 903 267 snss'rom
929 218 1186 277 TRANQ.
1218 218 1311 263 DE
1337 218 1503 264 vrrA
1529 216 1898 264 CAESARUM
1922 219 2056 264 Lm.
2082 218 2228 264 vm.

357 370 785 454 praefecturam
819 390 1052 453 quoque
1085 372 1341 452 praetori
1370 373 1634 451 suscepit
1661 389 1963 450 numquam
2002 372 2074 432 ad
2118 373 2174 432 id
2205 382 2345 433 tem-

358 477 464 539 pus
500 460 607 516 nisi
635 456 707 517 ab
740 475 834 536 eq.
871 458 942 518 R.
977 457 1444 533 administratam,
1477 458 1713 535 egitque
1737 457 2031 534 aliquanto
2057 457 2346 517 incivilius

356 552 413 603 et
447 541 772 600 violentius.
850 541 1145 618 Siquidem
1177 542 1673 619 suspectissimum
1704 557 1992 618 quemque
2021 540 2163 618 sibi,
2197 560 2343 601 sum-

355 628 545 686 missis
578 627 672 703 qui
702 642 812 703 per
846 623 1070 684 theatra
1103 633 1162 683 et
1206 633 1397 684 castra
1442 626 1606 701 quasi
1652 641 1940 684 consensu
1982 623 2053 683 ad
2096 642 2345 704 poenam

356 711 771 788 deposcerent,
800 707 950 768 haud
980 717 1318 768 cunctanter
1350 710 1665 788 oppressit.
1738 707 1803 767 In
1832 707 1923 767 his
1952 707 2161 767 Aulum
2197 707 2341 770 Cae·
2372 735 2401 762 ο

357 796 542 853 cinam
573 793 970 869 consularem,
1017 800 1285 852 vocatum
1313 792 1387 852 ad
1420 809 1657 852 caenam
1701 809 1774 852 ac
1814 791 2047 852 vixdum
2090 793 2340 853 triclinio

356 894 679 955 egressum,
708 875 944 936 confodi
966 877 1156 945 iussit3
1183 893 1325 936 sane
1347 885 1634 954 urguente
1658 874 2006 952 discrimine,
2032 895 2158 937 cum
2175 877 2342 936 etiam

357 960 805 1039 chirographum
843 961 967 1020 eius
997 969 1380 1039 praeparatae
1409 960 1559 1039 apud
1587 960 1800 1020 milites
1826 961 2111 1021 contionis
2134 959 2341 1039 depre-

354 1044 669 1105 hendisset.
732 1043 952 1120 Quibus
993 1044 1169 1103 rebus
1217 1045 1367 1103 sicut
1407 1046 1463 1103 in
1515 1053 1810 1122 posterum
1860 1046 2152 1105 securitati
2201 1045 2343 1104 satis

358 1131 539 1204 cavit,
585 1131 662 1188 ita
709 1127 778 1188 ad
818 1146 1100 1207 praesens
1144 1128 1447 1206 plurimum
1487 1130 1773 1188 contraxit
1802 1128 2082 1205 invidiae,
2131 1137 2190 1188 ut
2223 1146 2341 1188 non
2368 1142 2420 1183 ιο

356 1223 576 1272 temere
613 1214 742 1290 quis
772 1222 884 1272 tam
930 1211 1179 1272 adverso
1221 1229 1456 1273 rumore
1496 1214 1796 1291 magisque
1844 1212 2036 1271 invitis
2079 1211 2344 1273 omnibus

357 1297 649 1356 transierit
680 1295 751 1355 ad
783 1297 1181 1375 principatum.

296 1396 332 1456 7.
484 1379 723 1439 Praeter
754 1381 1052 1440 saevitiam
1083 1387 1357 1458 suspecta
1387 1380 1445 1438 in
1467 1396 1540 1439 eo
1565 1381 1735 1441 etiam
1759 1379 1983 1440 luxuria
2010 1389 2155 1456 erat,
2186 1379 2345 1458 quod

355 1464 426 1525 ad
456 1463 699 1524 mediam
732 1473 962 1523 noctem
1006 1465 1448 1524 comissationes
1482 1480 1608 1523 cum
1651 1464 2055 1543 profusissimo
2104 1481 2342 1543 quoque

353 1549 710 1608 familiarium
740 1546 1110 1617 extenderet;
1159 1565 1272 1608 nec
1315 1549 1497 1607 minus
1543 1547 1752 1624 libido,
1795 1556 2038 1627 propter
2076 1548 2420 1608 exoleto-15

353 1651 477 1693 rum
507 1641 566 1692 et
594 1631 915 1711 spadonum
943 1650 1164 1710 greges
1196 1639 1557 1711 propterque
1585 1633 1869 1710 insignem
1899 1633 2140 1709 reginae
2162 1632 2339 1692 Bere-

352 1718 515 1776 nices
547 1734 822 1793 amorem,
856 1717 947 1776 cui
980 1717 1151 1776 etiam
1181 1717 1412 1794 nuptias
1441 1716 1737 1795 pollicitus
1773 1715 2099 1786 ferebatur;
2133 1733 2339 1794 suspe-

355 1809 446 1860 cta
476 1802 792 1879 rapacitas,
830 1799 982 1879 quod
1016 1798 1321 1860 constabat
1367 1801 1423 1858 in
1469 1800 1901 1877 cognitionibus
1931 1801 2112 1879 patris
2142 1799 2339 1860 nundi-

352 1886 475 1944 nari
507 1885 928 1963 praemiarique
954 1884 1218 1953 solitum;
1250 1883 1500 1962 denique
1524 1880 1824 1963 propalam
1851 1885 2021 1944 alium
2043 1883 2341 1944 Neronem

353 1979 411 2030 et
444 1968 821 2048 opinabantur
851 1976 910 2028 et
955 1967 1384 2048 praedicabant.
1470 1967 1546 2029 At
1592 1969 1677 2029 illi
1719 1988 1788 2031 ea
1834 1969 1985 2030 fama
2031 1986 2137 2049 pro
2178 1967 2339 2030 hono
2360 1989 2415 2030 20

355 2054 532 2113 cessit
562 2069 962 2131 conversaque
995 2062 1085 2112 est
1116 2054 1172 2112 in
1206 2054 1482 2113 maximas
1513 2053 1745 2132 laudes,
1791 2071 1983 2132 neque
2027 2055 2168 2114 vitio
2218 2052 2340 2112 ullo

352 2145 590 2216 reperto
622 2145 680 2196 et
709 2145 911 2197 contra
938 2136 1241 2197 virtutibus
1268 2138 1515 2197 summis.

476 2218 757 2279 Convivia
798 2221 1033 2280 instituit
1066 2221 1312 2282 iucunda
1352 2223 1539 2300 magis
1571 2239 1739 2300 quam
1771 2220 2029 2300 profusa.
2095 2220 2341 2281 Amicos

353 2304 551 2382 elegit,
594 2303 798 2383 quibus
835 2305 1004 2365 etiam
1035 2314 1171 2385 post
1203 2324 1333 2365 eum
1362 2306 1657 2385 principes
1693 2314 1753 2364 ut
1793 2314 1852 2365 et
1895 2305 2004 2365 sibi
2043 2313 2103 2364 et
2142 2305 2230 2364 rei
2274 2324 2338 2383 p.

352 2390 704 2448 necessariis
732 2388 1152 2468 adquieverunt
1183 2391 1622 2470 praecipueque
1655 2398 1786 2449 sunt
1829 2391 1934 2449 usi.
2012 2388 2338 2449 Berenicen
2358 2409 2411 2449 2⁵

352 2474 540 2533 statim
570 2472 640 2534 ab
674 2472 819 2533 urbe
849 2472 1079 2550 dimisit,
1113 2475 1322 2533 invitus
1354 2475 1603 2534 invitam.
1684 2473 1976 2548 Quosdam
2006 2490 2040 2532 e
2071 2474 2338 2551 gratissi-

351 2558 458 2616 mis
488 2556 887 2633 delicatorum,
920 2575 1260 2636 quamquam
1291 2567 1404 2618 tam
1433 2557 1687 2618 artifices
1716 2557 2067 2633 saltationis,
2108 2566 2168 2616 ut
2199 2574 2341 2617 mox

354 2658 623 2702 scaenam
651 2643 957 2717 tenuerint,
988 2658 1103 2701 non
1134 2642 1307 2702 modo
1339 2643 1547 2703 fovere
1577 2642 1893 2721 prolixius,
1929 2641 2033 2701 sed
2063 2650 2339 2720 spectare

353 2726 581 2784 omnino
611 2725 668 2783 in
709 2724 943 2803 publico
975 2734 1147 2785 coetu
1176 2725 1521 2805 supersedit.
1588 2723 1745 2786 Nulli
1782 2727 1989 2786 civium
2029 2726 2339 2804 quicquam

352 2808 588 2876 ademit;
628 2807 897 2868 abstinuit
925 2809 1137 2887 alieno,
1167 2818 1226 2870 ut
1253 2811 1301 2870 si
1332 2811 1461 2889 quis
1488 2827 1786 2890 umquam;
1820 2815 1891 2870 ac
1920 2827 1993 2868 ne
2020 2827 2407 2870 concessasao

352 2893 580 2973 quidem
634 2910 704 2953 ac
746 2892 948 2953 solitas
994 2894 1355 2955 conlationes
1399 2896 1646 2973 recepit.
1727 2892 1803 2953 Et
1866 2902 2054 2954 tamen
2106 2894 2336 2953 nemine

351 2987 480 3038 ante
513 2995 577 3037 se
606 2977 992 3038 munificentia
1031 2977 1247 3055 minor,
1297 2978 1721 3057 amphitheatro
1764 2976 2033 3038 dedicato
2072 2977 2335 3040 thermis-

352 3079 462 3138 que
502 3062 657 3122 iuxta
699 3061 972 3121 celeriter
1010 3063 1321 3138 extructis,
1369 3080 1569 3121 munus
1613 3061 1790 3122 edidit
1833 3062 2335 3141 apparatissimum

350 3142 876 3225 largissimamque;
924 3144 1080 3204 dedit
1107 3154 1166 3205 et
1202 3146 1408 3207 navale
1456 3146 1740 3225 proelium
1778 3147 1835 3205 in
1877 3146 2065 3205 veteri
2106 3141 2334 3206 nauma-

354 3224 498 3300 chia,
544 3226 754 3288 ibidem
800 3237 859 3288 et
910 3228 1271 3306 gladiatores
1323 3239 1498 3309 atque
1551 3247 1664 3290 uno
1717 3230 1811 3290 die
1876 3231 2124 3308 quinque
2177 3229 2331 3289 milia
2351 3249 2405 3292 35

353 3323 523 3366 omne
559 3328 743 3385 genus
773 3313 1042 3374 ferarum.

288 3396 325 3450 8
469 3389 683 3452 Natura
713 3404 899 3456 autem
931 3395 1525 3476 benivolentissimus‚
1566 3416 1694 3458 cum
1740 3416 1815 3457 ex
1849 3398 2104 3459 instituto
2135 3396 2335 3457 Tiberi

355 3486 554 3529 omnes
606 3473 811 3536 dehinc
856 3478 1139 3541 Caesares
1180 3482 1465 3543 beneficia
1521 3501 1553 3543 a
1599 3480 1997 3562 superioribus
2046 3499 2335 3542 concessa
