2553 3960
955 230 1365 277 PRAEFATIO.
1898 229 2047 276 xvn

229 390 668 463 Antiquissimus
702 395 790 444 est
817 388 1146 463 Polyaenus,
1170 389 1261 460 qui
1301 394 1559 458 excerpta
1591 404 1622 443 e
1657 387 1784 444 Divi
1817 387 1944 443 lulii
1988 394 2044 444 et

229 476 353 531 Divi
382 473 627 544 Augusti
663 473 795 528 vitis
835 473 1202 544 quadraginta
1247 471 1368 527 fere
1416 471 1574 526 annis
1606 477 1895 541 postquam
1923 472 2042 528 edi-

227 566 319 614 tae
350 564 475 613 sunt
507 558 564 612 in
599 558 722 613 suis
758 555 1181 626 strategematis
1208 559 1276 624 8,
1318 559 1406 614 23.
1448 559 1519 611 24
1548 555 1820 625 reposuit.
1909 554 2045 612 Cas·

229 643 369 698 sium
412 656 640 713 quoqne
674 639 909 695 Dionem
935 638 1206 695 Suetonio
1249 637 1504 693 studiose
1542 654 1698 693 usum
1729 654 1890 707 esse,
1937 638 2044 695 etsi

229 741 337 781 non
372 726 692 792 confitetur,
723 722 909 793 arguit
939 723 1097 778 locus
1128 727 1217 790 64,
1248 728 1469 781 11—13
1499 737 1608 792 quo
1640 721 1769 777 loco
1800 738 1866 777 ea
1900 738 2043 792 quae

230 807 533 864 Suetonius
564 825 619 879 p.
652 813 785 875 213,
826 811 897 865 23
924 805 1099 878 patris
1130 804 1217 860 sni
1261 805 1369 860 lide
1417 804 1473 859 in
1507 805 1725 861 litteras
1755 806 2042 875 retulerat,

230 899 500 963 tamquam
543 891 689 962 apud
735 888 1039 945 historicos
1085 888 1310 944 inventa
1355 888 1638 959 repetivit.
1730 889 1810 943 De
1837 888 2044 945 Latinis

228 974 647 1046 antiquissimus
679 979 766 1029 est
789 972 1181 1041 Tertullianus,
1208 969 1557 1027 Christianus
1587 970 1756 1037 Αἴθη
1792 988 1901 1044 quo
1933 988 2041 1029 non

226 1059 399 1113 multo
443 1057 795 1129 posteriores
841 1055 1204 1127 Spartianus,
1249 1054 1628 1126 Lampridius,
1673 1056 2040 1128 Capitolinus,

224 1141 510 1213 Vopiscus
551 1139 840 1210 Augustae
874 1139 1146 1196 historiae
1185 1138 1524 1209 scriptores,
1566 1137 1616 1194 si
1659 1155 1766 1195 non
1809 1155 2040 1211 prorsus

225 1223 617 1280 contemnendi
661 1229 821 1293 sunt,
862 1221 1168 1293 Tranquilli
1207 1221 1499 1278 imitationi
1532 1222 1751 1278 debent.
1843 1221 2038 1288 Quarti

223 1307 442 1364 saeculi
473 1307 783 1379 scriptores
819 1305 1121 1378 Eutropius
1140 1346 1157 1374 ,
1188 1305 1246 1361 S.
1280 1304 1544 1361 Aurelius
1576 1305 1805 1376 Victor,
1836 1306 2039 1363 Hiero-

224 1407 423 1461 nymus
497 1396 552 1445 et
613 1390 812 1446 Paulus
881 1388 1118 1445 Orosius
1189 1394 1391 1444 tantam
1458 1389 1694 1460 copiam*
1742 1390 2038 1446 verborum

224 1473 696 1530 Suetonianorum
744 1473 1202 1544 descripserunt,
1245 1478 1305 1526 ut
1346 1473 1440 1527 vel
1481 1472 1553 1527 ad
1601 1473 2040 1529 emendationem

222 1559 449 1614 illorum
506 1556 803 1613 adhibendi
858 1557 1000 1620 sint;
1054 1555 1312 1610 Decimus
1362 1555 1645 1612 Ausonius
1698 1557 2038 1613 hexametris

220 1649 311 1697 ter
363 1640 660 1696 duodecim
719 1638 1015 1696 Caesarum
1064 1639 1318 1707 nomina,
1375 1654 1589 1708 annos,
1636 1645 1844 1694 mortes
1890 1655 2040 1695 com-

221 1726 423 1797 plexus
470 1731 578 1779 est.

344 1807 552 1864 Omitto
581 1806 823 1877 Vergilii
855 1807 1057 1863 Lucani
1090 1805 1372 1863 Iuvenalis
1405 1811 1863 1863 commentatores
1883 1848 1898 1877 ,
1937 1808 2039 1864 sed

220 1893 328 1948 hoc
364 1892 832 1964 praetereundum
870 1907 980 1946 non
1011 1897 1129 1959 est,
1161 1896 1324 1947 sexto
1354 1890 1582 1946 saeculo
1611 1890 1869 1946 loannem
1897 1893 2037 1949 Lau·

219 1975 459 2032 rentium
521 1974 729 2045 Lydum
786 1983 841 2030 et
886 1975 1169 2040 ¹loannem
1227 1973 1633 2031 Antiochenam
1703 1975 2036 2032 laudabilem

217 2075 449 2131 operam
515 2058 772 2114 Suetonii
811 2058 945 2116 vitis
1005 2058 1323 2130 ceterisque
1382 2058 1608 2130 scriptis
1674 2058 2036 2131 impendisse,

218 2143 467 2198 Graecos
506 2141 789 2207 homines;
830 2158 940 2214 quo
976 2149 1225 2213 tempore
1271 2142 1328 2196 in
1366 2140 1671 2197 Occidente
1712 2149 1861 2199 tanta
1891 2143 2037 2200 Lati-

218 2242 413 2282 narum
446 2226 754 2281 litterarum
786 2226 1000 2281 incuria
1032 2224 1379 2296 incesserat,
1416 2231 1474 2279 ut
1503 2241 1624 2280 cum
1650 2226 1864 2296 ingenti
1895 2227 2036 2283 alio-

216 2326 336 2365 rum
400 2310 670 2365 librorum
732 2310 1002 2365 bonorum
1062 2309 1411 2364 multitudine
1471 2309 1634 2364 etiam
1694 2310 2034 2366 Suetoniana

216 2409 393 2465 opera
445 2393 716 2465 pleraque
758 2392 1006 2465 perirent
1056 2399 1111 2448 et
1151 2392 1241 2448 vel
1284 2393 1355 2447 de
1404 2392 1516 2449 vita
1562 2391 1858 2449 Caesarum
1904 2393 2034 2448 libri

217 2483 371 2546 octo,
404 2477 474 2532 de
499 2477 700 2547 quibus
732 2476 967 2546 agimuS,
1000 2491 1109 2532 non
1142 2476 1366 2531 multum
1390 2477 1616 2532 abesset
1638 2477 1769 2546 quin
1806 2477 2035 2533 interci-

216 2561 434 2615 derent.

337 2643 385 2700 U
398 2661 430 2699 n
447 2661 481 2699 u
497 2661 546 2697 m
580 2659 661 2698 ex
676 2659 707 2697 e
725 2658 777 2697 m
791 2643 906 2714 pla
922 2659 948 2697 r
977 2649 1161 2698 tantae
1191 2632 1387 2698 r‘uinae
1419 2642 1716 2714 superfuit,
1752 2643 1920 2713 idque
1950 2644 2031 2700 vi·
2049 2650 2329 2755 &gamm

214 2727 309 2783 tiis
353 2727 666 2783 minoribus
698 2726 1148 2797 maioribusque,
1181 2725 1275 2780 hic
1312 2725 1430 2780 illic
1462 2725 1673 2782 lacunis
1714 2742 1935 2798 quoque
1978 2734 2034 2782 et
2135 2754 2279 2806 origo.

218 2810 749 2882 interpolationibus
783 2809 1060 2865 foedatum
1075 2805 1151 2882 ⁵),
1195 2809 1325 2880 quin
1359 2809 1524 2865 etiam
1559 2810 1781 2881 integro
1812 2817 2035 2882 quater-

352 2956 411 3019 5)
446 2956 698 3020 Exempla
745 2958 880 3007 iufra
927 2966 1201 3022 ponuntur.
1274 2957 1350 3008 Ne
1390 2959 1521 3009 tituli
1576 2960 1778 3023 quidem
1818 2960 2034 3009 vitarum

215 3026 495 3091 incorrupti
537 3036 830 3076 manserunt
875 3023 1031 3090 (certe
1060 3026 1114 3082 C.
1157 3026 1469 3093 Caligula
1517 3043 1619 3078 non
1656 3043 1769 3078 esse
1803 3043 1834 3077 a
1879 3042 2033 3077 manu

217 3094 476 3160 scriptoris
518 3094 741 3156 constat)
784 3110 1090 3158 quamquam
1124 3094 1282 3145 multo
1328 3095 1505 3161 peiora
1539 3096 1603 3146 ab
1632 3095 1909 3146 editoribus
1937 3095 2029 3146 ad-

215 3163 370 3211 missa
401 3170 551 3222 sunt,
604 3169 660 3212 ut
698 3163 975 3224 Caesar,
1010 3163 1429 3215 Octavianus
1471 3173 1563 3217 etc.
1640 3164 1870 3215 Ceterum
1905 3164 2030 3214 scri-

215 3241 354 3296 ptum
401 3229 564 3281 fuisse
603 3231 803 3282 videtur
835 3233 888 3282 id
939 3233 1202 3297 exemplar
1242 3232 1375 3282 binis
1420 3233 1677 3284 laterculis
1697 3270 1713 3296 ,
1765 3233 2030 3283 versiculis

211 3299 488 3349 litterarum
526 3298 695 3351 xvm
727 3300 806 3352 vel
837 3301 977 3363 XIX,
1017 3301 1152 3366 quod
1188 3301 1399 3351 coniicio
1432 3318 1461 3352 e
1497 3302 1608 3353 loco
1645 3318 1697 3369 p.
1724 3301 1841 3362 197,
1878 3304 1911 3354 5
1942 3301 2029 3350 ubi

212 3381 389 3417 omnes
426 3368 543 3418 libri
578 3367 788 3420 habeut:

684 3441 900 3489 maxime
928 3455 1024 3490 non
1058 3440 1307 3490 mediocre
1342 3440 1555 3489 studium

687 3511 905 3557 maxima
940 3519 1033 3559 ete.

296 3591 574 3627 eunomus.
1704 3577 1739 3626 b
