2553 3960
313 249 431 311 190
493 258 553 308 c,
581 257 881 308 semrom
916 254 1168 315 TRANQ.
1200 253 1298 301 ms
1325 252 1494 300 vrrA
1525 248 1892 298 CAESARUM
1923 245 2178 293 L113.v1.

307 415 464 478 ullos
491 417 774 477 leniorem
807 431 975 493 quam
1004 410 1099 490 q'ui
1130 397 1194 471 se
1228 409 1396 469 dictis
1427 417 1522 469 aut
1556 404 1902 467 carminibus
1930 398 2311 463 lacessissent

310 503 591 646 {gratiss-e.
670 498 849 643 Plllzlta
899 496 1125 559 Graece
1174 493 1490 571 Latineque
1546 490 1877 571 proscripta
1929 497 2024 548 aut
2076 485 2312 565 vulgata

453 631 470 662 ,
504 592 692 645 sicutl
789 605 803 643 :

563 715 777 796 Νέρων
800 706 1070 796 Ὀρέστης
1092 706 1394 791 Ἀλκμέων
1424 702 1832 791 μητροκτόνος.

563 845 931 928 ,Νεόννμφον
960 848 1174 928 Νέρων
1203 848 1362 909 ἰδίαν
1392 843 1610 925 μητέρα
1639 834 1962 905 ἀπέκτεινε.
2330 861 2362 904 ⁸

478 991 616 1062 Quis
646 996 811 1064 neyat
838 989 1057 1046 Aeneae
1086 1003 1322 1062 magnae
1351 989 1420 1043 de
1446 990 1618 1058 stirpe
1648 985 1920 1040 Neronem
1935 987 1963 1039 ?

565 1075 797 1132 Sustulit
820 1074 909 1129 hic
938 1077 1193 1138 matrem,
1225 1074 1448 1128 sustulit
1470 1073 1559 1126 ille
1580 1075 1821 1142 patrem.

478 1211 626 1267 Dum
657 1209 824 1264 tendit
850 1208 1123 1264 citharam
1157 1215 1374 1275 noster,
1405 1206 1536 1262 dum
1567 1221 1780 1261 cornua
1807 1202 2073 1273 Parthus,

561 1293 762 1349 Noster
788 1295 896 1348 erit
915 1291 1113 1346 Paean
1127 1333 1141 1360 ,
1171 1292 1261 1347 ille
1288 1290 1708 1348 Hecatebeletes.

481 1428 661 1484 Roma
690 1428 881 1484 domus
902 1427 1024 1499 fiet:
1067 1426 1225 1484 Veios
1254 1428 1511 1499 miyrate,
1544 1423 1809 1494 Quirites,
2333 1435 2385 1476 ιο

567 1511 632 1569 Si
660 1528 770 1568 non
799 1518 854 1568 et
893 1510 1051 1568 Veios
1081 1517 1319 1583 occupat
1343 1513 1446 1567 ista
1480 1510 1690 1565 domus.

315 1643 431 1705 Sed
475 1661 665 1723 neque
700 1649 971 1702 auctores
1009 1643 1273 1721 requisiit
1316 1650 1372 1701 et
1414 1639 1692 1720 quosdam
1739 1658 1848 1719 per
1882 1637 2126 1697 indicem
2156 1635 2314 1696 dela·

313 1740 406 1789 tos
451 1726 522 1787 ad
567 1735 824 1787 senatum
867 1724 1037 1785 adlici
1078 1728 1353 1803 graviore
1393 1743 1584 1804 poena
1621 1723 1930 1803 prohibuit.
1991 1722 2313 1783 Transeun-

315 1823 431 1872 tem
458 1829 585 1870 eum
614 1809 869 1871 Isidorus
901 1806 1155 1885 Cynicus
1184 1811 1242 1868 in
1273 1809 1510 1888 publico
1556 1809 1713 1869 clara
1744 1826 1894 1868 voce
1927 1807 2312 1884 corripuerat,

317 1894 484 1976 quod
511 1892 749 1972 Naupli
780 1893 954 1954 mala
986 1891 1135 1954 bene
1165 1893 1526 1969 cantitaret,
1561 1910 1682 1953 sua
1714 1891 1879 1954 bona
1906 1891 2067 1952 male
2098 1889 2307 1967 dispo·
2336 1906 2384 1946 ιε

314 1985 487 2042 neret
503 2005 530 2049 ,·
563 1989 621 2039 et
649 1978 829 2038 Datus
854 1976 1250 2039 Atellanarum
1283 1977 1487 2039 histrio
1519 1980 1575 2037 in
1609 1979 1835 2039 cantico
1874 1975 2117 2055 quodam
2140 1962 2314 2055 ‘Pyt-

317 2075 463 2125 αινε
496 2054 737 2142 πάτερ,
782 2049 1045 2141 ὑγίαινε
1076 2059 1319 2143 μῆτερὶ
1361 2064 1437 2122 ita
1469 2061 1996 2139 demonstraverat,
2027 2070 2088 2120 ut
2115 2059 2314 2120 hiben-

317 2158 431 2209 tem
459 2155 864 2225 natantemque
896 2146 1154 2224 faceret,
1193 2149 1404 2207 exitum
1434 2147 1662 2207 scilicet
1694 2144 1895 2209 Claudi
1924 2146 2315 2224 Agrippinae-

319 2248 430 2311 que
462 2230 829 2307 significanS,
872 2237 930 2289 et
973 2231 1031 2289 in
1072 2232 1385 2292 novissima
1418 2231 1675 2291 clausula
1711 2228 1913 2291 Orcus
1941 2228 2120 2290 vobis
2150 2229 2321 2290 ducit

299 2314 507 2394 'pedes
548 2322 805 2372 senatum
848 2322 1019 2391 gestu
1064 2324 1308 2376 notarat.
1393 2315 1745 2375 Histrionem
1797 2323 1854 2374 et
1907 2314 2386 2395 philosophumw

316 2398 476 2459 Nero
513 2397 651 2457 nihil
686 2397 928 2476 amplius
965 2415 1133 2477 quam
1173 2398 1317 2459 urbe
1347 2399 1626 2477 Italiaque
1671 2401 2001 2476 summovit,
2045 2398 2143 2458 vel
2181 2417 2315 2458 con·

207 2507 210 2510 ·
319 2491 540 2560 temptu
571 2483 754 2543 omnis
797 2482 1062 2543 infamiae
1106 2484 1197 2543 vel
1234 2502 1309 2543 ne
1340 2482 1574 2543 fatendo
1626 2484 1889 2545 dolorem
1940 2484 2191 2543 irritaret
2234 2483 2315 2540 in-

319 2585 511 2645 genua.

240 2658 305 2712 40
442 2650 641 2711 Talem
676 2651 995 2731 principem
1029 2651 1205 2729 paulo
1238 2654 1419 2711 minus
1464 2652 1921 2730 quattuordecim
1963 2667 2143 2711 annos
2187 2668 2317 2728 per-

320 2754 531 2815 pessus
573 2745 854 2795 terrarum
898 2735 1057 2795 orbis
1099 2734 1326 2795 tandem
1374 2736 1657 2814 destituit,
1707 2738 1924 2796 initium
1970 2734 2316 2795 facientibus
2336 2753 2387 2794 25

322 2818 500 2881 Gallis
538 2818 682 2879 duce
708 2818 855 2880 Iulio
888 2820 1156 2897 Vindice,
1190 2821 1284 2900 qui
1319 2829 1434 2879 tum
1467 2839 1592 2880 eam
1624 2822 1979 2899 provinciam
2012 2837 2119 2899 pro
2152 2836 2316 2898 prae·

319 2913 449 2965 tore
482 2901 794 2983 optinebat.

442 2987 801 3050 Praedictum
849 3006 881 3047 a
933 2987 1348 3049 mathematicis
1389 2987 1611 3048 Neroni
1654 2988 1789 3049 olim
1834 2996 1989 3066 erat,
2043 2988 2205 3063 fore,
2258 2992 2319 3044 ut

324 3071 667 3151 quandoque
720 3069 1153 3142 destitueretum
1211 3071 1364 3131 unde
1416 3072 1513 3132 illa
1564 3090 1682 3133 vox
1734 3074 1858 3132 eius
1907 3070 2315 3134 celeberrima:

333 3143 424 3214 Τό
449 3149 710 3231 τέχνιον
739 3143 910 3237 ἡμᾶς
938 3150 1312 3237 διαθρέψει,
1347 3173 1463 3234 quo
1493 3158 1710 3217 maiore
1747 3156 1973 3217 scilicet
2004 3156 2173 3215 venia
2202 3173 2318 3213 me·
2339 3171 2392 3215 ³0

328 3237 601 3297 ditaretur
634 3240 1079 3301 citharoedicam
1111 3249 1327 3317 artem,
1378 3241 1624 3320 principi
1658 3240 1766 3300 sihi
1801 3249 2057 3317 gratam,
2094 3241 2322 3318 privato

326 3322 732 3380 necessariam.
788 3323 1236 3404 spoponderant
1268 3334 1455 3386 tamen
1498 3324 1723 3404 quidam
1768 3324 2039 3385 destituto
2072 3323 2324 3382 Orientis

330 3402 808 3485 dominationem,
849 3409 1105 3469 nonnulli
1144 3411 1468 3471 nominatim
1496 3428 1737 3487 regnum
1766 3408 2323 3485 Hierosolymorum,

331 3484 532 3563 plures
575 3488 757 3546 omnis
798 3492 1072 3569 pristinae
1100 3494 1364 3555 fortunae
1394 3495 1831 3555 restitutionem.
1893 3491 1998 3553 cui
2029 3495 2156 3574 spei
2189 3509 2322 3571 pro·
