2553 3960
857 199 953 245 DE
988 199 1492 247 GRAMMAnms.
2063 191 2186 252 267

173 359 314 400 uvas
347 339 619 399 edidisse.
696 339 813 400 Sed
848 341 1094 400 maxime
1130 339 1413 417 flagrabat
1444 341 1774 401 libidinibus
1805 342 1861 400 in
1893 341 2190 419 muliereS,

174 442 356 502 usque
410 423 481 484 ad
519 423 803 484 infamiam
837 426 988 494 oris;
1035 424 1189 484 dicto
1229 442 1460 503 quoque
1493 442 1609 485 non
1648 425 1902 486 infaceto
1936 434 2190 485 notatum

174 508 364 568 ferunt
408 507 729 585 cuiusdam,
776 510 871 586 qui
921 526 1046 568 cum
1089 510 1149 567 in
1179 507 1345 569 turba
1389 509 1649 569 osculum
1680 508 1789 568 sibi
1830 509 2193 587 ingerentem

176 609 498 670 quanquam
522 591 820 668 refugiens
853 591 1112 652 devitare
1138 610 1255 653 non
1284 602 1518 673 posset,
1559 589 1665 653 Vis
1696 598 1795 669 ta,
1823 593 2024 672 inquit,
2057 610 2187 653 ma·

128 687 157 730 s
172 676 397 754 ρι’-νων,
434 674 710 755 quotiens
736 674 1132 753 festinantem
1163 677 1428 756 aliquem
1453 676 1663 753 vides,
1697 675 2083 757 abliyurire?

301 758 378 819 Μ.
406 759 677 819 Valerius
708 759 961 838 Probus,
994 760 1262 836 Berytius
1281 807 1298 838 ,
1331 761 1425 820 diu
1454 763 1827 821 centuriatum
1857 762 2052 840 petiit,
2088 761 2188 821 do·
2207 775 2270 828 24

174 862 286 904 nec
322 842 515 903 taedio
547 843 618 903 ad
656 842 838 903 studia
873 862 939 903 se
984 845 1241 905 contulit.
1316 844 1569 923 Legerat
1596 846 1653 904 in
1687 845 1985 925 provincia
2018 862 2189 924 quos·

175 927 302 988 dam
333 937 568 987 veteres
609 927 848 988 libellos
888 928 1037 1008 apud
1079 930 1554 1006 grammatistam‚
1597 927 1837 989 durante
1882 928 2068 989 adhuc
2110 927 2190 988 ibi

173 1014 534 1092 antiquorum
578 1014 890 1089 memoria,
934 1012 1179 1073 necdum
1221 1014 1451 1072 omnino
1495 1006 1710 1072 ab'olita
1754 1014 1905 1073 sicut
1945 1013 2188 1074 Romae.

98 1097 295 1157 1oHos
343 1114 469 1157 cum
513 1096 845 1174 diligentius
888 1105 1189 1176 repeteret
1230 1106 1402 1175 atque
1449 1096 1598 1157 alios
1641 1096 1920 1175 deinceps
1968 1113 2188 1175 cogno-

172 1200 341 1242 scere
379 1191 651 1260 cuperet‚
687 1185 950 1260 quamvis
980 1199 1180 1242 omnes
1214 1182 1502 1242 contemni
1531 1181 1834 1260 magisque
1866 1180 2188 1260 obprobrio

171 1265 502 1342 legentibus
529 1283 700 1343 quam
722 1265 950 1343 gloriae
977 1276 1036 1327 et
1056 1267 1268 1326 fructui
1298 1284 1433 1325 esse
1459 1265 1976 1344 animadverteret,
2006 1264 2186 1325 nihilo

171 1351 356 1408 minus
400 1351 458 1407 in
503 1353 807 1428 proposito
848 1351 1084 1419 mansit;
1136 1350 1431 1429 multaque
1477 1349 1832 1428 exemplaria
1890 1357 2187 1409 contracta

174 1432 485 1492 emendare
522 1449 593 1493 ac
629 1431 985 1510 distinguere
1029 1443 1088 1493 et
1137 1442 1417 1495 annotare
1455 1435 1708 1508 curavit,
1755 1433 1870 1492 soli
1913 1432 2045 1493 huic
2076 1449 2188 1492 nec

97 1535 150 1577 ιε
172 1517 277 1578 ulli
308 1524 618 1596 praeterea
652 1518 1059 1594 grammatices
1090 1519 1236 1595 parti
1270 1516 1516 1577 deditus.
1594 1516 1701 1576 Hic
1731 1524 1980 1576 nontam
2016 1516 2186 1575 disci-

171 1601 344 1682 pulos
378 1619 545 1678 quam
576 1608 902 1660 sectatores
951 1600 1171 1679 aliquot
1198 1600 1414 1660 habuit.
1474 1599 1772 1678 Nunquam
1806 1600 1955 1659 enim
1982 1601 2061 1659 ita
2086 1599 2185 1658 do-

172 1685 290 1746 cuit
330 1694 391 1744 ut
417 1685 680 1761 magistri
725 1701 1033 1763 personam
1066 1684 1403 1752 sustineret;
1447 1700 1618 1744 unum
1669 1692 1728 1743 et
1770 1684 2040 1760 alterum,
2087 1682 2185 1742 vel

173 1787 303 1830 cum
357 1768 634 1848 plurimos
678 1777 798 1828 tres
840 1777 936 1829 aut
979 1778 1224 1847 quatuor
1270 1767 1738 1847 postmeridianis
1780 1767 1942 1828 horis
1987 1767 2181 1827 admit-

169 1865 302 1916 tere
333 1852 598 1930 solebat,
635 1852 968 1930 cubansque
1009 1856 1159 1913 inter
1205 1852 1422 1930 longos
1454 1869 1527 1912 ac
1568 1851 1843 1929 vulgares
1880 1869 2183 1911 sermones

91 1952 149 1994 20
169 1939 380 2016 legere
413 1936 724 2017 quaedam,
758 1936 933 2017 idque
980 1955 1243 2017 perraro.
1318 1936 1500 1997 Nimis
1544 1953 1728 2016 pauca
1775 1944 1833 1996 et
1863 1937 2075 2013 exigua
2111 1934 2183 1997 de

169 2021 515 2103 quibusdam
549 2024 777 2083 minutis
806 2022 1261 2101 quaestiunculis
1293 2020 1490 2081 edidit.
1555 2020 1812 2098 Reliquit
1844 2029 2034 2083 autem
2065 2036 2181 2080 non

164 2106 523 2168 mediocrem
554 2106 812 2167 silvam
844 2106 1460 2167 observationum
1489 2106 1857 2165 sermonis
1881 2106 2179 2183 antiqui.
