2553 3960
909 272 1323 320 PRAEFATIO.
1762 275 1980 321 XXXVI
1987 276 2012 322 1

179 433 457 502 debatur,
494 437 726 488 secutus
760 448 878 486 sum
915 447 963 486 e.
997 448 1082 501 gr.
1118 430 1173 486 in
1218 430 1535 487 scribendis
1570 429 1799 489 Graecis
1836 450 2005 490 voca-

182 517 333 573 bulis
366 515 573 571 litteris
606 517 697 572 vel
735 515 965 572 Graecis
1001 515 1092 570 vel
1123 509 1435 587 Latinis²⁶).

304 601 500 655 Restat
552 606 613 655 ut
661 598 1040 656 adnotationis
1096 597 1328 653 criticae
1386 598 1657 655 rationem
1712 615 2003 672 exponam.
2050 612 2293 676 Adqouuo

186 683 455 740 Brevitati
490 688 550 738 ut
581 683 968 751 consulerem,
1005 698 1191 738 earum
1222 688 1427 737 tantum
1472 682 1770 738 lectionum
1815 690 2007 740 aucto-
2086 664 2250 707 ‘'²²¹⁶'‘

188 767 386 823 ritates
417 767 693 839 apposui,
739 782 885 837 quae
927 766 1016 820 vel
1054 782 1124 819 ex
1168 765 1329 820 libris
1372 767 1647 821 correctis
1679 767 1771 821 vel
1804 783 1876 822 ex
1906 769 2008 824 do-

190 857 405 906 ctorum
438 850 719 906 hominum
751 849 1076 905 coniectura
1117 855 1380 921 receptae
1412 855 1553 905 sunt.
1648 848 1804 905 Sciat
1834 850 2008 921 igitur

190 936 373 990 lector
404 935 595 989 harum
623 950 809 989 rerum
841 933 1158 1001 studiosus,
1205 933 1301 988 ubi
1331 932 1467 988 nihil
1500 933 1816 990 adnotatum
1849 935 2009 991 inve-

191 1018 370 1087 nerit,
412 1017 789 1073 Memmianum
841 1015 1058 1073 aliosve
1090 1022 1314 1072 veteres
1357 1033 1424 1073 ac
1458 1016 1638 1073 bonos
1684 1017 1861 1075 libros
1907 1036 2008 1074 no-

191 1102 409 1158 biscnm
444 1100 792 1166 consentire;
832 1100 925 1156 nbi
970 1100 1011 1155 ii
1043 1100 1236 1156 vitiosi
1288 1117 1416 1156 esse
1447 1117 1512 1156 ac
1547 1101 1871 1158 necessario
1909 1102 2009 1158 de-

191 1184 424 1241 serendi
438 1184 788 1254 videbantur,
803 1183 1121 1240 nominatim
1145 1183 1336 1239 afferri
1351 1185 1440 1241 vel
1467 1184 1720 1241 codicum
1740 1202 1889 1242 saec.
1907 1185 2009 1242 XV

191 1270 286 1324 vel
329 1269 672 1340 grammatici
716 1267 954 1324 alicuius
1000 1267 1337 1340 posterioris
1380 1268 1837 1325 emendationem.
1926 1269 2008 1326 lta

191 1354 424 1409 brevem
449 1354 721 1424 quendam
748 1352 1045 1408 universae
1075 1352 1158 1408 rei
1183 1351 1416 1409 criticae
1447 1359 1803 1425 conspectum
1835 1354 2010 1411 habe-

191 1436 279 1492 bit
311 1443 369 1492 et
401 1453 509 1491 non
539 1436 716 1492 minus
746 1436 817 1492 de
846 1435 1116 1492 librorum
1145 1436 1394 1492 bonitate
1425 1453 1586 1508 quam
1620 1437 1688 1492 de
1721 1438 2010 1494 doctorum

195 1520 478 1576 hominum
510 1537 612 1592 per
640 1526 903 1592 quattuor
939 1520 1058 1576 fere
1091 1520 1316 1577 saecula
1347 1521 1563 1576 meritis
1601 1520 1852 1576 iudicare
1883 1529 2012 1593 pot-

192 1604 322 1660 erit.
411 1604 499 1659 Ab
542 1605 647 1659 hac
686 1609 865 1660 tamen
914 1602 1320 1660 consuetudine
1363 1620 1762 1675 nonnumquam
1795 1604 1849 1659 in
1882 1621 2013 1676 par-

192 1694 303 1744 tem
339 1693 400 1743 ut
428 1704 597 1760 spero
624 1688 902 1761 potiorem
932 1687 1208 1756 discessi,
1251 1686 1330 1743 ita
1360 1693 1419 1741 ut
1452 1693 1507 1741 et
1534 1688 1804 1743 bonorum
1838 1688 2012 1744 libro-

195 1788 316 1826 rum
349 1788 510 1843 quam
541 1777 767 1827 secutus
802 1788 949 1827 eram
985 1770 1373 1827 auctoritatem
1415 1770 1753 1842 appellarem
1790 1778 1845 1827 et
1877 1787 2012 1827 con-

194 1854 466 1911 iecturam
498 1855 782 1926 ingeniosi
818 1854 1000 1911 critici
1034 1871 1143 1911 non
1174 1854 1314 1910 satis
1346 1860 1555 1910 certam
1595 1871 1699 1910 nec
1731 1862 2011 1928 receptam

196 1954 707 1997 commemorarem.

319 2029 380 2094 4,
422 2030 485 2086 17
530 2024 915 2095 triumphalem
960 2022 1140 2080 Vatic.
1178 2022 1390 2079 Memm.
1438 2024 1628 2085 Med3.
1671 2041 1775 2097 pro
1819 2026 2012 2081 trium·

188 2109 417 2181 phalem
443 2110 636 2178 virum,
668 2108 771 2164 cfr.
813 2113 947 2178 187,
977 2113 1028 2167 9.
1065 2113 1189 2176 238,
1223 2112 1273 2166 6.
1318 2113 1454 2178 248,
1484 2113 1520 2166 4
1556 2101 1566 2184 Ι
1604 2114 1674 2168 23
1705 2110 2018 2181 diynatione

196 2193 433 2250 Ursinus
463 2184 490 2269 ΙΙ
520 2200 584 2260 5,
616 2198 651 2251 4
690 2199 743 2247 et
768 2194 827 2247 in
861 2191 1222 2248 casaubonus
1263 2207 1368 2262 pro
1400 2192 1497 2246 sed
1528 2194 1586 2246 in
1615 2184 1642 2270 ΙΙ
1673 2197 1736 2263 6,
1781 2198 1845 2252 16
1884 2194 2015 2248 Am-

195 2278 405 2334 bronas
443 2274 873 2348 Oudendorpius
916 2266 944 2354 ΙΙ
984 2280 1051 2345 8,
1105 2282 1137 2333 5
1203 2274 1673 2331 administratione
1719 2277 1825 2332 cod
1841 2278 2011 2333 Basil.

197 2362 339 2419 Edd.
398 2360 468 2415 ab
519 2360 990 2415 administratione
1040 2358 1146 2414 cod
1173 2356 1326 2412 Gort.
1386 2357 1554 2414 Guelf
1579 2366 1629 2417 1.
1671 2365 1722 2417 2.
1784 2361 1928 2417 Bern
1962 2369 1986 2418 l

199 2461 303 2519 pro
372 2445 443 2500 ab
504 2445 898 2499 ministratione
980 2442 990 2514 Ι
1063 2448 1127 2501 19
1204 2441 1370 2498 Vettio
1444 2443 1641 2499 Iudice
1703 2443 2008 2514 Lambinus¹

199 2529 433 2586 Ursinus
492 2518 504 2604 Ι
559 2534 629 2588 32
678 2532 1017 2583 ornarentur
1057 2523 1347 2582 Lambinus
1394 2543 1497 2598 pro
1547 2528 1942 2584 ordinarentur
1988 2520 2015 2606 ΙΙ

202 2621 301 2683 10,
330 2620 366 2673 3
392 2614 471 2668 ad
508 2614 696 2683 viyinti
723 2605 1085 2668 Casaubonus
1120 2624 1223 2680 pro
1269 2624 1340 2664 ac
1370 2611 1556 2680 viyinti
1587 2603 1597 2687 Ι
1638 2618 1702 2670 15
1741 2613 2016 2667 inductum

198 2699 470 2769 quendam
471 2713 573 2768 pr.
592 2695 762 2753 Guell‘
769 2703 820 2754 1.
847 2694 1066 2750 induxit
1079 2692 1412 2764 Stephanus.
1443 2693 1662 2749 induxit
1684 2693 1907 2749 Vettium
1915 2712 2014 2765 pr.

205 2781 453 2840 Ursinus,
497 2780 836 2835 subornas-se
863 2779 1140 2834 inductum
1163 2792 1258 2845 pr.
1293 2776 1737 2850 Oudendorpius,
1786 2778 2017 2833 indicem

198 2866 518 2920 subornavit
556 2863 786 2920 Vettium
826 2862 1103 2918 inductum
1146 2876 1241 2932 pr.
1280 2878 1389 2933 ego
1429 2852 1439 2939 Ι
1479 2868 1548 2921 30
1579 2864 1749 2918 cuivis
1777 2893 1863 2903 —-
1900 2864 2014 2920 ido-

204 3068 337 3114 bent.
387 3064 669 3114 Addendus
693 3070 769 3111 est
791 3060 1129 3123 Hrascypotis
1153 3056 1325 3107 Thrax
1351 3072 1404 3122 p.
1427 3056 1542 3117 102,
1563 3056 1633 3107 30
1657 3070 1808 3121 quem
1828 3055 2016 3106 librarii

201 3135 255 3183 in
281 3134 656 3197 Thraseypotim
678 3136 1026 3197 corruperunt.
1081 3127 1330 3176 Varronis
1362 3126 1405 3175 is
1441 3140 1551 3174 mos
1581 3125 1676 3175 fuit
1709 3124 1861 3174 etiam
1888 3124 2016 3175 alias

203 3204 529 3263 observatus,
564 3199 657 3250 cfr.
701 3198 953 3250 Cornutus
983 3212 1037 3262 p.
1075 3195 1211 3246 2285
1243 3194 1303 3243 Ρ.
1337 3194 1625 3244 Priscianus
1662 3194 1708 3258 1,
1740 3191 1791 3255 5,
1830 3191 1913 3242 25.

341 3268 437 3332 26)
458 3268 542 3319 Sic
567 3269 686 3318 dedi
703 3269 985 3332 geronticos
991 3282 1014 3322 ,·
1048 3264 1433 3328 Aprayopolim
1472 3263 1741 3320 dialectos:
1760 3262 1926 3311 artius
1947 3288 2013 3297 ——-

202 3341 480 3390 lzoloeleros
489 3355 512 3396 ,·
541 3336 877 3400 Tyrrhenicon
884 3354 905 3394 ;
928 3333 1364 3386 Carchedoniacon
1367 3348 1392 3389 ,·
1420 3330 1824 3386 Hecatebelete83
1849 3329 2014 3379 Halo-

201 3411 280 3459 sin
318 3408 432 3461 Ilii.-
464 3414 690 3463 eutacto3
725 3407 1007 3469 clinopalen
1041 3413 1092 3450 et
1124 3401 1325 3451 similia.
1405 3398 1510 3447 Hac
1543 3412 1740 3462 quoque
1776 3399 1829 3447 in
1860 3413 1916 3447 re
1948 3398 2015 3446 ad

206 3485 434 3527 vetustos
463 3474 622 3525 libros
651 3474 964 3523 redeundum
982 3471 1235 3528 existimO,
1260 3483 1377 3519 nam
1401 3467 1532 3531 apud
1559 3474 1771 3526 veteres,
1794 3473 1849 3515 ut
1876 3465 2014 3529 apud

208 3546 363 3595 uosin
376 3541 724 3593 immiscendis
743 3542 997 3592 vocabulis
1013 3538 1235 3598 Gallicis,
1259 3537 1346 3587 alii
1357 3536 1502 3585 aliter
1513 3534 1679 3584 facere
1692 3540 2014 3584 consuerant.
