2553 3960
431 212 553 274 302
979 224 1040 272 c.
1085 224 1415 273 SUETONII
1458 223 1880 283 TRANQmLm

563 380 769 431 Praeter
802 379 897 430 hos
932 379 1107 430 decem
1141 380 1315 430 titulos
1352 381 1488 445 apud
1524 378 1732 430 Suidam
1762 379 2055 429 coniunctos
2090 378 2144 429 hi
2185 378 2299 429 fere
2337 379 2446 442 .ibri

430 443 723 499 Suetonidni
749 450 1033 499 enumerari
1054 463 1210 516 posse
1232 448 1496 500 videntur:

547 529 647 591 xl.
737 526 854 609 [οί
891 522 1097 591 πάλαι
1133 524 1354 592 Λυδοὶ
1403 521 1900 610 διειργάσαντο]
1969 526 2081 593 καὶ
2127 522 2292 604 τοὺς
2322 553 2408 593 κα

425 608 798 694 λουμένους
825 605 1164 685 σάνδυκας
1190 609 1488 693 (χιτῶνες
1519 606 1594 676 δὲ
1619 595 1794 693 ἦσαν
1823 603 1932 676 ὑπ’
1964 604 2192 677 αὐτῶν
2236 605 2441 696 εὑρη-

423 693 646 779 μένοι,
678 694 884 758 λινῷν
911 690 1035 777 μὲν
1067 692 1139 759 οἰ
1160 692 1618 774 διειδέστατοι,
1638 691 1977 771 σάνὸυκος
2004 691 2081 760 δὲ
2103 698 2296 784 χυλῷ
2326 699 2475 799 τῆς5

423 774 713 863 βοτάνης
745 774 1285 861 καταβάπτοντες
1337 771 1584 853 αὐτούς
1600 801 1615 816 ·
1666 772 2062 864 σαρκοειδὴς
2092 775 2168 845 δὲ
2200 773 2237 846 ὁ
2266 803 2438 863 χρως

423 862 539 947 τῆς
572 857 881 946 βοτάνης)
910 853 1029 937 οὓς
1058 862 1133 927 αἱ
1156 871 1470 945 γυναῖκες
1496 862 1632 926 τῷν
1647 862 1897 927 Λυδῶν
1918 863 2155 952 γυμνῷ
2184 865 2279 952 τῷ
2306 860 2439 929 σω’·

426 967 581 1031 ματι
630 940 1125 1024 ἐπισκιάζουσαι
1164 938 1372 1010 οὐδὲν
1427 941 1553 1029 μὲν
1601 940 1890 1012 ἐδόκουν
1940 937 1987 1030 ἦ
2017 940 2183 1031 ἀέρα
2222 944 2441 1031 μόνον

428 1035 879 1114 περικεῖσθαι,
921 1026 1151 1096 κάλλει
1206 1025 1283 1094 δὲ
1331 1031 1454 1108 ἔξω
1503 1029 1627 1094 τοῦ
1664 1030 1878 1095 καλοῦ
1912 1028 2025 1095 καὶ
2083 1028 2442 1114 σώφρονος

427 1114 816 1198 ἐφείλκοντο
847 1107 1005 1188 τοὺς
1032 1113 1442 1196 θεωμένους.
1517 1109 1813 1201 Τοιούτω
1839 1108 1959 1180 τὸν
1976 1107 2312 1197 Ἡρακλέα
2339 1139 2442 1198 χι-
2458 1145 2488 1184 ιο

426 1198 588 1263 τῷνι
616 1195 1073 1280 περιβαλοῦσα
1093 1190 1351 1280 Ὀμφάλ
1427 1193 1587 1262 ποτὲ
1619 1198 1906 1280 αἰσχρῷς
1935 1196 2191 1282 ἐρῷντα
2227 1221 2441 1284 παρε-

425 1278 715 1366 θήλυνε·
789 1274 995 1366 ταύτῃ
1040 1278 1151 1346 καὶ
1204 1285 1357 1345 Σαν
1385 1274 1497 1358 ,ων
1532 1272 1865 1366 Ἡρακλῆς
1914 1275 2290 1368 ἀνηνέχθη,
2356 1275 2439 1358 ὦς

420 1358 812 1448 Ἀπουλήιος
852 1356 888 1430 ὁ
924 1357 1236 1448 Ῥωμαῖος
1279 1359 1656 1448 φιλόσοφος
1694 1364 1769 1430 ἐν
1802 1365 1894 1454 τῷ
1922 1365 2435 1454 ἐπιγραφομένῳ

416 1443 743 1536 Ἐρωτικῷ
795 1446 907 1513 καὶ
964 1444 1396 1532 Τράγκυλλος
1454 1444 1530 1513 δὲ
1570 1443 1700 1532 πρὸ
1739 1443 1951 1515 αὐτοῦ
1997 1449 2072 1515 ἐν
2113 1451 2209 1517 τῷ
2250 1448 2435 1535 περὶ

427 1527 850 1626 ἐπισήμων
893 1532 1230 1616 πορνῶν
1269 1524 1774 1616 ἀνενηνόχασιν.
1851 1536 2126 1600 Ioannes
2152 1516 2479 1602 laureiz-1⁵

429 1623 550 1684 tius
577 1618 787 1700 Lydus
817 1620 895 1680 de
921 1620 1267 1700 maqistrat.
1305 1621 1482 1684 Rom.
1518 1629 1570 1697 3,
1605 1629 1702 1684 64.

549 1719 679 1782 XII.
740 1718 1068 1781 Secundum
1099 1720 1438 1782 Suetonium
1465 1721 1524 1780 in
1555 1720 1705 1781 libro
1736 1722 1819 1782 de
1849 1722 2058 1781 vitiis
2091 1740 2270 1801 eorp
2289 1739 2431 1782 ora·

426 1806 527 1868 lib
542 1826 577 1866 u
592 1824 619 1865 s
642 1804 836 1865 arvina
859 1812 949 1864 est
973 1805 1187 1884 pingue
1204 1805 1425 1880 durum,
1453 1805 1609 1883 quod
1635 1814 1725 1865 est
1743 1807 1893 1865 inter
1911 1814 2099 1866 cutem
2124 1814 2183 1866 et
2210 1806 2428 1872 viseum

426 1891 522 1952 alii
551 1889 787 1952 arvinae
818 1889 1045 1949 nomine
1079 1888 1321 1949 laridum
1359 1888 1572 1949 dieunt.
1610 1887 1870 1950 Servius
1900 1888 1989 1950 ad
2012 1886 2165 1951 Aen.
2202 1899 2267 1964 7,
2306 1898 2428 1952 627.
2536 1927 2537 1932 κ

554 1973 756 2053 Hirqui
799 1971 981 2053 [Hirci
1025 1970 1340 2052 Isidorus]
1398 1983 1528 2034 sunt
1557 1973 1857 2035 oculorum
1891 1973 2085 2054 anguli
2116 1974 2483 2035 secunduma(

426 2060 760 2121 Suetonium
793 2057 1186 2136 Tranquillum
1229 2059 1287 2118 in
1315 2059 1526 2117 vitiis
1560 2060 2109 2138 corporalibus,
2174 2057 2436 2120 Servius

428 2142 517 2203 ad
536 2140 712 2221 Verq.
745 2137 882 2202 Ecl.
917 2149 971 2215 3,
997 2148 1053 2201 8.
1110 2140 1404 2203 Isidorus
1432 2142 1670 2222 etymol.
1708 2150 1801 2219 12,
1837 2153 1891 2219 1,
1928 2151 2019 2205 14.
2090 2139 2106 2149 ’

549 2223 696 2285 Ulna
728 2226 965 2304 proprie
995 2234 1087 2285 est
1116 2227 1389 2305 spatium,
1423 2227 1478 2286 in
1508 2235 1778 2307 quantum
1819 2236 2063 2306 utraque
2108 2229 2440 2288 extenditur

425 2326 623 2370 manue
655 2353 669 2368 .
699 2352 713 2366 .
747 2356 763 2371 .
799 2308 940 2369 lieet
985 2309 1297 2370 Suetonius
1344 2310 1532 2371 ulnam
1578 2310 1827 2371 cubitum
1857 2312 2000 2371 velit
2028 2328 2165 2370 esse
2197 2320 2435 2372 tantum-

425 2393 617 2455 modo.
679 2391 940 2454 Servius
970 2393 1059 2454 ad
1097 2391 1271 2473 Verq.
1313 2392 1450 2456 Ecl.
1485 2403 1542 2471 3,
1574 2403 1704 2455 105.
2329 2422 2336 2427 ·
2447 2410 2480 2450 2⁵

553 2476 763 2540 Graeci
794 2464 979 2557 ἱερὸν
1021 2466 1300 2554 ὀστοῦν,
1344 2479 1655 2540 Suetonius
1687 2476 2055 2557 Tranquillus
2084 2480 2320 2579 §pinam
2353 2498 2432 2541 sa·

425 2560 1078 2707 sszssffssxffffleffffr‘}
1102 2560 1743 2723 32321551335323
1760 2579 1951 2706 ’ἓξὲξ
1962 2561 2431 2733 ἒοῖῗῖιξᾛῧὲἰξ

423 2733 595 2791 vitam
620 2729 917 2807 degerem.
969 2727 1199 2792 Fronto
1233 2729 1324 2791 ad
1340 2731 1576 2792 amieos
1612 2738 1644 2791 1
1665 2749 1732 2809 p.
1762 2738 1878 2793 288
1906 2730 2081 2793 Rom.
2116 2730 2201 2810 cf.
2237 2746 2432 2812 supra

423 2834 487 2894 p.
523 2819 652 2886 290,
685 2821 743 2873 5.
798 2809 1088 2874 Isidorus
1120 2813 1360 2893 etymol.
1400 2823 1488 2891 11,
1524 2822 1577 2890 1,
1602 2819 1697 2877 96.
2440 2835 2476 2876 3(

547 2911 705 2973 xlll.
768 2930 946 2992 puer,
981 2913 1185 2993 pueri]
1234 2912 1411 2974 Cuius
1441 2915 1770 2976 femininum
1799 2932 1979 2993 puera
2021 2915 2300 2977 dicebant
2343 2932 2429 2974 an·

431 2998 607 3079 tiqui,
640 2997 791 3057 unde
824 3005 883 3057 et
913 3014 1202 3077 puerpera
1235 2999 1445 3059 dieitur
1475 3017 1624 3079 quae
1655 3015 1894 3077 puerum
1928 2998 2027 3059 vel
2057 3016 2302 3078 pueram
2342 3016 2429 3077 pa·

430 3082 505 3141 rit
540 3128 553 3141 .
592 3124 607 3138 .
643 3124 658 3139 .
704 3080 873 3155 Quod
915 3080 1260 3159 comprobat
1299 3083 1470 3142 etiam
1513 3083 1856 3158 Suetonius,
1911 3081 2180 3143 diversos
2213 3099 2431 3162 ponens

431 3182 570 3225 usus
604 3166 660 3224 in
697 3165 847 3226 libro
892 3166 987 3245 qui
1031 3173 1121 3225 est
1164 3165 1250 3226 de
1283 3166 1782 3226 institutione
1825 3165 2288 3227 officiorum.
2350 3165 2429 3225 Li·
2526 3162 2527 3177 ¹

430 3249 559 3306 vius
581 3248 637 3305 in
668 3245 945 3323 Odyssia:
1008 3247 1154 3310 Mea
1188 3265 1424 3328 puer-a,
1460 3249 1610 3330 quid
1633 3248 1814 3310 verbi
1842 3267 1924 3310 ex
1950 3256 2053 3311 tuo
2092 3269 2206 3313 ore
2234 3258 2476 3329 supr-ass

428 3328 628 3407 fugit?
682 3328 843 3390 Idem
871 3332 1042 3392 alibi:
1079 3331 1425 3394 Puerarum
1451 3331 1739 3394 manibus
1768 3333 2110 3412 confectum
2147 3334 2427 3414 pulcher·

430 3412 601 3471 rime.
660 3410 790 3471 Nou
820 3424 1129 3475 esttamen
1168 3417 1578 3494 ignorandum,
1627 3417 1781 3496 quod
1825 3419 1995 3478 etiam
2036 3418 2129 3478 hic
2161 3434 2431 3498 puerus

435 3502 494 3551 et
521 3492 618 3551 hie
647 3501 705 3551 et
743 3493 923 3556 haee
965 3515 1150 3577 puer
1189 3502 1562 3561 vetustissimi
1599 3500 1916 3580 protulisse
1952 3502 2349 3577 inveniuntur,
2380 3508 2431 3559 et

2498 3682 2523 3825 ἓ*
