<?xml version="1.0" encoding="UTF-8"?>
<!DOCTYPE html PUBLIC "-//W3C//DTD XHTML 1.0 Transitional//EN"
    "http://www.w3.org/TR/xhtml1/DTD/xhtml1-transitional.dtd">
<html xmlns="http://www.w3.org/1999/xhtml" xml:lang="en" lang="en">
 <head>
  <title>
</title>
<meta http-equiv="Content-Type" content="text/html;charset=utf-8" />
  <meta name='ocr-system' content='tesseract 3.04.00' />
  <meta name='ocr-capabilities' content='ocr_page ocr_carea ocr_par ocr_line ocrx_word'/>
</head>
<body>
  <div class='ocr_page' id='page_1' title='image "./csuetonitranqui06rothgoog_0094.png"; bbox 0 0 2553 3960; ppageno 0'>
   <div class='ocr_carea' id='block_1_1' title="bbox 475 229 1563 278">
    <p class='ocr_par' dir='ltr' id='par_1_1' title="bbox 475 229 1563 278">
     <span class='ocr_line' id='line_1_1' title="bbox 475 229 1563 278; baseline 0.002 -3"><span class='ocrx_word' id='word_1_1' title='bbox 475 230 801 276; x_wconf 79' lang='lat' dir='ltr'>LXXXVIII</span> <span class='ocrx_word' id='word_1_2' title='bbox 1145 229 1563 278; x_wconf 82' lang='lat' dir='ltr'>PRAEFATIO.</span> 
     </span>
    </p>
   </div>
   <div class='ocr_carea' id='block_1_2' title="bbox 184 388 2285 2374">
    <p class='ocr_par' dir='ltr' id='par_1_2' title="bbox 477 388 2285 875">
     <span class='ocr_line' id='line_1_2' title="bbox 602 388 2283 461; baseline 0.002 -20"><span class='ocrx_word' id='word_1_3' title='bbox 602 395 740 458; x_wconf 83' lang='lat'><strong>300,</strong></span> <span class='ocrx_word' id='word_1_4' title='bbox 780 394 816 447; x_wconf 83' lang='lat'><strong>3</strong></span> <span class='ocrx_word' id='word_1_5' title='bbox 853 388 1193 459; x_wconf 43' lang='lat' dir='ltr'><strong>corrigendis</strong></span> <span class='ocrx_word' id='word_1_6' title='bbox 1234 389 1523 447; x_wconf 47' lang='lat' dir='ltr'><strong>Bern‘370.</strong></span> <span class='ocrx_word' id='word_1_7' title='bbox 1577 389 1817 461; x_wconf 82' lang='lat' dir='ltr'><strong>Montep.</strong></span> <span class='ocrx_word' id='word_1_8' title='bbox 1878 388 1980 444; x_wconf 91' lang='lat' dir='ltr'><strong>Par</strong></span> <span class='ocrx_word' id='word_1_9' title='bbox 2002 393 2140 448; x_wconf 85' lang='lat'>7502</span> <span class='ocrx_word' id='word_1_10' title='bbox 2178 407 2283 461; x_wconf 82' lang='lat' dir='ltr'><strong>pro</strong></span> 
     </span>
     <span class='ocr_line' id='line_1_3' title="bbox 477 471 2285 544; baseline 0.001 -18"><span class='ocrx_word' id='word_1_11' title='bbox 477 471 864 543; x_wconf 67' lang='lat' dir='ltr'><strong>corn&#39;qendoe,</strong></span> <span class='ocrx_word' id='word_1_12' title='bbox 893 472 997 525; x_wconf 83' lang='lat' dir='ltr'><strong>cfr.</strong></span> <span class='ocrx_word' id='word_1_13' title='bbox 1029 489 1085 543; x_wconf 88' lang='lat' dir='ltr'><strong>p.</strong></span> <span class='ocrx_word' id='word_1_14' title='bbox 1126 477 1260 540; x_wconf 80' lang='lat'><strong>193,</strong></span> <span class='ocrx_word' id='word_1_15' title='bbox 1291 477 1343 528; x_wconf 90' lang='lat'><strong>1.</strong></span> <span class='ocrx_word' id='word_1_16' title='bbox 1393 478 1524 541; x_wconf 84' lang='lat'><strong>195,</strong></span> <span class='ocrx_word' id='word_1_17' title='bbox 1555 477 1642 531; x_wconf 84' lang='lat'><strong>26.</strong></span> <span class='ocrx_word' id='word_1_18' title='bbox 1689 473 1757 525; x_wconf 81' lang='lat' dir='ltr'><strong>de</strong></span> <span class='ocrx_word' id='word_1_19' title='bbox 1782 472 2125 544; x_wconf 72' lang='lat' dir='ltr'><strong>corm’qendis</strong></span> <span class='ocrx_word' id='word_1_20' title='bbox 2155 474 2285 529; x_wconf 87' lang='lat' dir='ltr'><strong>Sal-</strong></span> 
     </span>
     <span class='ocr_line' id='line_1_4' title="bbox 481 548 2284 633; baseline 0 -24"><span class='ocrx_word' id='word_1_21' title='bbox 481 554 686 610; x_wconf 88' lang='lat' dir='ltr'><strong>masius</strong></span> <span class='ocrx_word' id='word_1_22' title='bbox 726 550 736 623; x_wconf 83' lang='grc' dir='ltr'>Ι</span> <span class='ocrx_word' id='word_1_23' title='bbox 770 560 805 612; x_wconf 86' lang='lat'>4</span> <span class='ocrx_word' id='word_1_24' title='bbox 832 555 1415 625; x_wconf 81' lang='lat' dir='ltr'><strong>Poemata—-quoque</strong></span> <span class='ocrx_word' id='word_1_25' title='bbox 1432 554 1635 610; x_wconf 88' lang='lat' dir='ltr'><strong>omittit</strong></span> <span class='ocrx_word' id='word_1_26' title='bbox 1650 553 1989 611; x_wconf 85' lang='lat' dir='ltr'><strong>Omnibonus</strong></span> <span class='ocrx_word' id='word_1_27' title='bbox 2028 548 2041 633; x_wconf 83' lang='grc' dir='ltr'>Ι</span> <span class='ocrx_word' id='word_1_28' title='bbox 2076 558 2284 614; x_wconf 75' lang='lat' dir='ltr'><strong>5etiam</strong></span> 
     </span>
     <span class='ocr_line' id='line_1_5' title="bbox 482 632 2285 714; baseline 0.002 -22"><span class='ocrx_word' id='word_1_29' title='bbox 482 636 682 694; x_wconf 87' lang='lat' dir='ltr'><strong>omittit</strong></span> <span class='ocrx_word' id='word_1_30' title='bbox 708 637 963 701; x_wconf 86' lang='lat' dir='ltr'><strong>Grotius;</strong></span> <span class='ocrx_word' id='word_1_31' title='bbox 1004 638 1107 693; x_wconf 89' lang='lat' dir='ltr'><strong>sed</strong></span> <span class='ocrx_word' id='word_1_32' title='bbox 1135 633 1293 693; x_wconf 76' lang='lat' dir='ltr'><strong>locu‘s</strong></span> <span class='ocrx_word' id='word_1_33' title='bbox 1331 638 1627 693; x_wconf 89' lang='lat' dir='ltr'><strong>lacunosus</strong></span> <span class='ocrx_word' id='word_1_34' title='bbox 1660 654 1788 693; x_wconf 89' lang='lat' dir='ltr'><strong>esse</strong></span> <span class='ocrx_word' id='word_1_35' title='bbox 1821 638 2046 694; x_wconf 86' lang='lat' dir='ltr'><strong>videtur</strong></span> <span class='ocrx_word' id='word_1_36' title='bbox 2083 632 2092 714; x_wconf 88' lang='grc' dir='ltr'>Ι</span> <span class='ocrx_word' id='word_1_37' title='bbox 2131 644 2165 698; x_wconf 82' lang='grc'><strong>6</strong></span> <span class='ocrx_word' id='word_1_38' title='bbox 2193 654 2285 695; x_wconf 79' lang='lat' dir='ltr'><strong>ve-</strong></span> 
     </span>
     <span class='ocr_line' id='line_1_6' title="bbox 479 721 2281 792; baseline 0.001 -18"><span class='ocrx_word' id='word_1_39' title='bbox 479 723 632 775; x_wconf 82' lang='lat' dir='ltr'><strong>nalia</strong></span> <span class='ocrx_word' id='word_1_40' title='bbox 675 721 876 777; x_wconf 84' lang='lat' dir='ltr'><strong>omittit</strong></span> <span class='ocrx_word' id='word_1_41' title='bbox 912 721 1054 775; x_wconf 88' lang='lat' dir='ltr'><strong>Bern</strong></span> <span class='ocrx_word' id='word_1_42' title='bbox 1080 726 1210 789; x_wconf 87' lang='lat'><strong>370,</strong></span> <span class='ocrx_word' id='word_1_43' title='bbox 1258 737 1427 792; x_wconf 90' lang='lat' dir='ltr'><strong>supra</strong></span> <span class='ocrx_word' id='word_1_44' title='bbox 1473 737 1694 776; x_wconf 85' lang='lat' dir='ltr'><strong>versum</strong></span> <span class='ocrx_word' id='word_1_45' title='bbox 1736 722 1906 777; x_wconf 85' lang='lat' dir='ltr'><strong>babet</strong></span> <span class='ocrx_word' id='word_1_46' title='bbox 1944 722 2128 777; x_wconf 89' lang='lat' dir='ltr'><strong>Berol.</strong></span> <span class='ocrx_word' id='word_1_47' title='bbox 2172 722 2281 777; x_wconf 83' lang='lat' dir='ltr'><strong>cfr.</strong></span> 
     </span>
     <span class='ocr_line' id='line_1_7' title="bbox 477 811 807 875; baseline -0.003 -16"><span class='ocrx_word' id='word_1_48' title='bbox 477 821 532 875; x_wconf 86' lang='lat' dir='ltr'><strong>p.</strong></span> <span class='ocrx_word' id='word_1_49' title='bbox 567 811 689 874; x_wconf 89' lang='lat'><strong>101,</strong></span> <span class='ocrx_word' id='word_1_50' title='bbox 721 812 807 863; x_wconf 86' lang='lat'><strong>13.</strong></span> 
     </span>
    </p>

    <p class='ocr_par' dir='ltr' id='par_1_3' title="bbox 607 886 2283 960">
     <span class='ocr_line' id='line_1_8' title="bbox 607 886 2283 960; baseline 0.001 -18"><span class='ocrx_word' id='word_1_51' title='bbox 607 890 686 942; x_wconf 92' lang='lat' dir='ltr'><strong>De</strong></span> <span class='ocrx_word' id='word_1_52' title='bbox 717 888 860 942; x_wconf 85' lang='lat' dir='ltr'><strong>vita</strong></span> <span class='ocrx_word' id='word_1_53' title='bbox 891 886 1262 943; x_wconf 86' lang='lat' dir='ltr'><strong>luvenalis</strong></span> <span class='ocrx_word' id='word_1_54' title='bbox 1294 887 1442 958; x_wconf 89' lang='lat' dir='ltr'><strong>quod</strong></span> <span class='ocrx_word' id='word_1_55' title='bbox 1479 886 1617 942; x_wconf 87' lang='lat' dir='ltr'><strong>satis</strong></span> <span class='ocrx_word' id='word_1_56' title='bbox 1645 886 1741 956; x_wconf 87' lang='lat' dir='ltr'><strong>sit,</strong></span> <span class='ocrx_word' id='word_1_57' title='bbox 1767 905 1935 960; x_wconf 90' lang='lat' dir='ltr'><strong>supra</strong></span> <span class='ocrx_word' id='word_1_58' title='bbox 1969 906 2024 960; x_wconf 90' lang='lat' dir='ltr'><strong>p.</strong></span> <span class='ocrx_word' id='word_1_59' title='bbox 2039 888 2283 944; x_wconf 84' lang='lat' dir='ltr'>LXXVII</span> 
     </span>
    </p>

    <p class='ocr_par' dir='ltr' id='par_1_4' title="bbox 184 970 2282 2374">
     <span class='ocr_line' id='line_1_9' title="bbox 291 970 965 1043; baseline -0.007 -16"><span class='ocrx_word' id='word_1_60' title='bbox 291 998 338 1043; x_wconf 59' lang='lat'><strong>‚·</strong></span> <span class='ocrx_word' id='word_1_61' title='bbox 477 988 562 1042; x_wconf 87' lang='lat' dir='ltr'><strong>sq.</strong></span> <span class='ocrx_word' id='word_1_62' title='bbox 600 971 804 1026; x_wconf 89' lang='lat' dir='ltr'><strong>dictum</strong></span> <span class='ocrx_word' id='word_1_63' title='bbox 841 970 965 1025; x_wconf 91' lang='lat' dir='ltr'><strong>erit.</strong></span> 
     </span>
     <span class='ocr_line' id='line_1_10' title="bbox 184 1030 2280 1124; baseline 0 -16"><span class='ocrx_word' id='word_1_64' title='bbox 184 1030 323 1123; x_wconf 50' lang='grc' dir='ltr'><strong>ἓξὲξ</strong></span> <span class='ocrx_word' id='word_1_65' title='bbox 343 1031 451 1124; x_wconf 50' lang='grc' dir='ltr'><strong>ἐξ,</strong></span> <span class='ocrx_word' id='word_1_66' title='bbox 601 1053 831 1108; x_wconf 85' lang='lat' dir='ltr'><strong>Plinii</strong></span> <span class='ocrx_word' id='word_1_67' title='bbox 889 1053 1202 1108; x_wconf 82' lang='lat' dir='ltr'><strong>Secundi</strong></span> <span class='ocrx_word' id='word_1_68' title='bbox 1251 1053 1471 1108; x_wconf 86' lang='lat' dir='ltr'><strong>vitam</strong></span> <span class='ocrx_word' id='word_1_69' title='bbox 1507 1051 1735 1109; x_wconf 89' lang='lat' dir='ltr'><strong>codices</strong></span> <span class='ocrx_word' id='word_1_70' title='bbox 1770 1051 2048 1108; x_wconf 88' lang='lat' dir='ltr'><strong>Naturalis</strong></span> <span class='ocrx_word' id='word_1_71' title='bbox 2097 1053 2280 1110; x_wconf 85' lang='lat' dir='ltr'><strong>bisto-</strong></span> 
     </span>
     <span class='ocr_line' id='line_1_11' title="bbox 476 1136 2282 1208; baseline -0.001 -15"><span class='ocrx_word' id='word_1_72' title='bbox 476 1138 597 1193; x_wconf 83' lang='lat' dir='ltr'><strong>riae</strong></span> <span class='ocrx_word' id='word_1_73' title='bbox 629 1136 887 1208; x_wconf 79' lang='lat' dir='ltr'><strong>permulti</strong></span> <span class='ocrx_word' id='word_1_74' title='bbox 930 1152 996 1191; x_wconf 88' lang='lat' dir='ltr'><strong>ac</strong></span> <span class='ocrx_word' id='word_1_75' title='bbox 1033 1136 1397 1192; x_wconf 86' lang='lat' dir='ltr'><strong>vetustissimi</strong></span> <span class='ocrx_word' id='word_1_76' title='bbox 1439 1142 1809 1192; x_wconf 86' lang='lat' dir='ltr'><strong>servaverunt</strong></span> <span class='ocrx_word' id='word_1_77' title='bbox 1838 1137 2103 1207; x_wconf 79' lang='lat' dir='ltr'><strong>scriptam</strong></span> <span class='ocrx_word' id='word_1_78' title='bbox 2131 1137 2282 1191; x_wconf 84' lang='lat' dir='ltr'><strong>inter</strong></span> 
     </span>
     <span class='ocr_line' id='line_1_12' title="bbox 475 1218 2280 1290; baseline -0.002 -14"><span class='ocrx_word' id='word_1_79' title='bbox 475 1220 790 1276; x_wconf 88' lang='lat' dir='ltr'><strong>testimonia</strong></span> <span class='ocrx_word' id='word_1_80' title='bbox 822 1220 892 1275; x_wconf 90' lang='lat' dir='ltr'><strong>de</strong></span> <span class='ocrx_word' id='word_1_81' title='bbox 917 1225 1153 1290; x_wconf 86' lang='lat' dir='ltr'><strong>utroque</strong></span> <span class='ocrx_word' id='word_1_82' title='bbox 1177 1218 1366 1290; x_wconf 90' lang='lat' dir='ltr'><strong>Plinio</strong></span> <span class='ocrx_word' id='word_1_83' title='bbox 1391 1236 1462 1274; x_wconf 86' lang='lat' dir='ltr'><strong>ex</strong></span> <span class='ocrx_word' id='word_1_84' title='bbox 1494 1218 1735 1290; x_wconf 80' lang='lat' dir='ltr'><strong>antiquis</strong></span> <span class='ocrx_word' id='word_1_85' title='bbox 1766 1218 2136 1289; x_wconf 87' lang='lat' dir='ltr'><strong>scriptoribus</strong></span> <span class='ocrx_word' id='word_1_86' title='bbox 2160 1221 2280 1274; x_wconf 90' lang='lat' dir='ltr'><strong>col-</strong></span> 
     </span>
     <span class='ocr_line' id='line_1_13' title="bbox 477 1301 2281 1373; baseline -0.002 -14"><span class='ocrx_word' id='word_1_87' title='bbox 477 1306 643 1359; x_wconf 85' lang='lat' dir='ltr'><strong>lecta.</strong></span> <span class='ocrx_word' id='word_1_88' title='bbox 732 1304 852 1357; x_wconf 91' lang='lat' dir='ltr'><strong>Duo</strong></span> <span class='ocrx_word' id='word_1_89' title='bbox 902 1302 1046 1357; x_wconf 93' lang='lat' dir='ltr'><strong>enim</strong></span> <span class='ocrx_word' id='word_1_90' title='bbox 1081 1301 1278 1371; x_wconf 88' lang='lat' dir='ltr'><strong>Plinii,</strong></span> <span class='ocrx_word' id='word_1_91' title='bbox 1317 1319 1546 1373; x_wconf 89' lang='lat' dir='ltr'><strong>quorum</strong></span> <span class='ocrx_word' id='word_1_92' title='bbox 1587 1304 1727 1357; x_wconf 87' lang='lat' dir='ltr'><strong>alter</strong></span> <span class='ocrx_word' id='word_1_93' title='bbox 1754 1302 2089 1373; x_wconf 79' lang='lat' dir='ltr'><strong>Vespasiani</strong></span> <span class='ocrx_word' id='word_1_94' title='bbox 2136 1302 2281 1357; x_wconf 86' lang='lat' dir='ltr'><strong>alter</strong></span> 
     </span>
     <span class='ocr_line' id='line_1_14' title="bbox 479 1384 2280 1455; baseline 0 -13"><span class='ocrx_word' id='word_1_95' title='bbox 479 1387 698 1443; x_wconf 87' lang='lat' dir='ltr'><strong>Traiani</strong></span> <span class='ocrx_word' id='word_1_96' title='bbox 743 1385 1030 1441; x_wconf 82' lang='lat' dir='ltr'><strong>familiaris</strong></span> <span class='ocrx_word' id='word_1_97' title='bbox 1073 1384 1208 1454; x_wconf 82' lang='lat' dir='ltr'><strong>fuit,</strong></span> <span class='ocrx_word' id='word_1_98' title='bbox 1250 1401 1361 1440; x_wconf 89' lang='lat' dir='ltr'><strong>non</strong></span> <span class='ocrx_word' id='word_1_99' title='bbox 1393 1402 1494 1455; x_wconf 89' lang='lat' dir='ltr'><strong>per</strong></span> <span class='ocrx_word' id='word_1_100' title='bbox 1523 1387 1783 1441; x_wconf 83' lang='lat' dir='ltr'><strong>tenebras</strong></span> <span class='ocrx_word' id='word_1_101' title='bbox 1817 1385 2034 1441; x_wconf 89' lang='lat' dir='ltr'><strong>mediae</strong></span> <span class='ocrx_word' id='word_1_102' title='bbox 2065 1385 2280 1442; x_wconf 86' lang='lat' dir='ltr'><strong>demum</strong></span> 
     </span>
     <span class='ocr_line' id='line_1_15' title="bbox 475 1468 2280 1541; baseline -0.002 -14"><span class='ocrx_word' id='word_1_103' title='bbox 475 1471 675 1527; x_wconf 87' lang='lat' dir='ltr'><strong>aetatis</strong></span> <span class='ocrx_word' id='word_1_104' title='bbox 733 1485 836 1541; x_wconf 91' lang='lat' dir='ltr'><strong>pro</strong></span> <span class='ocrx_word' id='word_1_105' title='bbox 888 1485 995 1523; x_wconf 91' lang='lat' dir='ltr'><strong>uno</strong></span> <span class='ocrx_word' id='word_1_106' title='bbox 1048 1468 1243 1523; x_wconf 89' lang='lat' dir='ltr'><strong>haberi</strong></span> <span class='ocrx_word' id='word_1_107' title='bbox 1285 1468 1473 1539; x_wconf 90' lang='lat' dir='ltr'><strong>coepti</strong></span> <span class='ocrx_word' id='word_1_108' title='bbox 1529 1475 1685 1537; x_wconf 87' lang='lat' dir='ltr'><strong>sunt,</strong></span> <span class='ocrx_word' id='word_1_109' title='bbox 1744 1469 1846 1524; x_wconf 86' lang='lat' dir='ltr'><strong>sed</strong></span> <span class='ocrx_word' id='word_1_110' title='bbox 1887 1468 1994 1523; x_wconf 89' lang='lat' dir='ltr'><strong>iam</strong></span> <span class='ocrx_word' id='word_1_111' title='bbox 2038 1468 2166 1524; x_wconf 90' lang='lat' dir='ltr'><strong>inde</strong></span> <span class='ocrx_word' id='word_1_112' title='bbox 2207 1469 2280 1524; x_wconf 90' lang='lat' dir='ltr'><strong>ab</strong></span> 
     </span>
     <span class='ocr_line' id='line_1_16' title="bbox 474 1551 2278 1620; baseline -0.001 -11"><span class='ocrx_word' id='word_1_113' title='bbox 474 1554 698 1609; x_wconf 88' lang='lat' dir='ltr'><strong>ineunte</strong></span> <span class='ocrx_word' id='word_1_114' title='bbox 730 1553 899 1608; x_wconf 90' lang='lat' dir='ltr'><strong>tertio</strong></span> <span class='ocrx_word' id='word_1_115' title='bbox 944 1551 1172 1607; x_wconf 89' lang='lat' dir='ltr'><strong>saeculo</strong></span> <span class='ocrx_word' id='word_1_116' title='bbox 1209 1551 1461 1606; x_wconf 90' lang='lat' dir='ltr'><strong>homines</strong></span> <span class='ocrx_word' id='word_1_117' title='bbox 1498 1568 1606 1607; x_wconf 91' lang='lat' dir='ltr'><strong>non</strong></span> <span class='ocrx_word' id='word_1_118' title='bbox 1651 1552 1901 1620; x_wconf 87' lang='lat' dir='ltr'><strong>indocti,</strong></span> <span class='ocrx_word' id='word_1_119' title='bbox 1942 1559 2002 1606; x_wconf 88' lang='lat' dir='ltr'><strong>ut</strong></span> <span class='ocrx_word' id='word_1_120' title='bbox 2032 1551 2278 1607; x_wconf 86' lang='lat' dir='ltr'><strong>Serenus</strong></span> 
     </span>
     <span class='ocr_line' id='line_1_17' title="bbox 475 1634 2276 1707; baseline -0.002 -14"><span class='ocrx_word' id='word_1_121' title='bbox 475 1637 801 1693; x_wconf 87' lang='lat' dir='ltr'><strong>Samonicus</strong></span> <span class='ocrx_word' id='word_1_122' title='bbox 837 1635 1071 1707; x_wconf 88' lang='lat' dir='ltr'><strong>ipseque</strong></span> <span class='ocrx_word' id='word_1_123' title='bbox 1109 1634 1458 1704; x_wconf 82' lang='lat' dir='ltr'><strong>Macrobius,</strong></span> <span class='ocrx_word' id='word_1_124' title='bbox 1491 1651 1613 1689; x_wconf 88' lang='lat' dir='ltr'><strong>eum</strong></span> <span class='ocrx_word' id='word_1_125' title='bbox 1644 1651 1891 1691; x_wconf 86' lang='lat' dir='ltr'><strong>errorem</strong></span> <span class='ocrx_word' id='word_1_126' title='bbox 1925 1635 2276 1690; x_wconf 83' lang='lat' dir='ltr'><strong>admiserant.</strong></span> 
     </span>
     <span class='ocr_line' id='line_1_18' title="bbox 478 1713 2275 1789; baseline -0.003 -12"><span class='ocrx_word' id='word_1_127' title='bbox 478 1720 710 1777; x_wconf 86' lang='lat' dir='ltr'><strong>Gravius</strong></span> <span class='ocrx_word' id='word_1_128' title='bbox 744 1720 909 1775; x_wconf 87' lang='lat' dir='ltr'><strong>etiam</strong></span> <span class='ocrx_word' id='word_1_129' title='bbox 951 1724 1068 1787; x_wconf 86' lang='lat' dir='ltr'><strong>est,</strong></span> <span class='ocrx_word' id='word_1_130' title='bbox 1102 1713 1581 1789; x_wconf 59' lang='lat' dir='ltr'><strong>Hieronymumffl)</strong></span> <span class='ocrx_word' id='word_1_131' title='bbox 1612 1735 1831 1789; x_wconf 87' lang='lat' dir='ltr'><strong>quoque</strong></span> <span class='ocrx_word' id='word_1_132' title='bbox 1871 1724 1980 1773; x_wconf 89' lang='lat' dir='ltr'><strong>tam</strong></span> <span class='ocrx_word' id='word_1_133' title='bbox 2023 1718 2079 1772; x_wconf 93' lang='lat' dir='ltr'><strong>in</strong></span> <span class='ocrx_word' id='word_1_134' title='bbox 2125 1734 2275 1773; x_wconf 85' lang='lat' dir='ltr'><strong>com·</strong></span> 
     </span>
     <span class='ocr_line' id='line_1_19' title="bbox 479 1800 2278 1873; baseline -0.002 -15"><span class='ocrx_word' id='word_1_135' title='bbox 479 1803 750 1860; x_wconf 90' lang='lat' dir='ltr'><strong>mentario</strong></span> <span class='ocrx_word' id='word_1_136' title='bbox 774 1802 990 1858; x_wconf 88' lang='lat' dir='ltr'><strong>lesaiae</strong></span> <span class='ocrx_word' id='word_1_137' title='bbox 1021 1818 1144 1873; x_wconf 86' lang='lat' dir='ltr'><strong>cap.</strong></span> <span class='ocrx_word' id='word_1_138' title='bbox 1163 1806 1232 1859; x_wconf 85' lang='lat'><strong>54</strong></span> <span class='ocrx_word' id='word_1_139' title='bbox 1256 1806 1296 1855; x_wconf 78' lang='lat' dir='ltr'><strong>t.</strong></span> <span class='ocrx_word' id='word_1_140' title='bbox 1326 1806 1363 1858; x_wconf 85' lang='lat'>4</span> <span class='ocrx_word' id='word_1_141' title='bbox 1398 1805 1569 1872; x_wconf 86' lang='lat' dir='ltr'><strong>p.637</strong></span> <span class='ocrx_word' id='word_1_142' title='bbox 1605 1802 1845 1857; x_wconf 88' lang='lat' dir='ltr'><strong>Vallars.</strong></span> <span class='ocrx_word' id='word_1_143' title='bbox 1910 1800 2141 1855; x_wconf 88' lang='lat' dir='ltr'><strong>Plinium</strong></span> <span class='ocrx_word' id='word_1_144' title='bbox 2172 1800 2278 1856; x_wconf 91' lang='lat' dir='ltr'><strong>Se-</strong></span> 
     </span>
     <span class='ocr_line' id='line_1_20' title="bbox 479 1883 2277 1956; baseline -0.001 -15"><span class='ocrx_word' id='word_1_145' title='bbox 479 1888 712 1941; x_wconf 87' lang='lat' dir='ltr'><strong>cundum</strong></span> <span class='ocrx_word' id='word_1_146' title='bbox 756 1886 1024 1940; x_wconf 69' lang='lat' dir='ltr'><strong>‘eundem</strong></span> <span class='ocrx_word' id='word_1_147' title='bbox 1071 1891 1349 1940; x_wconf 84' lang='lat' dir='ltr'><strong>oratorem</strong></span> <span class='ocrx_word' id='word_1_148' title='bbox 1414 1891 1473 1939; x_wconf 85' lang='lat' dir='ltr'><strong>et</strong></span> <span class='ocrx_word' id='word_1_149' title='bbox 1533 1883 1956 1956; x_wconf 90' lang='lat' dir='ltr'><strong>philosophum’</strong></span> <span class='ocrx_word' id='word_1_150' title='bbox 2014 1884 2159 1940; x_wconf 94' lang='lat' dir='ltr'><strong>libro</strong></span> <span class='ocrx_word' id='word_1_151' title='bbox 2206 1886 2277 1940; x_wconf 88' lang='lat' dir='ltr'><strong>de</strong></span> 
     </span>
     <span class='ocr_line' id='line_1_21' title="bbox 479 1967 2276 2039; baseline -0.001 -14"><span class='ocrx_word' id='word_1_152' title='bbox 479 1970 713 2027; x_wconf 88' lang='lat' dir='ltr'><strong>naturali</strong></span> <span class='ocrx_word' id='word_1_153' title='bbox 761 1967 996 2025; x_wconf 87' lang='lat' dir='ltr'><strong>historia</strong></span> <span class='ocrx_word' id='word_1_154' title='bbox 1047 1967 1298 2023; x_wconf 86' lang='lat' dir='ltr'>XXXVII</span> <span class='ocrx_word' id='word_1_155' title='bbox 1349 1973 1630 2024; x_wconf 84' lang='lat' dir='ltr'><strong>auctorem</strong></span> <span class='ocrx_word' id='word_1_156' title='bbox 1667 1967 1964 2039; x_wconf 87' lang='lat' dir='ltr'><strong>citavisse,</strong></span> <span class='ocrx_word' id='word_1_157' title='bbox 2007 1985 2170 2039; x_wconf 89' lang='lat' dir='ltr'><strong>quam</strong></span> <span class='ocrx_word' id='word_1_158' title='bbox 2218 1968 2276 2024; x_wconf 89' lang='lat' dir='ltr'><strong>in</strong></span> 
     </span>
     <span class='ocr_line' id='line_1_22' title="bbox 479 2052 2276 2110; baseline -0.002 -1"><span class='ocrx_word' id='word_1_159' title='bbox 479 2054 754 2110; x_wconf 89' lang='lat' dir='ltr'><strong>Chronico</strong></span> <span class='ocrx_word' id='word_1_160' title='bbox 799 2052 1064 2106; x_wconf 68' lang='lat' dir='ltr'><strong>‘Plinium</strong></span> <span class='ocrx_word' id='word_1_161' title='bbox 1108 2052 1422 2107; x_wconf 89' lang='lat' dir='ltr'><strong>Secundum</strong></span> <span class='ocrx_word' id='word_1_162' title='bbox 1464 2052 1938 2108; x_wconf 86' lang='lat' dir='ltr'><strong>Novocomensem</strong></span> <span class='ocrx_word' id='word_1_163' title='bbox 1995 2059 2276 2108; x_wconf 87' lang='lat' dir='ltr'><strong>oratorem</strong></span> 
     </span>
     <span class='ocr_line' id='line_1_23' title="bbox 476 2134 2273 2205; baseline -0.001 -13"><span class='ocrx_word' id='word_1_164' title='bbox 476 2144 534 2193; x_wconf 91' lang='lat' dir='ltr'><strong>et</strong></span> <span class='ocrx_word' id='word_1_165' title='bbox 565 2138 925 2204; x_wconf 87' lang='lat' dir='ltr'><strong>historicum,</strong></span> <span class='ocrx_word' id='word_1_166' title='bbox 972 2135 1065 2205; x_wconf 89' lang='lat' dir='ltr'><strong>qui</strong></span> <span class='ocrx_word' id='word_1_167' title='bbox 1100 2134 1272 2205; x_wconf 87' lang='lat' dir='ltr'><strong>periit</strong></span> <span class='ocrx_word' id='word_1_168' title='bbox 1303 2136 1427 2189; x_wconf 91' lang='lat' dir='ltr'><strong>dum</strong></span> <span class='ocrx_word' id='word_1_169' title='bbox 1455 2135 1589 2190; x_wconf 85' lang='lat' dir='ltr'><strong>visit</strong></span> <span class='ocrx_word' id='word_1_170' title='bbox 1616 2135 1947 2190; x_wconf 85' lang='lat' dir='ltr'><strong>Vesuvium&#39;</strong></span> <span class='ocrx_word' id='word_1_171' title='bbox 1987 2135 2043 2189; x_wconf 92' lang='lat' dir='ltr'><strong>in</strong></span> <span class='ocrx_word' id='word_1_172' title='bbox 2089 2134 2273 2190; x_wconf 91' lang='lat' dir='ltr'><strong>medio</strong></span> 
     </span>
     <span class='ocr_line' id='line_1_24' title="bbox 476 2211 2272 2292; baseline -0.002 -16"><span class='ocrx_word' id='word_1_173' title='bbox 476 2221 694 2277; x_wconf 88' lang='lat' dir='ltr'><strong>Traiani</strong></span> <span class='ocrx_word' id='word_1_174' title='bbox 745 2211 1149 2292; x_wconf 50' lang='lat' dir='ltr'><strong>principatum)</strong></span> <span class='ocrx_word' id='word_1_175' title='bbox 1198 2218 1612 2274; x_wconf 65' lang='lat' dir='ltr'><strong>collocavissm</strong></span> <span class='ocrx_word' id='word_1_176' title='bbox 1684 2219 1797 2273; x_wconf 87' lang='lat' dir='ltr'><strong>Sed</strong></span> <span class='ocrx_word' id='word_1_177' title='bbox 1855 2219 1904 2274; x_wconf 93' lang='lat' dir='ltr'><strong>is</strong></span> <span class='ocrx_word' id='word_1_178' title='bbox 1949 2217 2272 2287; x_wconf 74' lang='lat' dir='ltr'><strong>Hieronymi</strong></span> 
     </span>
     <span class='ocr_line' id='line_1_25' title="bbox 476 2301 2274 2374; baseline -0.002 -16"><span class='ocrx_word' id='word_1_179' title='bbox 476 2321 635 2359; x_wconf 89' lang='lat' dir='ltr'><strong>error</strong></span> <span class='ocrx_word' id='word_1_180' title='bbox 667 2302 913 2374; x_wconf 82' lang='lat' dir='ltr'><strong>quamvis</strong></span> <span class='ocrx_word' id='word_1_181' title='bbox 939 2301 1237 2356; x_wconf 91' lang='lat' dir='ltr'><strong>Pliniorum</strong></span> <span class='ocrx_word' id='word_1_182' title='bbox 1270 2301 1569 2356; x_wconf 89' lang='lat' dir='ltr'><strong>memoriae</strong></span> <span class='ocrx_word' id='word_1_183' title='bbox 1600 2301 1865 2370; x_wconf 79' lang='lat' dir='ltr'><strong>obfuerit,</strong></span> <span class='ocrx_word' id='word_1_184' title='bbox 1896 2308 2072 2356; x_wconf 88' lang='lat' dir='ltr'><strong>tamen</strong></span> <span class='ocrx_word' id='word_1_185' title='bbox 2094 2318 2274 2372; x_wconf 89' lang='lat' dir='ltr'><strong>paene</strong></span> 
     </span>
    </p>
   </div>
   <div class='ocr_carea' id='block_1_3' title="bbox 467 2398 878 2408">
    <p class='ocr_par' dir='ltr' id='par_1_5' title="bbox 467 2398 878 2408">
     <span class='ocr_line' id='line_1_26' title="bbox 467 2398 878 2408; baseline 0 1552"><span class='ocrx_word' id='word_1_186' title='bbox 467 2398 878 2408; x_wconf 95' lang='lat' dir='ltr'><strong> </strong></span> 
     </span>
    </p>
   </div>
   <div class='ocr_carea' id='block_1_4' title="bbox 468 2445 2274 3534">
    <p class='ocr_par' dir='ltr' id='par_1_6' title="bbox 470 2445 2273 2716">
     <span class='ocr_line' id='line_1_27' title="bbox 612 2445 2273 2513; baseline 0.001 -17"><span class='ocrx_word' id='word_1_187' title='bbox 612 2445 705 2508; x_wconf 89' lang='lat'><strong>83)</strong></span> <span class='ocrx_word' id='word_1_188' title='bbox 738 2448 788 2494; x_wconf 88' lang='lat' dir='ltr'><strong>Is</strong></span> <span class='ocrx_word' id='word_1_189' title='bbox 814 2445 1070 2496; x_wconf 86' lang='lat' dir='ltr'><strong>Plinianas</strong></span> <span class='ocrx_word' id='word_1_190' title='bbox 1109 2446 1350 2513; x_wconf 82' lang='lat' dir='ltr'><strong>epistolas</strong></span> <span class='ocrx_word' id='word_1_191' title='bbox 1382 2463 1594 2512; x_wconf 89' lang='lat' dir='ltr'><strong>prorsus</strong></span> <span class='ocrx_word' id='word_1_192' title='bbox 1634 2449 1899 2512; x_wconf 84' lang='lat' dir='ltr'><strong>ignorasse</strong></span> <span class='ocrx_word' id='word_1_193' title='bbox 1923 2448 2148 2508; x_wconf 62' lang='lat' dir='ltr'><strong>videtum</strong></span> <span class='ocrx_word' id='word_1_194' title='bbox 2185 2463 2273 2497; x_wconf 86' lang='lat' dir='ltr'><strong>ne-</strong></span> 
     </span>
     <span class='ocr_line' id='line_1_28' title="bbox 475 2515 2273 2579; baseline 0.002 -17"><span class='ocrx_word' id='word_1_195' title='bbox 475 2530 573 2578; x_wconf 88' lang='lat' dir='ltr'><strong>que</strong></span> <span class='ocrx_word' id='word_1_196' title='bbox 602 2515 734 2564; x_wconf 88' lang='lat' dir='ltr'><strong>enim</strong></span> <span class='ocrx_word' id='word_1_197' title='bbox 779 2529 1019 2577; x_wconf 90' lang='lat' dir='ltr'><strong>umquam</strong></span> <span class='ocrx_word' id='word_1_198' title='bbox 1043 2515 1451 2565; x_wconf 83' lang='lat' dir='ltr'><strong>commemoravit</strong></span> <span class='ocrx_word' id='word_1_199' title='bbox 1489 2524 1536 2565; x_wconf 89' lang='lat' dir='ltr'><strong>et</strong></span> <span class='ocrx_word' id='word_1_200' title='bbox 1570 2531 1698 2579; x_wconf 88' lang='lat' dir='ltr'><strong>quae</strong></span> <span class='ocrx_word' id='word_1_201' title='bbox 1733 2517 1797 2565; x_wconf 89' lang='lat' dir='ltr'><strong>de</strong></span> <span class='ocrx_word' id='word_1_202' title='bbox 1821 2515 2116 2566; x_wconf 88' lang='lat' dir='ltr'><strong>Christianis</strong></span> <span class='ocrx_word' id='word_1_203' title='bbox 2152 2517 2273 2565; x_wconf 87' lang='lat' dir='ltr'><strong>inde</strong></span> 
     </span>
     <span class='ocr_line' id='line_1_29' title="bbox 473 2583 2273 2649; baseline 0 -17"><span class='ocrx_word' id='word_1_204' title='bbox 473 2583 646 2640; x_wconf 84' lang='lat' dir='ltr'><strong>affert,</strong></span> <span class='ocrx_word' id='word_1_205' title='bbox 692 2597 753 2632; x_wconf 88' lang='lat' dir='ltr'><strong>ea</strong></span> <span class='ocrx_word' id='word_1_206' title='bbox 793 2597 859 2631; x_wconf 86' lang='lat' dir='ltr'><strong>ex</strong></span> <span class='ocrx_word' id='word_1_207' title='bbox 894 2583 1099 2632; x_wconf 88' lang='lat' dir='ltr'><strong>Eusebii</strong></span> <span class='ocrx_word' id='word_1_208' title='bbox 1146 2583 1383 2633; x_wconf 87' lang='lat' dir='ltr'><strong>chronico</strong></span> <span class='ocrx_word' id='word_1_209' title='bbox 1423 2592 1473 2634; x_wconf 87' lang='lat' dir='ltr'><strong>et</strong></span> <span class='ocrx_word' id='word_1_210' title='bbox 1512 2583 1629 2633; x_wconf 86' lang='lat' dir='ltr'><strong>hist.</strong></span> <span class='ocrx_word' id='word_1_211' title='bbox 1669 2584 1788 2633; x_wconf 85' lang='lat' dir='ltr'><strong>eccl.</strong></span> <span class='ocrx_word' id='word_1_212' title='bbox 1827 2584 2106 2649; x_wconf 85' lang='lat' dir='ltr'><strong>desumpsit</strong></span> <span class='ocrx_word' id='word_1_213' title='bbox 2158 2599 2273 2633; x_wconf 88' lang='lat' dir='ltr'><strong>cum</strong></span> 
     </span>
     <span class='ocr_line' id='line_1_30' title="bbox 470 2650 1564 2716; baseline 0.002 -17"><span class='ocrx_word' id='word_1_214' title='bbox 470 2652 583 2716; x_wconf 86' lang='lat' dir='ltr'><strong>ipsa</strong></span> <span class='ocrx_word' id='word_1_215' title='bbox 605 2650 928 2701; x_wconf 85' lang='lat' dir='ltr'><strong>Tertullianei</strong></span> <span class='ocrx_word' id='word_1_216' title='bbox 955 2651 1258 2716; x_wconf 83' lang='lat' dir='ltr'><strong>apologetici</strong></span> <span class='ocrx_word' id='word_1_217' title='bbox 1293 2653 1564 2702; x_wconf 87' lang='lat' dir='ltr'><strong>mentione.</strong></span> 
     </span>
    </p>

    <p class='ocr_par' dir='ltr' id='par_1_7' title="bbox 468 2719 2274 3534">
     <span class='ocr_line' id='line_1_31' title="bbox 604 2719 2271 2786; baseline 0 -17"><span class='ocrx_word' id='word_1_218' title='bbox 604 2719 695 2784; x_wconf 87' lang='lat'><strong>84)</strong></span> <span class='ocrx_word' id='word_1_219' title='bbox 747 2720 830 2768; x_wconf 76' lang='lat' dir='ltr'><strong>Ad</strong></span> <span class='ocrx_word' id='word_1_220' title='bbox 867 2734 915 2769; x_wconf 87' lang='lat' dir='ltr'><strong>a.</strong></span> <span class='ocrx_word' id='word_1_221' title='bbox 970 2719 1068 2769; x_wconf 85' lang='lat'><strong>107</strong></span> <span class='ocrx_word' id='word_1_222' title='bbox 1099 2721 1176 2769; x_wconf 86' lang='lat' dir='ltr'><strong>vel</strong></span> <span class='ocrx_word' id='word_1_223' title='bbox 1219 2720 1317 2769; x_wconf 75' lang='lat'><strong>109</strong></span> <span class='ocrx_word' id='word_1_224' title='bbox 1364 2721 1501 2786; x_wconf 90' lang='lat' dir='ltr'><strong>apud</strong></span> <span class='ocrx_word' id='word_1_225' title='bbox 1534 2721 1918 2784; x_wconf 76' lang='lat' dir='ltr'><strong>Hieronymum,</strong></span> <span class='ocrx_word' id='word_1_226' title='bbox 1964 2721 2031 2770; x_wconf 87' lang='lat' dir='ltr'><strong>ad</strong></span> <span class='ocrx_word' id='word_1_227' title='bbox 2073 2735 2121 2772; x_wconf 88' lang='lat' dir='ltr'><strong>a.</strong></span> <span class='ocrx_word' id='word_1_228' title='bbox 2171 2720 2271 2770; x_wconf 84' lang='lat'><strong>117</strong></span> 
     </span>
     <span class='ocr_line' id='line_1_32' title="bbox 469 2788 2266 2854; baseline 0 -18"><span class='ocrx_word' id='word_1_229' title='bbox 469 2789 605 2853; x_wconf 89' lang='lat' dir='ltr'><strong>apud</strong></span> <span class='ocrx_word' id='word_1_230' title='bbox 628 2789 950 2852; x_wconf 76' lang='lat' dir='ltr'><strong>prosperum,</strong></span> <span class='ocrx_word' id='word_1_231' title='bbox 981 2789 1047 2837; x_wconf 90' lang='lat' dir='ltr'><strong>ad</strong></span> <span class='ocrx_word' id='word_1_232' title='bbox 1078 2804 1125 2836; x_wconf 86' lang='lat' dir='ltr'><strong>a.</strong></span> <span class='ocrx_word' id='word_1_233' title='bbox 1158 2788 1257 2838; x_wconf 87' lang='lat'><strong>113</strong></span> <span class='ocrx_word' id='word_1_234' title='bbox 1283 2790 1419 2854; x_wconf 89' lang='lat' dir='ltr'><strong>apud</strong></span> <span class='ocrx_word' id='word_1_235' title='bbox 1450 2788 1843 2838; x_wconf 87' lang='lat' dir='ltr'><strong>Cassiodorium.</strong></span> <span class='ocrx_word' id='word_1_236' title='bbox 1919 2792 1996 2839; x_wconf 87' lang='lat' dir='ltr'><strong>lta</strong></span> <span class='ocrx_word' id='word_1_237' title='bbox 2036 2803 2127 2853; x_wconf 85' lang='lat' dir='ltr'><strong>per</strong></span> <span class='ocrx_word' id='word_1_238' title='bbox 2163 2803 2266 2837; x_wconf 88' lang='lat' dir='ltr'><strong>ma·</strong></span> 
     </span>
     <span class='ocr_line' id='line_1_33' title="bbox 469 2855 2273 2922; baseline 0.001 -18"><span class='ocrx_word' id='word_1_239' title='bbox 469 2871 564 2905; x_wconf 89' lang='lat' dir='ltr'><strong>nus</strong></span> <span class='ocrx_word' id='word_1_240' title='bbox 590 2857 737 2919; x_wconf 87' lang='lat' dir='ltr'><strong>quasi</strong></span> <span class='ocrx_word' id='word_1_241' title='bbox 760 2855 1261 2921; x_wconf 86' lang='lat' dir='ltr'><strong>chronographorum</strong></span> <span class='ocrx_word' id='word_1_242' title='bbox 1286 2872 1446 2922; x_wconf 81' lang='lat' dir='ltr'><strong>usque</strong></span> <span class='ocrx_word' id='word_1_243' title='bbox 1470 2858 1536 2906; x_wconf 90' lang='lat' dir='ltr'><strong>ad</strong></span> <span class='ocrx_word' id='word_1_244' title='bbox 1554 2856 1744 2908; x_wconf 82' lang='lat' dir='ltr'><strong>Bedam</strong></span> <span class='ocrx_word' id='word_1_245' title='bbox 1768 2865 1816 2906; x_wconf 88' lang='lat' dir='ltr'><strong>et</strong></span> <span class='ocrx_word' id='word_1_246' title='bbox 1840 2857 2121 2906; x_wconf 85' lang='lat' dir='ltr'><strong>Marianum</strong></span> <span class='ocrx_word' id='word_1_247' title='bbox 2148 2855 2273 2906; x_wconf 89' lang='lat' dir='ltr'><strong>Sco-</strong></span> 
     </span>
     <span class='ocr_line' id='line_1_34' title="bbox 469 2924 2274 2986; baseline -0.001 -13"><span class='ocrx_word' id='word_1_248' title='bbox 469 2933 574 2973; x_wconf 83' lang='lat' dir='ltr'><strong>tum</strong></span> <span class='ocrx_word' id='word_1_249' title='bbox 599 2932 647 2974; x_wconf 88' lang='lat' dir='ltr'><strong>et</strong></span> <span class='ocrx_word' id='word_1_250' title='bbox 669 2924 1012 2974; x_wconf 88' lang='lat' dir='ltr'><strong>Hermannum</strong></span> <span class='ocrx_word' id='word_1_251' title='bbox 1036 2925 1356 2974; x_wconf 88' lang='lat' dir='ltr'><strong>Contractum</strong></span> <span class='ocrx_word' id='word_1_252' title='bbox 1379 2926 1513 2974; x_wconf 87' lang='lat' dir='ltr'><strong>idem</strong></span> <span class='ocrx_word' id='word_1_253' title='bbox 1542 2940 1681 2973; x_wconf 87' lang='lat' dir='ltr'><strong>error</strong></span> <span class='ocrx_word' id='word_1_254' title='bbox 1720 2925 1937 2976; x_wconf 86' lang='lat' dir='ltr'><strong>traditus</strong></span> <span class='ocrx_word' id='word_1_255' title='bbox 1974 2934 2080 2986; x_wconf 87' lang='lat' dir='ltr'><strong>est,</strong></span> <span class='ocrx_word' id='word_1_256' title='bbox 2109 2924 2274 2973; x_wconf 89' lang='lat' dir='ltr'><strong>donec</strong></span> 
     </span>
     <span class='ocr_line' id='line_1_35' title="bbox 469 2992 2274 3056; baseline -0.001 -14"><span class='ocrx_word' id='word_1_257' title='bbox 469 2993 665 3042; x_wconf 87' lang='lat' dir='ltr'><strong>circiter</strong></span> <span class='ocrx_word' id='word_1_258' title='bbox 724 3008 772 3044; x_wconf 88' lang='lat' dir='ltr'><strong>a.</strong></span> <span class='ocrx_word' id='word_1_259' title='bbox 830 2992 965 3043; x_wconf 84' lang='lat'><strong>1313</strong></span> <span class='ocrx_word' id='word_1_260' title='bbox 1023 2994 1236 3041; x_wconf 87' lang='lat' dir='ltr'><strong>Ioannes</strong></span> <span class='ocrx_word' id='word_1_261' title='bbox 1284 2993 1549 3056; x_wconf 79' lang='lat' dir='ltr'><strong>presbyter</strong></span> <span class='ocrx_word' id='word_1_262' title='bbox 1598 2993 1969 3042; x_wconf 86' lang='lat' dir='ltr'><strong>mansionarius</strong></span> <span class='ocrx_word' id='word_1_263' title='bbox 2030 2993 2274 3041; x_wconf 85' lang='lat' dir='ltr'><strong>ecclesiae</strong></span> 
     </span>
     <span class='ocr_line' id='line_1_36' title="bbox 468 3060 2270 3125; baseline -0.001 -16"><span class='ocrx_word' id='word_1_264' title='bbox 468 3061 776 3111; x_wconf 86' lang='lat' dir='ltr'><strong>Veronensis</strong></span> <span class='ocrx_word' id='word_1_265' title='bbox 797 3062 1032 3125; x_wconf 89' lang='lat' dir='ltr'><strong>perlectis</strong></span> <span class='ocrx_word' id='word_1_266' title='bbox 1055 3060 1205 3109; x_wconf 87' lang='lat' dir='ltr'><strong>Plinii</strong></span> <span class='ocrx_word' id='word_1_267' title='bbox 1250 3062 1475 3125; x_wconf 87' lang='lat' dir='ltr'><strong>epistolis</strong></span> <span class='ocrx_word' id='word_1_268' title='bbox 1512 3061 1640 3110; x_wconf 88' lang='lat' dir='ltr'><strong>duos</strong></span> <span class='ocrx_word' id='word_1_269' title='bbox 1665 3060 1855 3110; x_wconf 89' lang='lat' dir='ltr'><strong>Plinios</strong></span> <span class='ocrx_word' id='word_1_270' title='bbox 1894 3061 2052 3110; x_wconf 81' lang='lat' dir='ltr'><strong>fuisse</strong></span> <span class='ocrx_word' id='word_1_271' title='bbox 2079 3061 2270 3121; x_wconf 81' lang='lat' dir='ltr'><strong>docuit,</strong></span> 
     </span>
     <span class='ocr_line' id='line_1_37' title="bbox 478 3129 2267 3192; baseline 0.001 -14"><span class='ocrx_word' id='word_1_272' title='bbox 478 3143 692 3192; x_wconf 89' lang='lat' dir='ltr'><strong>quorum</strong></span> <span class='ocrx_word' id='word_1_273' title='bbox 725 3138 894 3177; x_wconf 85' lang='lat' dir='ltr'><strong>tamen</strong></span> <span class='ocrx_word' id='word_1_274' title='bbox 920 3129 1164 3178; x_wconf 88' lang='lat' dir='ltr'><strong>maiorem</strong></span> <span class='ocrx_word' id='word_1_275' title='bbox 1196 3137 1383 3177; x_wconf 87' lang='lat' dir='ltr'><strong>temere</strong></span> <span class='ocrx_word' id='word_1_276' title='bbox 1420 3144 1543 3179; x_wconf 89' lang='lat' dir='ltr'><strong>suae</strong></span> <span class='ocrx_word' id='word_1_277' title='bbox 1566 3129 1755 3178; x_wconf 85' lang='lat' dir='ltr'><strong>civitati</strong></span> <span class='ocrx_word' id='word_1_278' title='bbox 1779 3129 2034 3178; x_wconf 86' lang='lat' dir='ltr'><strong>vindicare</strong></span> <span class='ocrx_word' id='word_1_279' title='bbox 2058 3129 2267 3180; x_wconf 85' lang='lat' dir='ltr'><strong>studuit.</strong></span> 
     </span>
     <span class='ocr_line' id='line_1_38' title="bbox 469 3196 2268 3261; baseline 0 -16"><span class='ocrx_word' id='word_1_280' title='bbox 469 3197 542 3245; x_wconf 90' lang='lat' dir='ltr'><strong>De</strong></span> <span class='ocrx_word' id='word_1_281' title='bbox 565 3196 661 3245; x_wconf 91' lang='lat' dir='ltr'><strong>hoc</strong></span> <span class='ocrx_word' id='word_1_282' title='bbox 683 3199 868 3246; x_wconf 89' lang='lat' dir='ltr'><strong>Ioanne</strong></span> <span class='ocrx_word' id='word_1_283' title='bbox 894 3197 1232 3246; x_wconf 86' lang='lat' dir='ltr'><strong>Mansionario</strong></span> <span class='ocrx_word' id='word_1_284' title='bbox 1259 3205 1377 3261; x_wconf 85' lang='lat' dir='ltr'><strong>post</strong></span> <span class='ocrx_word' id='word_1_285' title='bbox 1400 3197 1639 3246; x_wconf 89' lang='lat' dir='ltr'><strong>Vossium</strong></span> <span class='ocrx_word' id='word_1_286' title='bbox 1670 3206 1719 3246; x_wconf 88' lang='lat' dir='ltr'><strong>et</strong></span> <span class='ocrx_word' id='word_1_287' title='bbox 1743 3197 1997 3246; x_wconf 74' lang='lat' dir='ltr'><strong>Matreium</strong></span> <span class='ocrx_word' id='word_1_288' title='bbox 2021 3205 2069 3246; x_wconf 86' lang='lat' dir='ltr'><strong>et</strong></span> <span class='ocrx_word' id='word_1_289' title='bbox 2090 3197 2268 3245; x_wconf 87' lang='lat' dir='ltr'><strong>Tarta-</strong></span> 
     </span>
     <span class='ocr_line' id='line_1_39' title="bbox 470 3260 2269 3331; baseline 0.001 -18"><span class='ocrx_word' id='word_1_290' title='bbox 470 3263 668 3313; x_wconf 88' lang='lat' dir='ltr'><strong>rollium</strong></span> <span class='ocrx_word' id='word_1_291' title='bbox 692 3265 807 3326; x_wconf 74' lang='lat' dir='ltr'><strong>(cfr.</strong></span> <span class='ocrx_word' id='word_1_292' title='bbox 834 3260 928 3313; x_wconf 89' lang='lat' dir='ltr'><strong>Th.</strong></span> <span class='ocrx_word' id='word_1_293' title='bbox 945 3265 1220 3314; x_wconf 87' lang='lat' dir='ltr'><strong>Mommsen</strong></span> <span class='ocrx_word' id='word_1_294' title='bbox 1248 3266 1303 3314; x_wconf 82' lang='lat' dir='ltr'><strong>in</strong></span> <span class='ocrx_word' id='word_1_295' title='bbox 1330 3263 1699 3314; x_wconf 84' lang='lat' dir='ltr'><strong>Schneidewini</strong></span> <span class='ocrx_word' id='word_1_296' title='bbox 1724 3263 1990 3331; x_wconf 88' lang='lat' dir='ltr'><strong>Philologo</strong></span> <span class='ocrx_word' id='word_1_297' title='bbox 2014 3267 2039 3315; x_wconf 94' lang='lat'>1</span> <span class='ocrx_word' id='word_1_298' title='bbox 2069 3281 2119 3330; x_wconf 91' lang='lat' dir='ltr'><strong>p.</strong></span> <span class='ocrx_word' id='word_1_299' title='bbox 2142 3263 2269 3327; x_wconf 90' lang='grc'><strong>180)</strong></span> 
     </span>
     <span class='ocr_line' id='line_1_40' title="bbox 469 3331 2269 3398; baseline 0 -18"><span class='ocrx_word' id='word_1_300' title='bbox 469 3331 855 3396; x_wconf 81' lang='lat' dir='ltr'><strong>diligentissime</strong></span> <span class='ocrx_word' id='word_1_301' title='bbox 891 3333 1142 3381; x_wconf 86' lang='lat' dir='ltr'><strong>Antonius</strong></span> <span class='ocrx_word' id='word_1_302' title='bbox 1168 3333 1483 3381; x_wconf 89' lang='lat' dir='ltr'><strong>Rezzonicus</strong></span> <span class='ocrx_word' id='word_1_303' title='bbox 1514 3334 1620 3398; x_wconf 90' lang='lat' dir='ltr'><strong>egit</strong></span> <span class='ocrx_word' id='word_1_304' title='bbox 1652 3334 1704 3382; x_wconf 84' lang='lat' dir='ltr'><strong>in</strong></span> <span class='ocrx_word' id='word_1_305' title='bbox 1725 3333 2142 3397; x_wconf 88' lang='lat' dir='ltr'><strong>Disquisitionum</strong></span> <span class='ocrx_word' id='word_1_306' title='bbox 2164 3332 2269 3380; x_wconf 86' lang='lat' dir='ltr'><strong>Pli-</strong></span> 
     </span>
     <span class='ocr_line' id='line_1_41' title="bbox 471 3399 2265 3460; baseline 0 -12"><span class='ocrx_word' id='word_1_307' title='bbox 471 3400 734 3448; x_wconf 74' lang='lat' dir='ltr'><strong>nianarum</strong></span> <span class='ocrx_word' id='word_1_308' title='bbox 778 3400 975 3450; x_wconf 89' lang='lat' dir='ltr'><strong>duobus</strong></span> <span class='ocrx_word' id='word_1_309' title='bbox 1015 3399 1358 3449; x_wconf 85' lang='lat' dir='ltr'><strong>voluminibus</strong></span> <span class='ocrx_word' id='word_1_310' title='bbox 1395 3402 1604 3451; x_wconf 87' lang='lat' dir='ltr'><strong>Parmae</strong></span> <span class='ocrx_word' id='word_1_311' title='bbox 1648 3401 1780 3452; x_wconf 86' lang='lat'>1763</span> <span class='ocrx_word' id='word_1_312' title='bbox 1830 3409 1879 3450; x_wconf 88' lang='lat' dir='ltr'><strong>et</strong></span> <span class='ocrx_word' id='word_1_313' title='bbox 1922 3401 2054 3451; x_wconf 85' lang='lat'><strong>1767</strong></span> <span class='ocrx_word' id='word_1_314' title='bbox 2097 3399 2265 3460; x_wconf 84' lang='lat' dir='ltr'><strong>editis,</strong></span> 
     </span>
     <span class='ocr_line' id='line_1_42' title="bbox 471 3467 2270 3534; baseline 0.001 -19"><span class='ocrx_word' id='word_1_315' title='bbox 471 3468 607 3528; x_wconf 81' lang='lat' dir='ltr'><strong>quod</strong></span> <span class='ocrx_word' id='word_1_316' title='bbox 633 3483 760 3534; x_wconf 90' lang='lat' dir='ltr'><strong>opus</strong></span> <span class='ocrx_word' id='word_1_317' title='bbox 793 3467 986 3532; x_wconf 87' lang='lat' dir='ltr'><strong>grande</strong></span> <span class='ocrx_word' id='word_1_318' title='bbox 1011 3477 1060 3519; x_wconf 88' lang='lat' dir='ltr'><strong>et</strong></span> <span class='ocrx_word' id='word_1_319' title='bbox 1085 3467 1355 3518; x_wconf 82' lang='lat' dir='ltr'><strong>confusum</strong></span> <span class='ocrx_word' id='word_1_320' title='bbox 1392 3469 1543 3519; x_wconf 90' lang='lat' dir='ltr'><strong>hodie</strong></span> <span class='ocrx_word' id='word_1_321' title='bbox 1576 3469 1627 3518; x_wconf 89' lang='lat' dir='ltr'><strong>in</strong></span> <span class='ocrx_word' id='word_1_322' title='bbox 1654 3468 1956 3518; x_wconf 87' lang='lat' dir='ltr'><strong>oblivionem</strong></span> <span class='ocrx_word' id='word_1_323' title='bbox 1979 3469 2083 3518; x_wconf 81' lang='lat' dir='ltr'><strong>fere</strong></span> <span class='ocrx_word' id='word_1_324' title='bbox 2111 3468 2270 3517; x_wconf 84' lang='lat' dir='ltr'><strong>venit.</strong></span> 
     </span>
    </p>
   </div>
   <div class='ocr_carea' id='block_1_5' title="bbox 2519 1194 2527 1831">
    <p class='ocr_par' dir='ltr' id='par_1_8' title="bbox 2519 1194 2527 1831">
     <span class='ocr_line' id='line_1_43' title="bbox 2519 1194 2527 1831; baseline 0 0"><span class='ocrx_word' id='word_1_325' title='bbox 2519 1194 2527 1831; x_wconf 95' lang='lat' dir='ltr'><strong> </strong></span> 
     </span>
    </p>
   </div>
  </div>
 </body>
</html>
