2553 3960
311 208 431 270 282
858 217 918 265 c.
965 216 1294 264 summm
1337 214 1759 274 TRANQmLm
1862 273 1869 279 ,

309 372 801 435 Aleoeandrinum
826 379 1020 449 p.·217
1052 369 1251 431 Bonn.
1289 368 1604 430 Cedrcnus
1633 367 1671 426 I
1692 386 1755 446 p.
1794 377 1909 430 260
1937 366 2137 428 Borm.
2176 367 2323 428 Sui-

310 460 430 519 das
460 475 512 517 s.
550 475 607 516 v.
639 450 913 535 χλαμύς.
1968 515 1972 520 ,

433 542 735 601 Suetonius
779 542 848 599 in
882 538 1078 598 libro
1108 537 1193 596 de
1229 554 1508 613 genere
1538 538 1853 595 vestium
1880 535 2020 595 dicit
2052 537 2162 594 tria
2187 553 2322 594 esse

307 643 524 706 genera
569 624 919 684 trabearum:
971 640 1138 680 unum
1179 621 1286 680 diis
1331 629 1644 697 sacratum,
1690 618 1842 697 quod
1886 628 1976 678 est
2005 628 2217 679 tantum
2249 618 2321 678 de

309 727 591 791 purpura3
629 707 782 768 aliud
810 725 1047 785 regum,
1096 704 1251 783 quod
1286 714 1374 763 est
1405 721 1788 782 purpureum,
1819 702 1994 763 habet
2019 712 2206 762 tamen
2238 703 2316 761 al·
2343 724 2369 763 ε

308 796 439 855 bum
469 791 710 872 aliquid;
740 794 967 851 tertium
997 789 1274 866 augurale
1307 788 1378 847 de
1409 805 1662 866 purpura
1702 796 1758 846 et
1790 804 1997 847 cocco,
2062 785 2321 845 Servius

310 878 398 941 ad
432 876 609 955 Very.
641 872 791 935 Aen.
832 884 883 951 7,
911 881 1039 934 612.

478 960 784 1021 Suetonius
829 960 935 1017 tria
977 973 1196 1033 genera
1229 955 1513 1034 pileorum
1559 954 1698 1013 dixit
1729 953 1935 1032 quibus
1978 953 2319 1013 sacerdotes

311 1056 563 1107 utuntur:
598 1040 849 1123 apicem,
881 1041 1137 1116 tutulum,
1171 1040 1463 1116 galerum;
1491 1038 1593 1097 scd
1623 1039 1845 1117 apicem
1885 1037 2096 1116 pileum
2131 1036 2318 1113 sutile,

313 1134 463 1190 circa
495 1128 740 1187 medium
775 1128 940 1202 virga
978 1125 1291 1198 eminente,
1334 1122 1571 1182 tutulum
1605 1121 1817 1201 pileum
1853 1122 2101 1181 lanatum
2129 1129 2320 1180 metae
2346 1146 2397 1187 ω

311 1215 526 1292 figura,
552 1210 811 1288 galerum
845 1209 1057 1286 pileum
1088 1226 1162 1266 ex
1193 1206 1352 1284 pelle
1388 1205 1614 1265 hostiae
1652 1224 1880 1266 caesae.
1941 1204 2200 1266 Servius
2235 1204 2325 1265 ad

318 1296 492 1375 Very.
525 1292 676 1354 Aen.
712 1301 760 1365 2,
790 1300 921 1353 683.

439 1378 566 1440 VII.
625 1369 834 1455 Περὶ
882 1366 1337 1476 δυσφήμων
1370 1369 1678 1447 λέξεων
1728 1362 1908 1453 ἤτοι
1945 1372 2323 1453 βλασφη·

311 1460 515 1544 μιων
559 1454 690 1523 καὶ
734 1451 1002 1520 πόθεν
1044 1452 1367 1535 εκάστη.
1457 1456 1711 1518 Suidas.

429 1537 940 1625 Ἀρχολίπαρος,
987 1532 1022 1603 ὁ
1065 1536 1368 1618 λιπαρων
1410 1537 1523 1601 ἵνα
1567 1531 1769 1621 ἀρχῆς
1823 1531 1987 1621 τύχῃ
2018 1528 2163 1645 ἧέκ
2194 1536 2322 1600 τοῦ
2346 1563 2395 1603 1⁵

313 1618 538 1706 ἄρχειν
586 1622 1096 1705 λεπαινόμενος·
1154 1616 1330 1687 οὕτω
1399 1619 1829 1706 Τρὰγκυλλος
1884 1643 2069 1702 περι
2121 1624 2165 1702 β
2183 1623 2318 1684 λα-

311 1706 709 1791 σφημιῶν.
799 1709 1287 1790 Etymoloyt‘cum
1317 1709 1611 1790 Maymtm
1634 1729 1699 1789 p.
1739 1719 1848 1770 137
1876 1708 2044 1787 Lips.

446 1796 838 1876 Τριςάθλιος
869 1843 884 1860 .
920 1844 934 1859 .
969 1844 983 1857 .
1018 1818 1158 1879 τρις
1208 1797 1449 1877 άκαρες
1483 1845 1498 1860 .
1533 1844 1547 1858 .
1582 1844 1596 1859 .
1627 1797 2199 1878 τριςκακοδαίμων
2224 1846 2239 1859 .
2272 1847 2285 1860 .
2308 1847 2321 1860 .

315 1874 703 1962 τριςόλβιος.
784 1878 1074 1942 Τοιαῦτα
1115 1880 1155 1943 δ
1230 1872 1532 1959 καὶόἒπερ
1579 1880 1683 1945 τῶ
1698 1903 1739 1942 ν
1780 1903 1904 1954 τις
1946 1880 2324 1944 παλαιῶν

312 1966 505 2029 ἔθετο
575 1963 1072 2048 παραδείγματα
1105 1970 1200 2050 βλ
1217 1982 1488 2065 ασφημ
1505 1987 1527 2026 ι
1544 1963 1651 2027 ὧν
1679 1965 1813 2028 τῶν
1842 1956 1971 2029 άπὸ
1996 1956 2319 2048 ἀριθμοῦ,
2340 1990 2391 2031 20

313 2039 460 2112 οἶον
504 2042 891 2130 τριςεξώλης
934 2039 968 2112 ὁ
1012 2041 1194 2111 πάνυ
1226 2045 1467 2129 ἐξωλης
1495 2097 1512 2129 ,
1565 2045 1676 2112 καὶ
1708 2046 2041 2127 τριπέδων
2073 2039 2109 2112 ὁ
2153 2053 2328 2112 πολ-

312 2126 499 2204 λάκις
529 2126 843 2212 πεδηθεὶς
879 2131 1252 2214 κακοῦργος
1284 2131 1558 2213 δοῦλος,
1591 2123 1662 2207 ὃς
1694 2129 1806 2196 καὶ
1835 2130 2059 2196 πέδων
2102 2131 2327 2196 πέδω-

311 2236 428 2287 νος
457 2213 530 2277 ἐν
558 2205 875 2296 ἁπλότητι
905 2214 1163 2297 λέγεται
1187 2264 1204 2296 ,
1239 2211 1351 2278 καὶ
1380 2217 1627 2296 στίγων
1654 2221 1882 2280 είτουν
1912 2219 2323 2298 στιγματίας.

314 2296 512 2377 Φέρει
543 2292 616 2361 δὲ
645 2294 757 2361 καὶ
786 2289 916 2361 άπὸ
947 2293 1240 2380 χρήσεως
1272 2298 1395 2362 τοῦ
1419 2299 1721 2382 κωμικοῦ
1749 2295 1856 2364 τό·
1911 2302 2326 2382 παλίμβολος

313 2384 669 2465 τρίπρατος
710 2379 822 2446 καὶ
864 2377 1182 2455 πολλάκις
1218 2375 1798 2466 άπημπολημένος.
1857 2382 2218 2466 Σοφοκλῆς
2252 2379 2326 2448 δὲ
2344 2408 2395 2448 25

313 2466 671 2549 τρίδουλον
716 2460 835 2529 τὸν
864 2465 936 2530 ἐκ
966 2461 1323 2547 προγόνων
1353 2466 1602 2531 δοῦλον
1634 2470 1794 2550 ἔφη,
1841 2459 2219 2551 Ἀνακρέων
2253 2463 2327 2532 δὲ

311 2548 908 2633 τριςκεκορημένον
946 2541 1066 2613 τὸν
1107 2545 1427 2625 πολλάκις
1481 2549 2062 2633 ἐκσεσαρωμένον,
2107 2542 2328 2633 Ἀρχί-

313 2636 509 2715 λοχος
553 2628 625 2697 δὲ
674 2624 1094 2718 τριςοιζυρὴν
1138 2629 1341 2698 πόλιν
1379 2636 1506 2718 ἔφη
1552 2628 1676 2718 τὴν
1708 2630 1970 2717 Θάσον,
1995 2626 2325 2712 Ἱππῶναξ

312 2712 385 2781 δὲ
404 2709 532 2783 ’τὸν
564 2719 713 2799 τρία
742 2708 1171 2798 ὗπεραναβὰς
1205 2710 1503 2800 ἀριθμὸν
1541 2714 1962 2783 ἑπτάδουλον
1991 2721 2118 2802 ἔφη
2148 2714 2322 2783 τινά.

309 2802 675 2865 Eustathius
706 2804 794 2864 ad
822 2802 1075 2864 Homeri
1103 2802 1292 2866 Ilia-d.
1328 2813 1386 2881 8,
1420 2813 1557 2866 488.
2343 2826 2393 2867 ³0

437 2888 592 2950 VIII.
680 2880 892 2969 Περὶ
941 2875 1227 2968 Ῥώμης
1286 2882 1422 2949 καὶ
1477 2885 1634 2950 τῶν
1687 2885 1773 2949 ἐν
1823 2878 2029 2972 αὐτῇ
2078 2891 2325 2969 νομί·-

308 2992 478 3052 μων
521 2965 658 3034 καὶ
698 2960 928 3051 ἠθῶν
971 2971 1255 3051 βιβλία
1301 2965 1379 3051 β’.
1441 2971 1694 3033 SuidaS.

436 3055 778 3136 Triumphus
811 3055 995 3115 dictus
1035 3067 1122 3116 est
1150 3044 1281 3117 ἀπὸ
1312 3046 1426 3137 τῆξ
1445 3056 1810 3136 θρίαμβης,
1843 3057 1899 3117 id
1932 3066 2021 3117 est
2052 3055 2123 3117 ab
2163 3058 2325 3117 exul·

311 3141 531 3198 tatione
575 3142 722 3199 trina
755 3184 769 3200 .
806 3183 819 3198 .
853 3185 866 3198 .
904 3139 1271 3219 Tranquillus
1313 3151 1501 3201 autem
1552 3141 1893 3219 triumphum
1936 3141 2137 3201 Latine
2190 3141 2326 3201 dicit

312 3223 505 3300 potius
535 3223 918 3301 appellatum,
966 3224 1119 3301 quod
1148 3226 1197 3284 is
1229 3226 1324 3303 qui
1356 3224 1709 3302 triumphans
1745 3225 1945 3285 urbem
1984 3224 2324 3302 ingredere·
2345 3249 2394 3290 35

312 3313 402 3363 tur
440 3306 726 3381 tripertito
768 3306 978 3366 iudicio
1023 3306 1437 3378 houm-aretum
1485 3325 1611 3367 nam
1652 3308 1891 3387 primum
1932 3308 2004 3369 de
2034 3309 2326 3387 triumpho

313 3386 442 3444 duci
476 3387 851 3447 concedendo
875 3393 1193 3451 exercitum
1223 3390 1478 3452 iudicare
1509 3392 1738 3451 solitum
1771 3401 1916 3469 erat,
1942 3393 2198 3453 secundo
2233 3411 2325 3453 se-

312 3476 530 3540 natum,
574 3470 743 3528 tertio
776 3474 1067 3548 populum.
1125 3472 1414 3536 Isidorus
1443 3475 1678 3553 etymol.
1719 3483 1806 3545 18,
1841 3483 1894 3550 2,
1926 3485 1978 3537 3.
