2553 3960
1012 248 1361 296 GALBA.
2084 232 2195 295 201

222 424 330 484 gur
356 403 704 483 procuranti,
727 420 855 463 cum
878 410 1013 463 exta
1036 402 1109 463 de
1133 401 1392 462 manibus
1416 401 1608 479 aquila
1630 402 1916 480 rapuisset
1940 409 1998 460 et
2022 403 2078 458 in
2093 401 2206 460 fru-

223 488 467 567 giferam
503 503 777 564 quercum
816 486 1186 563 contulisset,
1231 502 1576 563 responsum
1622 494 1742 561 est,
1789 502 2062 544 summum
2106 482 2210 543 sed

223 589 415 632 serum
436 570 734 647 imperium
772 569 1035 648 portendi
1072 568 1357 637 familiae;
1402 578 1460 628 et
1492 568 1593 628 ille
1619 567 1864 628 irridens
1885 565 2089 641 Sane,
2127 568 2207 626 in·

225 656 366 736 quit,
392 670 526 713 cum
545 653 715 714 mula
730 653 1065 731 pepererit.
1141 653 1296 713 Nihil
1335 670 1520 731 aeque
1556 661 1762 731 postea
1789 651 2026 713 Galbam
2074 659 2207 710 tem-

180 756 206 794 s
227 745 480 816 ptantem
509 754 605 795 res
637 753 817 796 novas
844 737 1200 797 confirmavit
1223 755 1391 816 quam
1415 735 1603 796 mulae
1628 745 1846 815 partus,
1880 734 2175 813 ceterisqu

226 829 288 880 ut
311 819 626 879 obscenum
651 827 936 879 ostentum
964 820 1431 896 abhorrentibus,
1459 820 1620 878 solus
1644 837 1749 899 pro
1774 819 2094 881 laetissimo
2121 836 2190 877 ac

231 903 386 982 cepit
408 919 627 962 memor
652 903 922 963 sacrificii
948 902 1198 981 dictique
1223 905 1334 962 avi.

363 987 599 1065 Sumpta
624 985 773 1045 virili
797 995 955 1065 toga,
982 988 1284 1048 somniavit
1309 987 1617 1048 Fortunam
1642 986 1946 1062 dicentem,
1972 994 2127 1044 stare
2148 1002 2213 1044 se

226 1081 358 1133 ante
380 1071 542 1131 fores
567 1069 874 1148 defessam,
908 1081 968 1132 et
988 1072 1095 1132 nisi
1120 1074 1283 1132 ocius
1307 1073 1698 1150 reciperetur,
1738 1073 2074 1149 cuicumque
2115 1069 2213 1128 ob-

160 1169 208 1210 ιο
233 1158 325 1216 vio
351 1155 603 1234 praedae
630 1154 891 1217 futuram.
958 1156 1151 1239 thue
1186 1155 1520 1233 evigilavit,
1556 1165 1761 1235 aperto
1805 1157 1949 1215 atrio
1988 1154 2213 1214 simula·

231 1258 386 1302 crum
422 1257 663 1299 aeneum
701 1239 846 1301 deae
883 1239 1114 1300 cubitali
1147 1241 1328 1300 maius
1362 1240 1518 1301 iuxta
1554 1239 1727 1301 limen
1763 1240 2009 1315 invenit,
2045 1238 2216 1317 idque

229 1324 451 1402 gremio
485 1340 588 1382 suo
619 1321 961 1403 Tusculum,
1000 1323 1094 1383 ubi
1140 1325 1429 1384 aestivare
1473 1332 1805 1400 consuerat,
1846 1324 2039 1383 avexit
2076 1330 2133 1382 et
2161 1321 2217 1380 in

221 1416 398 1487 ,parte
434 1405 657 1466 aedium
700 1418 1098 1468 consecratum
1135 1408 1442 1467 menstruis
1482 1407 1760 1484 deinceps
1786 1405 2215 1484 supplicationi-

232 1491 339 1551 bus
367 1498 425 1549 et
449 1489 762 1568 pervigilio
794 1492 1192 1551 anniversario
1220 1490 1416 1550 coluit.

167 1593 214 1633 ιτ»
352 1574 705 1650 Quamquam
729 1584 917 1633 autem
945 1574 1193 1633 nondum
1217 1580 1407 1633 aetate
1436 1573 1752 1650 constanti,
1789 1580 2048 1630 veterem
2082 1570 2216 1628 civi-

233 1660 366 1718 tatis
401 1656 810 1732 exoletumque
849 1673 1067 1715 morem
1102 1674 1170 1715 ac
1206 1665 1417 1715 tantum
1458 1658 1515 1714 in
1552 1656 1721 1715 domo
1760 1673 1861 1713 sua
1888 1654 2217 1713 haerentem

236 1739 685 1800 obstinatissime
707 1740 967 1815 retinuit,
994 1748 1053 1798 ut
1089 1738 1278 1798 liberti
1312 1739 1587 1818 servique
1626 1739 1717 1798 bis
1755 1737 1847 1797 die
1884 1738 2221 1814 frequentes

237 1823 509 1883 adessent
534 1838 601 1881 ac
625 1838 790 1881 mane
815 1822 1065 1899 salvere,
1088 1824 1326 1902 vesperi
1349 1821 1548 1883 valere
1571 1823 1680 1883 sibi
1707 1821 1916 1899 singuli
1941 1821 2217 1880 dicerent.

235 1906 392 1967 Inter
424 1903 700 1965 liberales
735 1905 1066 1986 disciplinas
1106 1907 1344 1967 attendit
1377 1917 1435 1967 et
1467 1908 1594 1969 iuri.
1659 1906 1831 1968 Dedit
1857 1915 1914 1965 et
1936 1905 2271 1965 matrimo·⁵

164 2002 218 2043 ²0
240 1993 335 2051 nio
373 2006 640 2069 operam;
679 2008 906 2068 verum,
950 1992 1158 2052 amissa
1197 2009 1382 2052 uxore
1412 1992 1632 2071 Lepida
1665 1992 2006 2068 duobusque
2042 2008 2117 2049 ex
2152 2007 2223 2050 ea

238 2075 396 2151 filiis,
436 2074 708 2134 remansit
741 2075 797 2134 in
823 2074 1138 2152 caelibatu,
1174 2094 1366 2156 neque
1405 2077 1702 2137 sollicitari
1742 2076 1857 2136 ulla
1886 2073 2224 2134 condicione

237 2158 480 2237 amplius
509 2158 710 2235 potuit,
737 2177 809 2218 ne
837 2158 1202 2238 Agrippinae
1242 2158 1500 2240 quidem,
1529 2161 1791 2221 viduatae
1822 2168 2007 2220 morte
2028 2157 2221 2217 Domi·

234 2244 327 2319 tii,
375 2259 525 2320 quae
571 2243 829 2302 maritum
869 2261 1103 2322 quoque
1149 2243 1332 2306 adbuc
1362 2244 1617 2305 ‘necdum
1663 2243 1943 2305 caelibem
1988 2240 2224 2303 Galbam

239 2326 387 2387 adeo
428 2324 691 2385 omnibus
726 2326 1140 2387 sollicitaverat
1169 2329 1386 2406 modiS,
1423 2337 1482 2389 ut
1518 2332 1573 2389 in
1621 2337 1908 2390 conventu
1942 2336 2222 2386 matrona-

170 2417 673 2554 πὶωιιᾶιοηερῐει
722 2411 909 2488 iurgio
944 2420 1115 2491 atque
1160 2412 1328 2473 etiam
1378 2410 1545 2474 manu
1591 2412 1816 2492 pulsata
1855 2412 1929 2471 sit
1965 2428 1998 2470 a
2044 2419 2224 2469 matre

288 2512 380 2572 epi
424 2509 512 2552 ae.

370 2575 718 2636 Observavit
746 2586 876 2638 ante
908 2580 1090 2638 omnis
1123 2579 1340 2641 Liviam
1374 2580 1727 2658 Augustam,
1767 2580 1927 2641 cuius
1963 2588 2021 2638 et
2058 2578 2228 2637 vivae

244 2661 430 2740 gratia
468 2660 767 2738 plurimum
803 2662 981 2722 valuit
1017 2672 1076 2722 et
1117 2674 1377 2724 mortuae
1413 2672 1754 2725 testamento
1790 2681 1976 2742 paene
2021 2662 2228 2723 ditatus

247 2754 364 2813 est;
392 2745 716 2803 sestertium
742 2763 987 2824 namque
1019 2747 1386 2825 quingenties
1414 2767 1539 2809 cum
1564 2749 1938 2827 praecipuum
1967 2748 2113 2820 inter
2145 2747 2226 2805 le·

178 2842 227 2884 ³0
245 2828 503 2906 gatarios
527 2826 837 2906 habuisset,
864 2830 997 2907 quia
1019 2840 1212 2892 notata
1235 2850 1352 2892 non
1377 2834 1702 2911 perscripta
1726 2839 1850 2892 erat
1866 2848 2103 2905 summa,
2129 2828 2226 2891 he·

247 2911 389 2971 rede
414 2909 647 2971 Tiberio
671 2911 921 2989 legatum
946 2912 1018 2973 ad
1044 2915 1355 2992 quingenta
1381 2926 1717 2993 revocante,
1743 2934 1817 2976 ne
1838 2914 1984 2976 haec
2000 2912 2226 2992 quidem

249 2995 494 3072 accepit.
811 3005 814 3006 ’

371 3077 704 3138 Honoribus
755 3088 886 3139 ante
929 3081 1245 3158 legitimum
1293 3092 1518 3162 tempus
1572 3084 1754 3159 initis,
1797 3090 2031 3162 praetor
2076 3099 2228 3142 com·
2254 3093 2287 3147 6

251 3162 524 3221 missione
556 3161 818 3222 ludorum
853 3163 1166 3226 Floralium
1215 3184 1424 3227 novum
1479 3165 1800 3245 spectaculi
1834 3183 2056 3243 genus,
2111 3165 2230 3225 ele·

183 3262 233 3303 as
253 3245 495 3324 phantos
524 3246 918 3326 funambulos,
944 3249 1146 3319 edidit;
1188 3251 1320 3309 exin
1346 3252 1682 3329 provinciae
1711 3250 2053 3329 Aquitaniae
2085 3265 2231 3309 anno

254 3329 378 3388 fere
414 3329 696 3406 praeluit;
745 3348 881 3391 mox
928 3333 1286 3394 consulatum
1333 3352 1438 3412 per
1477 3352 1584 3394 sex
1627 3352 1858 3394 menses
1893 3333 2235 3405 ordinarium

255 3414 457 3488 gessit,
485 3415 793 3493 evenitque
819 3424 879 3474 ut
903 3416 959 3474 in
984 3433 1056 3476 eo
1096 3417 1224 3495 ipse
1245 3417 1306 3476 L.
1330 3417 1581 3478 Domitio
1620 3420 1765 3497 patri
1798 3416 2084 3492 Neronis,
2124 3415 2235 3492 ipsi
2305 3467 2320 3484 ,

257 3492 483 3553 Salvius
506 3494 654 3556 Otho
678 3507 849 3576 pater
885 3498 1127 3559 Othonis
1163 3499 1527 3578 succederet,
1554 3501 1712 3562 velut
1754 3500 2120 3581 praesagium
2154 3499 2231 3555 in·
