2553 3960
558 786 751 888 DE
849 784 1950 887 GRAMMATICIS.

1069 1034 1443 1044 *ψ

383 1251 760 1313 Grammatica
792 1246 1015 1311 Romae
1046 1267 1118 1309 ne
1145 1250 1201 1308 in
1228 1266 1333 1308 usu
1364 1246 1593 1326 quidem
1619 1246 1754 1307 olim
1775 1288 1792 1323 ‚
1829 1247 2037 1307 nedum
2070 1249 2124 1307 in
2159 1247 2258 1308 ho·
2287 1248 2313 1301 l

250 1352 398 1395 nore
440 1336 560 1396 ullo
594 1344 749 1411 erat,
795 1333 916 1395 rudi
953 1333 1182 1394 scilicet
1214 1350 1286 1393 ac
1314 1331 1599 1391 bellicosa
1635 1333 1805 1391 etiam
1853 1341 1967 1392 tum
2003 1333 2258 1408 civitate,

255 1417 499 1478 necdum
537 1435 898 1497 magnopere
951 1416 1294 1478 liberalibus
1332 1415 1654 1494 disciplinis
1698 1425 1964 1476 vacante.
2039 1415 2262 1476 Initium

207 1528 232 1568 s
257 1521 488 1583 quoque
515 1506 638 1563 eius
659 1502 958 1563 mediocre
988 1503 1193 1578 extitit,
1223 1500 1506 1578 siquidem
1531 1500 1907 1578 antiquissimi
1934 1500 2260 1577 doctorum,

252 1588 347 1667 qui
378 1588 550 1648 iidem
581 1596 641 1647 et
676 1594 892 1665 poetae
921 1594 980 1644 et
1008 1585 1359 1662 semigraeci
1391 1593 1590 1659 erant,
1644 1580 1888 1665 (Livium
1931 1593 1989 1643 et
2018 1583 2261 1644 Ennium

254 1672 417 1748 dico,
448 1690 596 1750 quos
624 1680 870 1748 utraque
902 1668 1098 1746 lingua
1129 1668 1281 1727 domi
1322 1668 1585 1745 forisque
1621 1667 1896 1726 docuisse
1933 1668 2261 1729 adnotatum

254 1755 380 1832 est)
407 1754 543 1814 nihil
575 1754 819 1832 amplius
848 1768 1016 1832 quam
1046 1751 1310 1815 Graecos
1347 1750 1893 1830 interpretabantur,
1931 1761 2024 1812 aut
2048 1754 2095 1812 si
2128 1751 2263 1831 quid

253 1840 365 1918 ipsi
392 1838 591 1900 Latine
627 1839 1096 1916 composuissent
1131 1836 1574 1915 praelegebant.
1641 1835 1786 1896 Nam
1812 1835 1968 1914 quod
1999 1836 2261 1898 nonnulli

186 1922 479 1987 ¹⁰tradunt
522 1922 670 1984 duos
717 1918 900 1984 libros
947 1923 1033 1983 de
1092 1920 1386 1982 litteris
1430 1918 1942 2003 syllabisque,
1995 1922 2132 1982 item
2177 1921 2260 1980 de

250 2008 503 2068 metris
547 2007 618 2068 ab
666 2007 872 2068 eodem
915 2007 1104 2068 Ennio
1150 2005 1375 2082 editos,
1431 2007 1555 2066 iure
1598 2008 1788 2085 arguit
1815 2005 1876 2066 L.
1925 2004 2095 2067 Cotta
2144 2024 2260 2066 non

251 2101 466 2171 poetae
508 2092 613 2152 sed
660 2094 1006 2171 posterioris
1052 2091 1224 2152 Ennii
1266 2109 1430 2166 esse,
1479 2090 1640 2150 cuius
1682 2091 1852 2151 etiam
1898 2090 1979 2149 de
2037 2109 2257 2169 augu-

248 2176 455 2237 randi
503 2175 911 2255 disciplina
940 2175 1235 2236 volumina
1267 2174 1547 2235 ferantur.

378 2259 601 2321 Primus
635 2262 841 2339 igitur,
890 2269 1159 2339 quantum
1194 2261 1528 2338 opinamur,
1573 2259 1819 2318 studium
1848 2260 2258 2335 grammaticae
2283 2267 2317 2320 2

184 2364 233 2403 ιι
253 2346 309 2404 in
358 2345 560 2405 urbem
600 2344 785 2404 intulit
832 2341 1038 2406 Crates
1080 2344 1393 2420 Mallotes,
1447 2342 1772 2404 Aristarchi
1815 2343 2110 2421 aequalis,
2161 2344 2260 2422 qui

252 2430 461 2489 missus
490 2428 563 2489 ad
595 2437 854 2488 senatum
891 2428 964 2488 ab
994 2428 1192 2488 Attalo
1222 2445 1369 2506 rege
1401 2429 1550 2488 inter
1583 2426 1895 2488 secundum
1928 2446 1998 2487 ac
2030 2428 2259 2487 tertium

252 2512 526 2574 Punicum
569 2512 783 2571 bellum
814 2511 918 2571 sub
955 2512 1139 2591 ipsam
1172 2511 1341 2572 Ennii
1371 2520 1649 2589 mortem,
1700 2530 1826 2571 cum
1862 2512 2110 2589 regione
2156 2510 2258 2571 Pa-

251 2596 373 2658 latii
410 2596 724 2675 prolapsus
754 2597 809 2655 in
842 2596 1085 2657 cloacae
1123 2595 1387 2656 foramen
1432 2614 1565 2657 crus
1596 2596 1905 2674 fregisset,
1952 2611 2059 2674 per
2090 2613 2257 2655 omne

251 2680 563 2757 legationis
591 2679 757 2740 simul
813 2688 869 2739 et
907 2679 1233 2740 valitudinis
1266 2690 1494 2758 tempus
1531 2680 1806 2758 plurimas
1842 2679 2104 2741 acroasis
2129 2684 2256 2739 sub-

180 2780 233 2821 20
255 2763 385 2823 inde
429 2763 572 2823 fecit
619 2763 964 2843 assidueque
1009 2764 1311 2840 disseruit,
1368 2782 1439 2826 ac
1484 2766 1699 2824 nostris
1732 2763 2006 2843 exemplo
2050 2763 2155 2823 fuit
2190 2762 2260 2825 ad

251 2846 594 2910 imitandum.
654 2847 948 2909 Hactenus
980 2857 1168 2909 tamen
1205 2850 1431 2926 imitati,
1467 2857 1526 2908 ut
1559 2850 1811 2910 carmina
1844 2865 2043 2927 parum
2075 2846 2260 2907 adhuc

252 2930 547 3010 divulgata
584 2932 679 2993 vel
721 2931 1122 2994 defunctorum
1155 2934 1469 2994 amicorum
1510 2932 1605 2993 vel
1658 2935 1709 2994 si
1744 2947 1985 3013 quorum
2016 2932 2260 2992 aliorum

251 3015 634 3098 probassent,
679 3016 1015 3094 diligentius
1041 3026 1429 3079 retractarent
1468 3035 1539 3078 ac
1580 3017 1837 3096 legendo
1871 3024 2255 3077 commentan-

252 3101 445 3181 doque
478 3103 648 3162 etiam
695 3104 911 3162 ceteris
941 3111 1074 3163 nota
1106 3102 1399 3171 facerent3
1434 3111 1492 3162 ut
1534 3100 1601 3163 G.
1636 3102 1914 3163 Octavius
1940 3097 2257 3179 Lampadio

183 3197 235 3237 ²⁸
253 3185 458 3246 Naevii
501 3185 775 3247 Punicum
820 3185 1066 3263 bellum,
1122 3186 1279 3266 quod
1321 3204 1435 3248 uno
1482 3186 1773 3248 volumine
1831 3194 1889 3246 et
1941 3185 2258 3245 continenti

131 3289 134 3292 ’
253 3272 539 3348 scriptura
592 3272 925 3349 expositum
968 3270 1160 3332 divisit
1198 3272 1256 3333 in
1300 3280 1526 3352 septem
1568 3271 1779 3341 libros3
1828 3279 1889 3331 ut
1929 3278 2136 3349 postea
2183 3268 2255 3342 Q.

254 3356 644 3431 Vargunteius
676 3355 914 3416 annales
944 3354 1147 3432 Ennii,
1185 3371 1334 3435 quos
1367 3356 1545 3417 certis
1575 3355 1782 3416 diebus
1816 3356 1874 3415 in
1895 3371 2102 3431 magna
2140 3352 2255 3412 fre·

256 3439 484 3515 quentia
528 3439 964 3518 pronuntiabat:
1009 3450 1069 3501 ut
1107 3441 1341 3502 Laelius
1368 3440 1693 3502 Archelaus
1738 3441 2083 3518 Vettiusque
2128 3434 2255 3496 Phi·

256 3519 518 3581 locomns
552 3522 749 3583 Lucilii
782 3533 1008 3600 satyras
1048 3524 1345 3586 familiaris
1378 3526 1497 3602 sui,
1546 3543 1687 3604 quas
1728 3525 1951 3604 legisse
1989 3537 2056 3582 se
2103 3516 2255 3598 apud

357 3626 661 3666 simronms.
1869 3608 1945 3666 17
