2553 3960
313 200 433 261 172
476 212 535 260 c.
573 210 873 260 sun-‘rom
911 210 1168 271 TRANQ.
1201 212 1298 259 ms
1328 211 1494 259 vrrA
1528 210 1896 260 CAESARUM
1927 211 2066 260 ΜΒ.
2098 209 2191 258 v1.

310 368 668 428 venationes
701 375 760 428 et
789 368 846 425 in
877 368 1033 428 circo
1067 375 1126 427 et
1154 368 1210 426 in
1250 366 1513 427 omnibus
1542 365 1702 426 urbis
1742 366 2082 444 regionibus
2129 365 2308 447 dedit,

312 470 511 511 munus
533 453 703 511 etiam
726 450 1148 529 gladiatorium,
1183 451 1288 511 sed
1305 459 1460 511 tanta
1485 452 1748 527 saevitia,
1784 459 1842 509 ut
1864 468 2113 510 necesse
2135 451 2312 513 fuerit

251 543 287 598 5
308 535 574 613 Augusto
609 535 757 595 clam
788 535 999 595 frustra
1031 535 1304 596 monitum
1334 535 1528 594 edicto
1563 552 1869 595 coercere.
1938 532 2032 594 Ex
2056 534 2311 597 Antonia

309 621 531 680 maiore
559 628 780 699 patrem
811 617 1062 680 Neronis
1096 621 1464 698 procreavit,
1498 620 1649 678 omni
1723 626 1847 679 arte
1872 618 2026 678 vitae
2057 618 2307 681 detesta-

309 704 505 764 bilem.
582 703 875 783 Siquidem
932 721 1130 763 comes
1182 702 1254 764 ad
1297 701 1592 763 Orientem
1691 747 1705 761 .
1747 699 2017 763 Caesaris
2060 704 2305 783 iuvenis,
2337 718 2365 759 5

314 788 514 848 occiso
547 787 760 848 liberto
793 804 939 864 suo,
983 787 1137 867 quod
1179 796 1385 866 potare
1424 796 1692 866 quantum
1738 785 2041 847 iubebatur
2074 804 2308 847 recusa-

310 880 430 948 rat,
461 871 731 932 dimissus
763 889 795 931 e
832 871 1073 931 cohorte
1103 872 1416 931 amicorum
1448 871 1628 932 nihilo
1650 870 1967 931 modestius
1997 870 2158 930 vixit.
2192 868 2311 930 Sed

313 964 372 1016 et
402 957 459 1015 in
489 956 625 1016 viae
647 954 878 1035 Appiae
908 956 1042 1015 vico
1073 964 1316 1035 repente
1348 974 1588 1035 puerum
1635 956 1823 1015 citatis
1866 955 2132 1014 iumentis
2159 953 2313 1015 haud

311 1041 546 1116 ignarus
578 1039 844 1115 obtrivit,
882 1047 940 1098 et
969 1040 1188 1100 Romae
1217 1039 1408 1098 medio
1438 1038 1571 1099 foro
1604 1039 1825 1099 cuidam
1855 1038 2034 1117 equiti
2059 1038 2132 1099 R.
2165 1037 2311 1099 libe-

311 1125 432 1182 rius
475 1124 719 1200 iurganti
765 1122 993 1182 oculum
1039 1126 1212 1190 eruit:
1280 1122 1559 1202 perfidiae
1608 1140 1750 1183 vero
1797 1131 2026 1199 tantae,
2081 1131 2141 1182 ut
2197 1136 2382 1183 nonio

311 1205 484 1265 modo
517 1207 879 1283 argentarios
910 1207 1113 1285 pretiis
1140 1225 1334 1266 rerum
1366 1216 1791 1286 coemptarum,
1828 1206 1932 1268 sed
1966 1214 2023 1266 et
2053 1206 2110 1265 in
2141 1224 2311 1287 prae·

310 1299 437 1350 tura
470 1289 745 1350 mercede
794 1290 1107 1368 palmarum
1147 1292 1470 1368 aurigarios
1505 1290 1888 1360 fraudaverit;
1961 1298 2192 1350 notatus
2234 1289 2312 1350 ob

312 1373 460 1434 haec
485 1382 542 1433 et
565 1375 790 1435 sororis
814 1375 1018 1451 ioco,*
1057 1374 1429 1453 querentibus
1454 1374 1698 1435 dominis
1727 1374 2042 1434 factionum
2071 1392 2309 1454 reprae-

315 1457 592 1518 sentanda
632 1459 888 1537 praemia
931 1459 988 1517 in
1029 1467 1326 1537 posterum
1368 1460 1574 1518 sanxit.
1633 1458 1951 1544 Maiestatis
1991 1474 2223 1537 quoque
2255 1466 2314 1517 et

314 1541 723 1603 adulteriorum
764 1542 1088 1621 incestique
1132 1561 1257 1602 cum
1297 1560 1504 1602 sorore
1533 1541 1753 1621 Lepida
1793 1541 1899 1602 sub
1933 1560 2183 1601 excessu
2218 1542 2310 1603 Ti·
2335 1559 2383 1599 15

313 1625 441 1686 beri
484 1644 650 1703 reus,
714 1628 1027 1687 mutatione
1085 1635 1409 1705 temporum
1454 1628 1638 1687 evasit
1687 1626 2056 1704 decessitque
2103 1625 2313 1703 Pyrgis

313 1709 515 1770 morbo
548 1727 734 1788 aquae
767 1711 1095 1788 intercutis,
1144 1710 1374 1772 sublato
1420 1710 1538 1771 lilio
1582 1708 1817 1770 Nerone
1855 1728 1930 1769 ex
1962 1708 2311 1789 Agrippina,

315 1792 656 1855 Germanico
683 1796 898 1871 genita.

255 1892 290 1946 6
436 1877 598 1937 Nero
629 1887 794 1938 natus
826 1886 917 1938 est
959 1877 1096 1937 Anti
1140 1887 1274 1957 post
1319 1876 1486 1941 VIIII
1535 1896 1791 1940 mensem
1834 1895 2001 1956 quam
2044 1877 2314 1939 Tiberius

313 1963 599 2038 excessit,
635 1960 849 2023 XVIII.
880 1961 974 2022 Kl.
1008 1961 1129 2022 Ian.
1162 1970 1378 2024 tantum
1411 1962 1566 2042 quod
1597 1965 1900 2024 exoriente
1930 1961 2092 2037 sole,
2123 1980 2313 2042 paene
2332 1978 2384 2020 πο
2444 2024 2452 2029 ,

309 2055 371 2106 ut
420 2044 602 2105 radiis
652 2047 812 2124 prius
861 2063 1027 2124 quam
1057 2054 1213 2107 terra
1247 2048 1701 2124 contingeretur.
1765 2046 1854 2107 De
1884 2048 2149 2124 genitura
2187 2049 2314 2107 eius

311 2130 500 2188 statim
542 2129 718 2188 multa
751 2139 808 2189 et
849 2129 1232 2190 formidolosa
1266 2131 1458 2191 multis
1493 2129 1943 2208 coiectantibus,
1997 2132 2313 2209 praesagio

310 2212 415 2272 fuit
448 2212 615 2271 etiam
655 2211 889 2273 Domitii
930 2215 1113 2292 patris
1157 2233 1310 2293 vox,
1353 2216 1503 2275 inter
1545 2214 1961 2292 gratulationes
2001 2217 2316 2274 amicorum

308 2295 593 2375 neqantis
632 2296 956 2377 quicquam
994 2316 1073 2359 em
1102 2316 1172 2358 se
1214 2306 1273 2359 et
1297 2297 1654 2379 Agrippina
1692 2297 1818 2359 nisi
1863 2296 2228 2379 detestabile
2258 2305 2319 2360 et

311 2379 478 2440 malo
514 2378 769 2457 publico
817 2381 1002 2443 nasci
1024 2382 1321 2461 poluisse.
1385 2382 1657 2443 Eiusdem
1690 2382 1914 2442 futurae
1953 2382 2314 2442 infelicitatis
2333 2398 2386 2438 2⁵

311 2465 537 2541 signum
570 2465 810 2526 evidens
839 2466 931 2526 die
962 2466 1207 2527 lustrico
1241 2468 1459 2535 extitit;
1504 2483 1633 2526 nam
1668 2465 1733 2527 C.
1772 2465 2022 2543 Caesar,
2064 2474 2315 2543 rogante

312 2565 523 2609 sorore
558 2557 617 2608 ut
649 2549 849 2610 infanti
885 2550 1038 2630 quod
1073 2551 1255 2611 vellet
1286 2568 1495 2610 nomen
1526 2549 1722 2628 daret,
1758 2552 1983 2610 intuens
2016 2547 2315 2611 Claudium

311 2641 585 2712 patruum·
605 2640 797 2711 su'um,
829 2653 862 2695 a
895 2651 1007 2714 quo
1043 2652 1178 2694 mox
1207 2636 1475 2714 principe
1503 2633 1557 2693 N
1562 2651 1665 2695 ero
1694 2634 2001 2713 adoptatus
2031 2642 2147 2710 est,
2180 2634 2317 2694 θήιε

310 2733 381 2776 se
410 2716 550 2776 dixit
579 2717 769 2794 dare,
801 2736 995 2797 neque
1025 2719 1152 2797 ipse
1186 2720 1341 2779 serio
1374 2718 1479 2779 sed
1504 2736 1612 2797 per
1635 2720 1847 2796 iocum,
1881 2727 1939 2778 et
1960 2727 2313 2796 aspernante

309 2799 670 2879 Agrippina,
703 2802 857 2881 quod
884 2811 1003 2863 tum
1039 2800 1312 2863 Claudius
1341 2804 1490 2862 inter
1521 2802 1764 2863 ludibria
1796 2802 1962 2863 aulae
1995 2810 2139 2861 erat.

477 2884 762 2945 Trimulus
797 2895 1020 2966 patrem
1057 2888 1270 2957 amisit;
1304 2888 1464 2946 cuius
1495 2904 1571 2945 ex
1599 2896 1765 2966 parte
1801 2887 1970 2946 tertia
1998 2885 2199 2962 heres,
2237 2904 2313 2945 ne

309 2964 458 3025 hanc
488 2969 717 3046 quidem
749 2971 1035 3048 integram
1064 2972 1252 3049 cepit,
1288 2971 1576 3049 correptis
1604 2989 1712 3049 per
1732 2970 2078 3032 coheredem
2111 2969 2313 3031 Gaium

309 3049 596 3142 universis
637 3052 827 3114 bonis.
889 3054 964 3115 Et
1025 3054 1268 3115 subinde
1310 3063 1494 3115 matre
1546 3057 1715 3114 etiam
1762 3055 2061 3131 relegata,
2118 3070 2310 3132 paene

309 3143 483 3202 ¹¹¹0P8
515 3141 686 3212 atque
719 3156 906 3215 egens
950 3139 1101 3217 apud
1147 3140 1373 3199 amitam
1417 3138 1691 3216 Lepidam
1738 3139 2140 3213 nutritus-est,
2201 3137 2309 3197 sub

312 3205 535 3308 duobus
567 3218 930 3299 paedagogis
962 3223 1240 3283 saltatore
1275 3232 1449 3302 atque
1491 3231 1751 3282 tonsore.
1806 3223 2025 3283 Verum
2067 3219 2311 3281 Claudio
2333 3233 2387 3274 35

309 3306 609 3392 Impergun}
641 3300 880 3382 adepto,
915 3324 1032 3366 non
1062 3308 1248 3367 solum
1279 3316 1552 3387 paternas
1584 3323 1733 3387 opes
1763 3303 2149 3386 reciperavit,
2205 3303 2314 3364 sed

312 3379 371 3427 et
393 3368 605 3469 ‘Crispl
658 3380 917 3449 Passieni
962 3391 1151 3451 vitrici
1194 3392 1283 3451 sui
1333 3388 1652 3451 hereditate
1696 3390 1905 3451 ditatus
1946 3397 2055 3449 est.
2114 3387 2311 3449 Gratia

312 3451 540 3526 ‘luldem
575 3467 633 3518 et
677 3472 932 3540 potentia
973 3485 1293 3536 revocatae
1333 3475 1749 3554 restitutaeque
1781 3474 1977 3534 matris
2018 3490 2204 3552 usque
2238 3489 2313 3533 eo

2333 2818 2386 2861 80
