2553 3960
976 260 1184 309 mvus
1217 259 1582 309 cLAumus.
2161 247 2280 309 165

284 434 462 479 causa
505 414 782 495 quosdam
828 418 1239 494 committeret,
1285 416 1358 476 de
1400 416 1695 476 fabrorum
1744 433 1976 495 quoque
2016 433 2085 475 ac
2115 414 2279 473 mini-

283 510 533 563 strorum
558 508 729 580 atque
760 500 817 560 id
853 518 1039 577 genus
1066 518 1337 579 numero,
1377 501 1425 559 si
1454 509 1798 562 automatum
1826 500 1922 559 vel
1948 516 2160 577 pegma
2186 498 2282 558 vel

285 584 422 665 quid
456 583 571 646 tale
602 584 752 645 aliud
781 603 983 664 parum
1016 586 1311 646 cessisset.
1382 585 1610 645 Induxit
1639 593 1697 644 et
1727 602 1896 643 unum
1930 600 2006 642 ex
2047 598 2281 641 nomen·
2373 590 2384 605 ·

286 668 640 731 culatorihus
672 670 824 747 suis,
859 670 946 729 sic
981 678 1041 729 ut
1075 678 1199 730 erat
1222 678 1475 746 togatus.
2239 685 2247 693 ·

232 770 259 811 5
417 753 533 814 Sed
573 753 711 813 nihil
758 772 943 833 aeque
991 772 1157 832 quam
1195 753 1425 814 timidus
1472 772 1540 813 ac
1586 751 1851 812 diffidens
1883 752 2007 811 fuit.
2080 749 2369 810 Primis35

283 839 526 917 imperii*
553 837 756 897 diebus
806 849 1179 916 quamquam,
1240 846 1301 897 ut
1353 836 1634 913 diximus,
1685 837 1930 897 iactator
1978 831 2284 910 civilitatis,

285 941 476 1001 neque
511 922 778 981 convivia
808 922 955 981 inire
988 940 1158 982 ausus
1190 929 1282 982 est
1324 921 1435 981 nisi
1473 930 1534 981 ut
1568 920 1974 1000 speculatores
2009 936 2137 978 cum
2165 916 2285 977 lan-

288 1008 409 1067 ceis
442 1007 880 1066 circumstarent
917 1005 1243 1084 militesque
1286 1006 1417 1066 vice
1462 1006 1850 1064 ministrorum
1884 1005 2285 1081 fungerentur,

287 1109 477 1170 neque
511 1108 748 1167 aegrum
785 1107 1127 1168 quemquam
1154 1090 1409 1150 visitavit
1439 1090 1547 1149 nisi
1579 1088 1888 1169 explorato
1932 1090 2094 1167 prius
2129 1084 2284 1146 cubi·

219 1188 270 1231 ιο
291 1175 424 1235 culo
462 1174 803 1253 culcitisque
843 1183 902 1234 et
935 1174 1208 1251 stragulis
1238 1175 1673 1254 praetemptatis
1705 1182 1764 1234 et
1787 1173 2075 1233 excussis.
2127 1169 2287 1232 Reli-

287 1277 403 1339 quo
426 1267 614 1319 autem
629 1267 896 1337 tempore
920 1259 1329 1319 salutatoribus
1353 1267 1710 1320 scrutatores
1739 1275 1974 1337 semper
1995 1252 2289 1336 apposuit,

289 1352 348 1403 et
377 1341 608 1422 quidem
643 1343 904 1403 omnibus
936 1352 995 1403 et
1025 1343 1455 1404 acerbissimos.
1518 1343 1667 1403 Sero
1701 1345 1850 1402 enim
1880 1360 1952 1403 ac
1986 1343 2085 1401 vix
2118 1340 2288 1399 remi-

289 1429 393 1504 sit,
424 1444 499 1486 ne
539 1426 788 1485 feminae
823 1429 1287 1506 praetextatique
1313 1428 1479 1506 pueri
1511 1436 1569 1485 et
1597 1426 1830 1504 puellae
1856 1433 2289 1496 contrectaren-

288 1520 408 1587 tur,
445 1517 504 1570 et
532 1528 604 1568 ne
630 1511 791 1570 euius
823 1512 1016 1570 comiti
1047 1520 1142 1571 aut
1164 1509 1402 1571 librario
1431 1508 1774 1568 calamariae
1807 1516 1902 1567 aut
1923 1506 2292 1585 graphiariae

222 1612 271 1655 ιε
288 1594 497 1655 thecae
524 1593 930 1653 adimerentur.
987 1592 1148 1652 Motu
1185 1592 1341 1651 civili
1378 1610 1508 1651 cum
1538 1610 1666 1650 eum
1700 1588 2006 1667 Camillus,
2049 1607 2164 1648 non
2196 1588 2290 1648 du·

287 1678 479 1736 bitans
507 1678 676 1735 etiam
710 1676 852 1733 citra
881 1674 1096 1734 bellum
1137 1692 1319 1754 posse
1362 1676 1609 1750 terreri,
1658 1673 2077 1733 contumeliosa
2106 1680 2167 1731 et
2194 1672 2294 1730 mi-

291 1760 421 1818 naci
466 1766 524 1816 et
571 1759 895 1818 contumaci
939 1759 1190 1838 epistula
1219 1758 1434 1819 cedere
1466 1758 1713 1836 imperio
1746 1756 1975 1817 iuberet
2005 1756 2294 1834 vitamque

294 1843 539 1906 otiosam
582 1840 638 1899 in
674 1842 898 1920 privata
941 1860 1007 1901 re
1051 1860 1260 1920 agere,
1304 1842 1581 1902 dubitavit
1631 1840 1894 1901 adhibitis
1938 1840 2294 1921 principibus

291 1926 466 2004 viris,
497 1943 568 1986 an
592 1933 1047 2004 optemperaret.
1074 1926 1363 2002 Quasdam
1387 1926 1623 1987 insidias
1646 1934 1868 1987 temere
1899 1924 2123 1987 delatas
2146 1922 2292 1986 adeo
2310 1927 2382 1985 36

220 2029 273 2070 20
294 2011 563 2090 expavit,
615 2019 674 2070 ut
730 2009 1028 2089 deponere
1081 2013 1383 2091 imperium
1428 2012 1814 2090 temptaverit.
1884 2009 2179 2087 Quodam,
2238 2012 2299 2068 ‘ut

288 2113 464 2174 supra
489 2093 715 2171 rettuli,
755 2112 882 2153 cum
911 2095 1076 2156 ferro
1128 2098 1285 2156 circa
1328 2097 1748 2156 sacrificantem
1792 2114 1859 2155 se
1904 2094 2295 2174 deprehenso,

288 2187 550 2239 senatum
591 2196 1076 2265 perwraecones
1120 2198 1381 2259 propere
1424 2181 1774 2240 convocavit
1826 2180 2195 2257 lacrimisque
2240 2185 2299 2237 et

287 2263 713 2324 vociferatione
747 2265 1051 2324 miseratus
1083 2273 1175 2324 est
1212 2264 1604 2325 conditionem
1646 2282 1841 2340 suam,
1890 2265 1979 2324 cui
2011 2262 2151 2321 nihil
2193 2261 2296 2320 tuti

290 2365 532 2425 usquam
574 2355 765 2423 esset,
809 2365 881 2423 ac
922 2347 1017 2408 diu
1057 2348 1294 2427 publico
1342 2348 1631 2410 abstinuit.
1678 2348 2024 2408 Messalinae
2064 2362 2298 2424 quoque

221 2448 275 2490 ⁴2⁵
295 2446 550 2492 amorem
590 2429 1091 2506 flagrantissimum
1135 2449 1252 2492 non
1294 2442 1408 2493 tam
1448 2432 1785 2509 indignitate
1828 2430 2298 2491 contumeliarum

294 2531 463 2594 quam
499 2513 743 2592 periculi
774 2523 928 2573 metu
956 2515 1198 2592 abiecit,
1233 2535 1361 2576 cum
1395 2516 1657 2577 adultero
1689 2516 1832 2575 Silio
1864 2515 2085 2594 adquiri
2118 2515 2296 2592 impe-

290 2600 437 2658 rium
472 2597 846 2668 credidisset;
882 2616 998 2676 quo
1031 2607 1298 2678 tempore
1328 2599 1563 2659 foedum
1591 2601 1648 2659 in
1676 2600 1904 2660 modum
1932 2598 2194 2677 trepidus
2227 2595 2299 2656 ad

297 2690 487 2742 castra
521 2682 816 2757 confugit,
857 2681 997 2742 nihil
1026 2692 1146 2744 tota
1176 2684 1269 2743 via
1302 2701 1472 2762 quarn
1500 2690 1737 2745 essetne
1762 2683 1887 2744 sibi
1911 2683 2155 2744 salvum
2184 2681 2293 2742 im-

289 2765 535 2843 perium
566 2766 891 2843 requirens.
950 2764 1122 2827 Nulla
1179 2767 1328 2828 adeo
1373 2769 1663 2847 suspicio,
1707 2767 2146 2829 nullus*auctor
2187 2766 2378 2826 tama?

224 2863 278 2905 30
296 2848 447 2908 levis
473 2849 692 2924 extitit,
718 2867 751 2909 a
775 2865 889 2928 quo
914 2867 1029 2910 non
1050 2851 1330 2911 mediocri
1354 2852 1629 2931 scrupulo
1645 2854 1857 2913 iniecto
1884 2852 1954 2913 ad
1981 2851 2298 2911 cavendum

294 2931 807 3011 ulciscendumque
838 2934 1308 3012 compelleretur.
1352 2936 1514 2998 Unus
1542 2955 1616 2996 ex
1645 2935 2033 3016 litigatoribus
2056 2933 2298 2994 seducto

296 3018 352 3076 in
384 3015 730 3076 salutatione
762 3016 1093 3096 affirmavit,
1140 3019 1357 3080 vidisse
1390 3038 1455 3080 se
1488 3039 1595 3101 per
1632 3024 1884 3100 quietem
1935 3018 2127 3078 occidi
2171 3036 2299 3079 eum

298 3118 331 3160 a
362 3099 637 3178 quodam;
684 3100 815 3160 dein
852 3101 1028 3180 paulo
1057 3112 1226 3183 post,
1272 3105 1438 3183 quasi
1481 3123 1893 3184 percussorem
1925 3112 2300 3180 agnosceret,

295 3183 886 3245 libellumtradentem
903 3185 1296 3248 adversarium
1321 3207 1481 3249 suum
1504 3189 1944 3249 demonstravit:
1972 3188 2299 3248 confestim·

228 3277 410 3347 abque
432 3268 482 3328 is
505 3285 615 3347 pro
643 3268 934 3347 deprenso
963 3270 1033 3330 ad
1056 3289 1306 3350 poenam
1333 3283 1531 3353 raptus
1556 3283 1665 3333 est.
1699 3274 1829 3334 Pari
1852 3271 2025 3333 modo
2054 3289 2298 3352 oppres-

299 3369 423 3410 sum
452 3353 644 3412 ferunt
670 3351 924 3432 Appium
955 3355 1237 3421 Silanum:
1273 3375 1443 3435 quem
1476 3376 1602 3417 cum
1632 3357 1942 3418 Messalina
1978 3365 2036 3416 et
2066 3354 2294 3415 Narcis-

300 3453 397 3495 sus
428 3437 864 3515 conspirassent
895 3439 1178 3518 perdere,
1209 3440 1409 3500 divisis
1441 3442 1732 3521 partibuS,
1768 3442 1916 3502 alter
1948 3448 2080 3500 ante
2111 3437 2301 3496 lucem

298 3517 501 3580 similis
542 3520 820 3600 attonito,
862 3525 1093 3601 patroni
1141 3523 1466 3587 cubiculum
1510 3526 1762 3606 inrupit,
1811 3526 2099 3586 affirmans
2148 3535 2296 3579 som·
