2553 3960
505 263 776 311 LXXVIII
1187 257 1598 307 PRAEFATIO.

507 421 683 478 fuisse
715 426 1049 491 compertum
1077 426 1182 475 est.
1244 419 1383 473 Hinc
1410 423 1566 490 patet
1595 428 1759 488 quam
1791 418 1932 473 male
1960 417 2309 490 superiorum

504 504 755 561 nonnulli
779 510 836 559 ut
855 504 1158 559 Salmasius
1176 519 1336 558 unam
1355 518 1540 557 earum
1553 501 1788 557 vitarum
1806 501 2075 557 Suetonio
2095 503 2309 558 tribue-

503 588 645 653 rint;
690 594 983 660 praeterea
1026 588 1175 643 nulla
1214 586 1486 658 librorum
1517 585 1850 641 auctoritate
1890 587 2000 641 hoc
2034 586 2307 656 fecerunt,

502 678 559 727 et
606 671 896 741 redarguit
929 687 1029 727 eos
1074 669 1397 739 Hieronymi
1437 669 1491 723 in
1524 667 1787 724 chronico
1837 673 1893 723 et
1922 668 2208 725 Diomedis
2249 668 2306 723 in

501 754 854 812 satiricorum
885 753 1299 810 enumeratione
1332 753 1402 807 de
1431 752 1693 808 Iuvenale
1724 750 2020 809 silentium.
2093 752 2307 807 Deinde

500 839 748 895 Tacitum
778 837 980 893 scimus
1014 855 1062 893 a.
1081 843 1183 898 116
1206 834 1514 892 Annalibus
1546 835 1860 890 scribendis
1883 832 2112 909 (Annal.
2146 841 2199 903 2,
2216 840 2306 894 61.

497 929 553 993 4,
582 918 648 995 4)
681 938 908 994 operam
940 920 1190 990 dedisse,
1225 919 1385 974 cuius
1417 920 1486 974 de
1519 917 1632 974 vita
1666 935 1732 974 ac
1763 924 1939 974 morte
1974 935 2075 973 nec
2103 918 2303 973 Hiero-

498 1022 693 1076 nymus
734 1021 839 1059 nec
869 1004 1012 1060 alius
1044 1004 1332 1075 quisquam
1364 1001 1628 1074 prodidit.
1720 1001 1832 1058 Sed
1886 1018 1953 1056 ne
1985 1001 2145 1057 Plinii
2180 1000 2301 1072 qui·

499 1090 623 1145 dem
675 1087 993 1143 amicissimi
1042 1087 1280 1142 hominis
1340 1091 1395 1140 et
1441 1085 1649 1157 optime
1696 1085 1765 1140 de
1811 1101 1874 1140 se
1916 1084 2094 1140 meriti
2138 1085 2306 1140 ullam

497 1171 830 1227 mentionem
854 1171 1206 1241 Tranquillus
1239 1170 1295 1224 in
1328 1168 1445 1225 suis
1466 1168 1780 1223 Illustribus
1814 1168 2046 1233 fecerat,
2078 1175 2141 1223 ut
2162 1184 2301 1224 non·

498 1256 624 1309 dum
666 1252 886 1310 mortui.
977 1253 1242 1323 Alioquin
1279 1252 1397 1308 lieri
1429 1267 1537 1306 non
1571 1253 1885 1324 potuisset,
1932 1257 1993 1306 ut
2026 1251 2303 1319 Hierony·

496 1354 613 1392 mus
626 1330 699 1410 ⁸⁴)
737 1352 857 1392 cum
888 1336 1141 1392 omnibus
1172 1336 1291 1390 l'ere
1321 1335 1733 1406 posterioribus
1764 1352 1834 1390 ex
1863 1335 2080 1391 duobus
2110 1333 2305 1389 Pliniis

496 1437 659 1476 unum
701 1420 918 1475 faceret
964 1425 1020 1475 et
1061 1435 1202 1490 quae
1247 1419 1392 1491 apud
1427 1419 1819 1475 Tertullianum
1867 1419 2090 1488 apolog.
2128 1423 2183 1474 2.
2233 1417 2305 1471 de

497 1502 661 1559 Plinii
705 1504 774 1559 ad
805 1502 1097 1559 Traianum
1144 1501 1381 1574 epistola
1419 1502 1744 1557 meminerat
1781 1500 2023 1572 scripta,
2069 1518 2135 1556 ea
2182 1516 2305 1555 cum

499 1588 838 1644 Suetoniana
881 1586 995 1642 vita
1038 1585 1203 1640 Plinii
1249 1584 1479 1642 maioris
1529 1591 1637 1641 tam
1687 1584 1890 1640 misere
1935 1576 2307 1654 coniungeret

499 1687 657 1741 quam
693 1671 894 1726 factum
926 1671 1177 1726 videmus
1206 1686 1261 1740 p.
1299 1676 1421 1739 300,
1455 1673 1544 1727 27.
1631 1667 1801 1738 Atqui
1833 1683 1904 1722 ex
1937 1666 2305 1737 inscriptione

497 1754 910 1810 testamentaria
943 1750 1409 1827 (Orelli-Henzen
1440 1751 1715 1823 inscriptt.
1750 1757 1785 1810 3
1816 1767 1873 1829 p.
1909 1746 2039 1822 124)
2072 1748 2306 1804 Plinium

499 1844 624 1892 ante
660 1854 713 1892 a.
748 1842 850 1894 114
881 1845 1148 1893 mortuum
1178 1852 1307 1891 esse
1335 1834 1687 1905 intelligitur.

623 1920 706 1974 Ex
757 1918 827 1975 iis
876 1937 1015 1991 quae
1062 1919 1340 1992 disputavi
1393 1918 1643 1990 sequitur
1694 1923 1753 1972 ut
1798 1916 2097 1972 Suetonius
2132 1916 2303 1972 Viros

497 2018 630 2060 suos
662 2004 911 2060 illustres
948 2004 1090 2059 intra
1127 2019 1301 2060 annos
1335 2010 1433 2063 106
1471 2009 1527 2058 et
1555 2008 1657 2062 113
1690 2000 1999 2074 scripserit.
2077 2000 2162 2056 Ac
2191 2001 2303 2056 nisi

498 2088 709 2143 animus
751 2103 837 2142 me
889 2086 1063 2156 fallit,
1114 2087 1211 2144 illa
1260 2086 1565 2157 Tranquilli
1612 2084 1887 2141 volumina
1932 2084 2055 2139 sive
2096 2084 2303 2153 libelli,

499 2186 638 2241 quos
672 2171 958 2241 perfectos
992 2171 1099 2227 iam
1132 2177 1187 2226 et
1229 2172 1516 2228 absolutos
1546 2168 1755 2227 Plinius
1788 2166 1952 2244 epist.
1983 2177 2048 2242 5,
2091 2179 2158 2230 10
2198 2169 2303 2229 sed

496 2252 662 2309 nimia
691 2253 1044 2309 cunctatione
1079 2254 1281 2310 edendi
1310 2256 1548 2310 nondum
1584 2257 1844 2326 vulgatos
1878 2254 2159 2325 queritur,
2190 2272 2301 2311 non

500 2336 595 2390 alii
629 2341 759 2391 sunt
789 2342 954 2407 atque
980 2338 1281 2393 illustrium
1314 2337 1515 2409 libelli,
1549 2355 1689 2411 quos
1723 2339 1883 2394 amici
1923 2337 2301 2395 admonitione

496 2418 763 2490 impulsus
814 2426 940 2475 ante
985 2421 1094 2475 iter
1138 2421 1194 2475 in
1235 2421 1545 2492 Bithyniam
1592 2428 1907 2494 susceptum
1937 2420 2122 2477 videri
2171 2427 2298 2493 pot·

497 2508 583 2557 est
613 2501 888 2560 emisisse.

627 2587 707 2641 De
738 2586 976 2658 singulis
1009 2587 1335 2657 Hieronymi
1372 2587 1515 2643 locis
1542 2604 1815 2658 quaerere
1847 2588 2027 2644 nostri
2059 2587 2297 2643 instituti

494 2686 604 2726 non
637 2677 756 2740 est,
801 2677 856 2727 et
894 2670 1233 2727 commodius
1273 2672 1343 2726 ab
1376 2669 1432 2726 C.
1465 2671 1551 2726 Fr.
1590 2670 1899 2727 Hermanno
1930 2687 2071 2742 quae
2115 2688 2299 2726 rerum

492 2753 786 2809 veritatem
830 2761 1085 2826 spectant
1134 2759 1411 2827 petentur.
1498 2753 1688 2825 Neque
1735 2761 1914 2810 tamen
1966 2755 2037 2810 de
2091 2753 2298 2811 Livio

491 2834 912 2893 Andronico
944 2844 1139 2909 p.291‚
1172 2842 1236 2895 12
1262 2836 1609 2893 Cassiodorii
1634 2839 1805 2893 verba
1840 2837 2297 2910 praetermittam,

494 2918 587 2989 qui
630 2919 699 2975 ad
740 2937 795 2975 a.
828 2924 943 2976 515
973 2922 1080 2978 His
1121 2921 1432 2975 consulibus
1472 2920 1651 2991 inquit
1694 2921 1835 2976 ludis·
1863 2920 2130 2976 Romanis
2163 2923 2294 2990 pri-

489 3018 637 3057 mum
678 3005 958 3075 trayoedia
997 3011 1049 3059 et
1079 3005 1356 3059 comoedia
1385 3021 1420 3057 a
1452 3004 1517 3058 L.
1547 3003 1696 3059 Livio
1735 3005 1811 3058 ad
1850 3018 2110 3059 scaenam
2139 3003 2292 3059 data.

268 3070 462 3163 'reginam
618 3085 674 3140 P.
701 3086 831 3142 Ter
852 3086 1030 3142 entii
1065 3087 1279 3143 vitam
1313 3104 1368 3158 p.
1396 3092 1517 3153 292,
1548 3093 1788 3156 1-295,
1822 3095 1847 3145 l
1878 3086 2074 3143 Aelius
2106 3087 2296 3143 Dona-

490 3173 577 3222 tus
621 3170 769 3238 quod
816 3170 872 3225 in
908 3172 1199 3241 prologum
1242 3170 1533 3226 commenti
1575 3169 1661 3226 sui
1693 3170 2021 3226 Terentiani-
2053 3170 2295 3241 recepit,

489 3249 763 3321 integram
811 3253 972 3309 nobis
1012 3252 1278 3309 servavit.
1366 3252 1787 3310 vetustissimas
1838 3252 2111 3310 editiones
2160 3252 2295 3309 inde

628 3440 721 3504 64)
757 3442 1005 3494 Numeros
1036 3460 1088 3510 p.
1113 3444 1226 3495 Chr.
1260 3459 1312 3494 n.
1340 3445 1614 3497 107—109
1645 3446 1999 3511 Hieronymus,
2036 3443 2134 3496 113
2164 3443 2292 3495 Gas-

490 3507 762 3568 sindon-ius,
801 3511 900 3562 117
943 3511 1162 3579 Prosper
1195 3513 1362 3564 Plinio
1398 3513 1663 3563 dederunt.
