2553 3960
909 206 1117 255 DIVUS
1150 206 1644 255 VESPASIANUS.
2148 194 2264 255 231

274 366 350 426 ita
381 364 786 444 pronuntiavit,
814 381 940 424 non
971 370 1259 441 oportere
1285 360 1577 422 maledici
1605 360 2038 440 senatoribus,
2072 379 2268 423 rema-

273 447 460 510 ledici
490 446 671 508 civile
696 447 927 527 fasque
957 464 1114 506 esse.

397 533 599 591 Litium
657 533 846 593 series
894 530 1109 609 ubique
1157 531 1436 590 maiorem
1487 532 1544 589 in
1591 529 1820 590 modum
1867 540 2269 610 excreverant,
2290 539 2357 590 lo

273 617 630 677 manentibus
672 616 919 695 antiquis
954 613 1390 693 intercapedine
1425 615 1562 674 iuris
1607 613 1905 692 dictioniS,
1944 614 2268 675 accedenti·

225 709 252 750 ὅ
276 702 381 760 bus
409 701 576 759 novis
606 715 682 759 ex
713 699 1061 760 condicione
1093 697 1449 779 tumultuque
1481 707 1834 779 temporum;
1885 708 2041 759 sorte
2087 698 2270 776 elegit

274 803 382 864 per
419 801 566 863 quos
594 793 761 862 rapta
788 783 948 844 bello
990 784 1463 860 restituerentur,
1514 785 1724 862 quique
1765 782 1974 844 iudicia
2018 793 2266 843 centum·

272 868 497 945 viralia,
532 866 736 945 quibus
769 867 1123 946 peragendis
1152 867 1252 926 vix
1284 867 1595 927 suffectura
1630 866 1987 945 litigatorum
2032 866 2266 928 videba-

272 962 362 1012 tur
392 960 585 1027 aetaS,
619 960 781 1013 extra
814 951 1075 1012 ordinem
1108 950 1486 1012 diiudicarent
1523 951 1978 1030 redigerentque
2022 951 2091 1012 ad
2135 951 2267 1011 bre·
2324 952 2329 958 ’

271 1037 569 1095 vissimum
599 1054 911 1096 numerum.
2322 1046 2341 1061 ‘¹

202 1130 253 1172 ιθ
395 1119 601 1180 Libido
633 1130 805 1198 atque
838 1121 1062 1200 luxuria
1106 1127 1426 1180 coercente
1468 1118 1627 1179 nullo
1670 1118 2023 1189 invaluerat;
2065 1127 2269 1179 auctor
2289 1133 2349 1185 11

271 1205 495 1265 senatui
535 1205 642 1264 fuit
688 1203 1075 1283 decernendi,
1120 1213 1182 1264 ut
1227 1221 1377 1283 quae
1421 1223 1487 1264 se
1528 1202 1720 1264 alieno
1764 1221 1939 1264 servo
1971 1203 2269 1281 iunxisset,

272 1289 481 1350 ancilla
522 1287 863 1358 haberetur;
909 1307 1062 1349 neve
1106 1289 1353 1348 tiliorum
1411 1289 1750 1349 familiarum
1799 1287 2269 1349 foeneratoribus

273 1371 548 1450 exigendi
579 1372 783 1432 crediti
811 1375 898 1433 ius
934 1390 1197 1451 umquam
1230 1380 1418 1451 esset,
1460 1372 1575 1432 hoc
1621 1380 1711 1432 est
1755 1390 1827 1432 ne
1871 1381 2006 1450 post
2045 1381 2268 1452 patrum

274 1455 503 1535 quidem
531 1465 793 1515 mortem.

203 1554 252 1596 ιε
393 1538 623 1601 Ceteris
657 1540 713 1599 in
738 1539 914 1599 rebus
947 1541 1135 1599 statim
1161 1538 1234 1600 ab
1264 1539 1428 1599 initio
1453 1540 1811 1618 principatus
1838 1556 2023 1617 usque
2052 1539 2124 1599 ad
2150 1540 2266 1600 exi·

272 1634 388 1686 tum
422 1624 607 1684 civilis
637 1633 696 1683 et
728 1623 1006 1699 clemens,
1037 1622 1494 1682 mediocritatem
1526 1622 1823 1702 pristinam
1867 1640 2057 1701 neque
2104 1622 2267 1682 dissi·
2290 1631 2355 1684 12

272 1706 508 1768 mulavit
537 1724 802 1785 umquam
833 1724 902 1765 ac
932 1706 1273 1785 frequenter
1321 1709 1492 1766 etiam
1536 1724 1679 1786 prae
1723 1724 1789 1766 se
1829 1706 1973 1766 tulit.
2026 1707 2176 1783 Quin
2213 1716 2271 1767 et

277 1793 540 1851 conantis
573 1789 853 1869 quosdam
879 1790 1164 1868 originem
1187 1790 1373 1850 Flavii
1402 1790 1639 1867 generis
1664 1788 1734 1849 ad
1759 1789 2096 1851 conditores
2119 1791 2268 1852 Rea·

271 1878 426 1936 tinos
462 1876 845 1952 comitemque
874 1874 1179 1952 Herculis,
1220 1876 1382 1934 cuius
1412 1873 1816 1934 monimentum
1857 1882 2015 1935 extat
2047 1875 2270 1936 Salaria

200 1961 401 2038 suvia,
447 1959 675 2020 referre
718 1958 893 2020 irrisit
923 1957 1095 2020 ultro.
1170 1958 1459 2038 Adeoque
1493 1958 1630 2019 nihil
1661 1968 2124 2021 ornamentorum
2171 1977 2268 2019 ex-

272 2046 559 2104 trinsecus
592 2043 801 2123 cupide
832 2044 1132 2124 appetivit,
1164 2053 1227 2103 ut
1256 2043 1525 2122 triumphi
1561 2043 1652 2103 die
1694 2044 1967 2121 fatigatus
2004 2043 2271 2105 tarditate

273 2138 332 2188 et
361 2127 555 2189 taedio
589 2146 839 2207 pompae
870 2145 987 2188 non
1016 2128 1348 2205 reticuerit,
1391 2128 1608 2188 merito
1650 2144 1719 2187 se
1755 2127 1976 2206 plecti,
2026 2128 2132 2208 qui
2159 2128 2267 2188 tri·

269 2211 577 2292 amphum,
612 2212 797 2292 quasi
822 2217 932 2273 aut
957 2212 1223 2273 debitum
1249 2210 1598 2274 maioribus
1633 2212 1768 2272 suis
1809 2219 1919 2273 aut
1952 2217 2271 2291 speratum

270 2314 557 2376 umquam
586 2296 729 2373 sibi,
764 2303 890 2357 tam
922 2296 1126 2376 inepte
1152 2314 1346 2357 senex
1379 2295 1788 2374 concupisset.
1877 2295 1968 2356 Ac
1997 2316 2071 2356 ne
2094 2296 2267 2356 tribu-

201 2400 254 2443 25
273 2381 481 2441 niciam
512 2380 742 2458 quidem
775 2389 1123 2459 potestatem
1148 2382 1183 2417 ⁸⁸
1214 2380 1395 2459 patris
1434 2382 1654 2460 patriae
1685 2379 2137 2460 appellationem
2161 2381 2269 2440 nisi

273 2481 411 2525 sero
443 2464 692 2543 recepit.
762 2462 905 2524 Nam
953 2465 1427 2525 consuetudinem
1469 2464 1762 2525 scrutandi
1805 2464 2122 2525 salutantes
2152 2481 2267 2526 ma-

273 2557 445 2609 nente
480 2547 666 2608 adhuc
696 2546 854 2627 bello
888 2548 1041 2608 civili
1077 2550 1372 2609 omiserat.

397 2631 733 2692 Amicorum
776 2630 1128 2709 libertatem,
1175 2632 1597 2693 causidicorum
1632 2633 1849 2710 figuras
1895 2650 1965 2693 ac
2012 2632 2354 2711 philoso-13

272 2717 518 2795 phorum
567 2717 980 2776 contumaciam
1025 2716 1320 2777 lenissime
1387 2717 1531 2776 tulit.
1619 2715 1890 2777 Licinium
1947 2715 2270 2777 Mucianum

199 2812 252 2853 ³0
276 2808 453 2860 notae
488 2798 901 2878 impudicitiae,
936 2800 1040 2860 sed
1071 2801 1405 2861 meritorum
1438 2800 1645 2861 fiducia
1672 2801 1856 2860 minus
1881 2802 1967 2860 sui
1993 2819 2269 2862 reveren-

271 2894 421 2959 tem,
453 2901 757 2962 numquam
792 2885 901 2944 nisi
945 2883 1093 2945 clam
1136 2894 1195 2945 et
1233 2885 1515 2946 hactenus
1556 2894 1827 2946 retaxare
1872 2886 2163 2962 sustinuit,
2211 2894 2270 2944 ut

272 2967 423 3047 apud
462 2986 818 3032 communem
859 2968 1106 3048 aliquem
1152 2970 1394 3030 amicum
1439 2987 1691 3048 querens
1754 2968 1995 3030 adderet
2045 2970 2267 3030 clausu-

271 3053 416 3114 lam:
468 3049 606 3133 Eyo
640 3059 843 3115 tamen
863 3054 964 3114 vir
986 3072 1139 3114 sum.
1208 3054 1464 3115 Salvium
1486 3052 1811 3114 Liberalem
1844 3053 1900 3112 in
1926 3052 2268 3114 defensione

273 3137 464 3198 divitis
494 3139 581 3196 rei
612 3156 809 3198 ausum
837 3137 1068 3199 dicere:
1101 3138 1252 3219 quid
1275 3137 1365 3199 ad
1387 3135 1747 3215 Gaesarem,
1779 3137 1841 3198 si
1864 3135 2270 3217 Hipparchus

201 3222 621 3283 ”sestertium
651 3222 850 3283 milies
888 3222 1115 3283 habet?
1157 3232 1215 3283 et
1257 3225 1386 3302 ipse
1428 3221 1701 3283 laudavit.
1757 3221 2111 3283 Demetrium
2156 3219 2266 3297 Cy·

272 3307 463 3365 nicum
506 3307 563 3365 in
603 3307 811 3367 itinere
853 3306 1082 3367 obvium
1136 3307 1247 3367 sibi
1290 3315 1426 3386 post
1476 3306 1933 3383 damnationem,
1978 3325 2048 3366 ac
2076 3323 2269 3383 neque

276 3407 586 3466 assurgere
627 3409 818 3470 neque
861 3390 1114 3452 salutare
1156 3410 1222 3452 se
1264 3390 1623 3469 dignantem,
1668 3390 2051 3451 oblatrantem
2097 3391 2268 3448 etiam

276 3474 476 3533 nescio
515 3474 672 3553 quid,
710 3476 851 3537 satis
886 3474 1082 3535 habuit
1114 3493 1362 3536 canem
1395 3475 1717 3557 appellare.
