2553 3960
338 225 460 287 240
509 237 569 285 c.
597 237 897 285 smt'rom
931 237 1186 296 TRANQ.
1214 237 1310 284 m:
1342 237 1514 284 vrrA
1546 236 1912 284 CAESARUM
1934 237 2074 283 Lm.
2099 236 2249 284 v111.

337 410 497 470 nam,
550 392 755 471 partim
794 390 978 451 subici
1014 408 1085 450 ac
1127 392 1329 450 venire
1359 393 1693 470 imperavit,
1739 393 1945 469 partim
1985 390 2041 448 in
2085 392 2341 468 asperri-

336 494 460 536 mas
493 476 805 536 insularum
834 473 1024 535 avehi.
1092 474 1288 553 thue
1318 476 1489 535 etiam
1521 473 1729 534 similia
1774 473 2122 552 quandoque
2169 492 2338 535 ausu-

335 578 435 621 ros
469 569 759 639 perpetuo
797 568 1125 635 coerceret,
1159 558 1339 618 vetuit
1368 561 1518 619 inter
1549 567 1747 619 cetera
1779 557 1852 618 de
1883 558 2086 618 eadem
2118 576 2186 618 re
2209 559 2335 638 plu-

335 643 495 704 ribus
525 644 757 722 legibus
789 645 918 721 agi,
955 645 1234 722 quaerive
1266 641 1340 701 de
1373 644 1707 722 cuiusquam
1741 641 2144 703 defunctorum
2186 652 2337 704 statu

336 728 486 789 ultra
522 738 718 789 certos
748 745 946 789 annos.
2358 751 2386 791 5

277 819 314 876 9
460 813 860 876 Pontificatum
890 811 1193 872 maximum
1223 811 1357 888 ideo
1395 831 1459 872 se
1495 811 1801 891 professus
1832 813 2108 889 accipere
2140 820 2201 872 ut
2231 830 2333 892 pu·

333 916 430 958 ras
461 905 726 958 servaret
757 914 985 973 manus,
1016 895 1187 955 fidem
1221 897 1539 974 praestitit,
1570 914 1683 956 nec
1717 904 1919 956 auctor
1957 894 2206 974 posthac
2237 913 2332 956 cu-

335 982 597 1060 iusquam
639 982 803 1041 necis
847 999 958 1040 nec
1006 980 1317 1056 conscius,
1376 982 1636 1059 quamvis
1689 979 1971 1040 interdum
2015 979 2334 1040 ulciscendi

333 1083 509 1125 causa
545 1082 662 1124 non
698 1065 961 1140 deesset,
1009 1061 1112 1124 sed
1135 1065 1484 1142 periturum
1513 1082 1583 1126 se
1600 1064 1817 1143 potius·
1848 1068 2033 1143 quam
2055 1063 2331 1142 perditu-

333 1167 470 1208 rum
494 1148 779 1209 adiurans.
827 1148 989 1207 Duos
1016 1149 1241 1226 patricii
1264 1149 1501 1225 generis
1527 1150 1831 1208 convictos
1859 1148 1917 1207 in
1942 1147 2332 1208 adfectatione
2359 1171 2411 1212 ιο

334 1233 594 1310 imperii,
640 1231 777 1291 nihil
820 1231 1064 1310 amplius
1107 1249 1274 1310 quam
1317 1241 1376 1292 ut
1418 1231 1768 1293 desisterent
1820 1233 2064 1309 monuit,
2114 1231 2334 1291 docens

332 1315 752 1394 principatum
776 1314 918 1394 fato
950 1315 1117 1391 dari,
1151 1318 1199 1376 si
1234 1316 1369 1396 quid
1399 1325 1711 1395 praeterea
1744 1315 2165 1391 desiderarent,
2199 1334 2334 1395 pro-

333 1400 565 1459 mittens
611 1419 677 1460 se
724 1403 1092 1469 tributurum;
1136 1410 1196 1460 et
1237 1401 1549 1460 confestim
1582 1399 1813 1479 quidem
1849 1400 1920 1460 ad
1951 1399 2189 1460 alterius
2219 1419 2334 1460 ma-

335 1493 506 1560 trem,
538 1502 690 1562 quae
718 1485 927 1564 procul
967 1484 1205 1563 aberat,
1254 1502 1532 1544 cursores
1575 1501 1713 1543 suos
1753 1485 1938 1560 misit,
1986 1485 2080 1560 qui
2129 1485 2335 1544 anxiae

334 1567 556 1627 salvum
581 1569 759 1629 filium
792 1569 1145 1647 nuntiarent,
1191 1579 1446 1629 ceterum
1475 1571 1640 1647 ipsos
1683 1584 1799 1629 non
1841 1567 2028 1628 solum
2068 1568 2407 1632 familiarius

335 1669 555 1713 caenae
600 1653 883 1730 adhibuit,
929 1653 1034 1713 sed
1069 1662 1126 1713 et
1170 1654 1499 1731 insequenti
1548 1652 1640 1712 die
1681 1652 2065 1730 gladiatorum
2105 1661 2333 1731 specta·

336 1735 467 1795 culo
499 1738 656 1798 circa
688 1756 753 1797 se
780 1757 856 1797 ex
898 1737 1172 1798 industria
1220 1736 1546 1797 conlocatis
1598 1736 1792 1797 oblata
1833 1736 1941 1796 sibi
1986 1736 2335 1797 ferramenta

333 1824 704 1899 pugnantium
757 1820 1119 1900 inspicienda
1173 1821 1453 1899 porrexit.
1557 1820 1781 1882 Dicitur
1835 1821 2043 1897 etiam,
2099 1822 2334 1899 cognita

332 1905 630 1985 utriusque
650 1906 937 1983 genitura,
962 1905 1275 1966 imminere
1298 1903 1599 1966 ambobus
1614 1904 1962 1985 periculum
1977 1905 2331 1984 adfirmasse,

330 2005 542 2049 verum
572 1989 944 2071 quandoque
973 1996 1031 2051 et
1058 1989 1140 2051 ab
1173 1990 1300 2051 alio
1318 2015 1349 2061 ,·
1381 1992 1530 2050 sicut
1564 1991 1776 2050 evenit.
2348 2011 2401 2051 20

459 2073 722 2134 Fratrem
752 2073 1007 2134 insidiari
1043 2074 1152 2134 sibi
1181 2092 1297 2134 non
1328 2073 1709 2151 desinentem,
1745 2073 1849 2135 sed
1874 2092 2061 2153 paene
2092 2093 2167 2135 ex
2195 2092 2330 2154 pro-

332 2156 494 2216 fesso
523 2158 929 2218 sollicitantem
959 2159 1274 2235 exercituS,
1307 2158 1676 2219 meditantem
1720 2159 1949 2237 fugam,
1995 2176 2185 2237 neque
2231 2176 2329 2219 oc-

333 2239 532 2301 cidere
565 2260 759 2320 neque
790 2259 1084 2321 seponere
1116 2261 1185 2303 ac
1225 2261 1300 2302 ne
1342 2243 1397 2302 in
1438 2244 1662 2303 minore
1703 2243 1930 2322 quidem
1970 2242 2197 2304 honore
2234 2242 2326 2303 ha·

329 2322 475 2384 bere
511 2327 806 2404 sustinuit,
841 2325 975 2403 sed,
1011 2336 1132 2387 uta
1167 2327 1352 2406 primo
1383 2328 1608 2405 imperii
1654 2327 1783 2403 die,
1829 2336 2158 2387 consortem
2199 2344 2329 2386 suc-

332 2425 748 2489 cessoremque
780 2412 980 2471 testari
1011 2414 1433 2490 perseveravit,
1466 2428 1886 2490 nonnumquam
1919 2420 2155 2471 secreto
2194 2428 2302 2491 pre
2346 2435 2398 2476 2⁵

332 2491 494 2554 cibus
539 2504 598 2554 et
638 2494 892 2555 lacrimis
930 2512 1135 2572 oranS,
1179 2502 1247 2557 ut
1285 2495 1532 2557 tandem
1572 2501 1781 2557 mutuo
1824 2512 1979 2575 crya
2021 2512 2091 2556 se
2123 2495 2330 2556 animo

247 2586 316 2641 lo
330 2577 514 2639 vellet
543 2596 696 2640 esse.
760 2579 918 2639 Inter
952 2578 1101 2639 haec
1131 2589 1318 2639 morte
1349 2588 1702 2659 praeventus
1730 2588 1855 2657 est,
1898 2580 2117 2639 maiore
2150 2579 2329 2639 homi·

329 2680 458 2722 num
494 2661 699 2723 damno
732 2680 898 2741 quam
927 2680 1054 2723 suo.
2287 2674 2309 2690 ·

457 2748 825 2826 Spectaculis
855 2746 1156 2825 absolutis,
1192 2750 1248 2806 in
1281 2765 1523 2826 quorum
1555 2748 1668 2807 fine
1691 2746 1912 2826 populo
1941 2764 2137 2808 coram
2159 2748 2328 2807 uber-

328 2833 424 2892 tim
456 2831 721 2908 fleverat,
752 2831 1000 2892 Sabinos
1029 2834 1175 2910 petit
1202 2831 1496 2910 aliquanto
1526 2832 1765 2908 tristior,
1801 2830 1956 2910 quod
1980 2832 2326 2892 sacrificanti
2345 2855 2396 2899 30

325 2915 519 2977 hostia
551 2916 856 2993 aufugerat
901 2915 1174 2995 quodque
1215 2925 1563 2995 tempestate
1610 2933 1817 2975 serena
1862 2925 2148 2976 tonuerat.
2210 2914 2325 2975 De-

328 2999 459 3059 inde
492 2999 562 3059 ad
599 3002 837 3078 primam
866 3000 1052 3059 statim
1079 3001 1437 3061 mansionem
1468 3000 1678 3061 febrim
1707 3007 1980 3077 nanctus,
2027 3018 2153 3060 cum
2194 2998 2326 3059 inde

327 3081 540 3144 lectica
570 3084 1000 3161 transferretur,
1040 3085 1382 3164 suspexisse
1413 3086 1620 3145 dicitur
1650 3084 1882 3143 dimotis
1924 3082 2159 3162 pallulis
2189 3101 2322 3144 cae-

326 3164 461 3243 lum,
494 3167 842 3248 multumque
875 3178 1230 3247 conquestus
1266 3169 1429 3247 eripi
1455 3167 1579 3230 sibi
1606 3167 1800 3229 vitam
1829 3167 2186 3240 inmo-ent&
2221 3185 2325 3228 ne·
2368 3165 2381 3171 “

326 3265 442 3326 que
471 3250 627 3309 enim
656 3259 878 3314 arctare
903 3251 1096 3314 ullum
1125 3271 1304 3314 suum
1322 3252 1561 3332 factum
1575 3252 2033 3331 paenitendum,
2068 3259 2326 3330 excepto
2344 3274 2394 3314 ³⁵

327 3330 471 3391 dum
500 3339 685 3394 taxat
709 3355 853 3397 uno.
927 3336 992 3397 Id
1034 3337 1204 3417 quale
1247 3337 1451 3415 fuerit,
1497 3356 1688 3416 neque
1730 3340 1858 3416 ipse
1902 3347 2036 3397 tunc
2078 3336 2328 3417 prodidit

325 3431 518 3490 neque
551 3417 814 3494 cuiquam
842 3420 1019 3481 facile
1060 3432 1380 3483 succurrat.
1445 3422 1687 3498 Quidam
1726 3422 2031 3501 opinantur
2080 3439 2325 3483 consue-

326 3493 578 3554 tudinem
609 3500 1006 3582 recordatum,
1043 3524 1212 3584 quam
1253 3525 1381 3567 cum
1415 3507 1611 3567 fratris
1652 3523 1836 3566 uxore
1880 3504 2179 3575 habuerit;
2222 3504 2327 3565 sed
