2553 3960
312 196 434 262 178
543 208 602 256 e.
635 205 934 256 sms'rom
965 204 1219 265 TRANQ·
1252 203 1350 251 ms
1375 203 1545 251 vrrA
1573 202 1941 251 casuum
1964 203 2102 250 Lm.
2129 204 2224 250 VI.

311 364 482 426 tinnis
514 371 650 443 post
689 380 925 424 caenam
963 361 1188 422 canenti
1222 362 1280 419 in
1308 360 1538 420 multam
1569 366 1799 419 noctem
1841 357 2132 434 assidens,
2170 334 2313 437 pau-

312 449 467 510 latim
492 456 552 508 et
582 448 709 526 ipse
739 447 1001 506 meditari
1039 445 1426 522 exercerique
1459 444 1674 521 coepit,
1701 460 1891 523 neque
1924 460 2123 503 eorum
2155 445 2311 523 quic-

313 550 480 614 quam
523 533 786 592 omittere
807 575 825 607 ,
871 548 1019 610 quae
1065 529 1303 607 generis
1328 529 1451 587 eius
1475 527 1731 588 artifices
1752 525 1848 586 vel
1875 527 2313 587 conservandae

312 618 478 677 vocis
514 632 687 676 causa
725 613 817 674 vel
848 611 1149 690 augendae
1179 611 1535 681 factitarent;
1575 610 1680 670 sed
1710 619 1768 670 et
1796 610 2124 689 plumbeam
2149 611 2310 671 char-

313 710 426 761 tam
462 700 700 778 supinus
749 706 992 777 pectore
1035 697 1351 773 sustinere,
1395 705 1452 756 et
1498 695 1754 770 clystere
1796 695 2132 774 vomituque
2180 708 2359 774 pur-³

314 785 472 863 gari,
520 792 578 843 et
608 782 898 843 abstinere
935 783 1118 860 pomis
1151 779 1414 860 cibisque
1460 778 1880 849 officientibus3
1923 779 2112 840 donec
2153 779 2312 838 blan·

314 867 506 929 diente
538 866 807 946 profectu
840 866 1215 945 (quamquam
1245 867 1495 942 exiguae
1528 864 1692 923 vocis
1716 872 1775 923 et
1801 862 2037 942 fuscae)
2075 863 2312 942 prodire

313 954 370 1012 in
401 969 632 1012 scenam
670 951 983 1029 concupiit,
1027 949 1269 1010 subinde
1311 950 1461 1007 inter
1501 946 1812 1008 familiares
1845 947 2128 1009 Graecum
2176 963 2312 1026 pro·

313 1035 572 1097 verbium
602 1036 844 1109 iactans,
877 1035 1158 1095 occultae
1189 1032 1466 1093 musicae
1498 1031 1731 1093 nullum
1762 1049 1899 1092 esse
1944 1037 2310 1111 respectum.

313 1119 389 1180 Et
419 1118 610 1198 prodit
636 1116 887 1196 Neapoli
918 1119 1188 1196 primum,
1234 1134 1306 1177 ac
1346 1134 1418 1175 ne
1463 1132 1752 1175 concusso
1799 1115 2026 1195 quidem
2063 1123 2309 1194 repente
2332 1127 2383 1171 ιο

314 1211 467 1264 motu
497 1211 687 1261 terrae
719 1200 943 1261 theatro
972 1211 1103 1261 ante
1137 1188 1370 1261 cantare
1403 1199 1634 1277 destitit,
1665 1218 1831 1280 quam
1862 1200 2187 1260 inchoatum
2214 1199 2312 1259 ab·

316 1286 574 1348 solveret
616 1302 845 1344 nomon.
920 1283 1140 1346 Ibidem
1178 1286 1413 1362 saepius
1459 1293 1517 1344 et
1561 1302 1668 1362 per
1699 1284 2032 1362 complures
2063 1284 2315 1344 cantavit

317 1371 469 1440 dies;
503 1378 729 1448 sumpto
763 1370 932 1430 etiam
963 1369 1035 1429 ad
1073 1368 1446 1430 reficiendam
1473 1386 1679 1429 vocem
1704 1368 1868 1428 brevi
1891 1378 2180 1447 tempore,
2212 1369 2311 1427 im-

315 1457 537 1536 patiens
579 1456 793 1514 secreti
836 1472 870 1515 a
910 1453 1155 1514 balineis
1191 1456 1246 1512 in
1281 1452 1564 1514 theatrum
1609 1454 1864 1529 transiit,
1908 1453 2215 1530 mediaque
2257 1453 2313 1510 in

318 1539 616 1600 orchestra
644 1538 949 1618 frequente
981 1538 1203 1618 populo
1236 1536 1523 1616 epulatus„
1556 1537 1617 1597 si
1632 1538 1893 1615 paulum
1916 1535 2385 1612 subbibisscl,1s

318 1622 557 1702 aliquid
606 1640 675 1682 sc
717 1620 958 1702 sufferte·
1000 1623 1354 1683 tinniturum
1410 1621 1636 1683 Graeco
1699 1640 1970 1683 sermone
2029 1623 2309 1701 promisit.

318 1706 534 1785 Captus
582 1715 768 1766 autem
812 1707 1119 1773 modulatis
1159 1704 1684 1767 Alexandrinorum
1724 1706 2168 1783 laudationibus,
2217 1705 2314 1784 qui

317 1791 389 1850 de
435 1808 588 1851 novo
635 1799 953 1850 commeatu
986 1790 1296 1869 Neapolim
1339 1790 1766 1867 confluxerant,
1816 1790 2017 1870 plures
2054 1790 2310 1850 Alexan-

317 1874 439 1935 dria
470 1875 755 1934 evocavit.
853 1873 1060 1953 Neque
1104 1892 1175 1934 eo
1222 1875 1462 1952 segnius
1511 1874 1981 1936 adulescentulos
2024 1873 2313 1954 equestris

316 1959 532 2020 ordinis
564 1967 622 2018 et
655 1960 905 2037 quinque
938 1958 1180 2039 amplius
1213 1958 1366 2020 milia
1393 1977 1426 2019 e
1450 1958 1625 2040 plebe
1654 1958 2092 2020 robustissimae
2115 1961 2309 2018 iuven·
2329 1972 2386 2014 20

316 2044 448 2103 tutis
476 2042 725 2120 undique
759 2041 957 2118 elegit,
992 2045 1087 2121 qui
1118 2043 1286 2103 divisi
1320 2044 1374 2102 in
1405 2043 1722 2121 factiones,
1760 2045 2059 2122 plausuum
2089 2059 2312 2121 genera

321 2125 725 2186 condiscerent
765 2124 1043 2205 (bombos
1084 2136 1142 2186 et
1180 2127 1450 2187 imbrices
1493 2137 1550 2189 et
1592 2136 1774 2189 testas
1813 2126 2133 2206 vocabant)
2168 2144 2311 2205 ope-

317 2227 553 2287 ramque
591 2218 869 2269 navarent
904 2212 1152 2271 cantanti
1184 2213 1314 2289 sibi,
1351 2212 1611 2289 insignes
1642 2214 2015 2291 pinguissima
2059 2229 2223 2272 coma
2254 2219 2314 2270 et

320 2292 811 2352 excellentissimo
844 2293 1044 2354 cultu*
1088 2297 1286 2374 pueris
1322 2315 1392 2356 ac
1420 2298 1546 2356 sine
1587 2297 1758 2357 anulo
1801 2297 2028 2374 laeviis,
2070 2313 2314 2376 quorum

319 2375 497 2436 duces
530 2374 922 2455 quadringena
953 2379 1106 2440 milia
1138 2382 1408 2441 sestertia
1435 2380 1751 2440 merebant.
2333 2391 2385 2433 ²⁵

153 2497 160 2502 -
233 2467 299 2520 21
446 2457 585 2520 Cum
615 2462 807 2539 magni
838 2465 1164 2525 aestimaret
1197 2473 1430 2525 cantare
1472 2466 1642 2525 etiam
1679 2466 1929 2541 Romae,
1978 2464 2316 2525 Neroneum

318 2562 507 2622 agona
564 2553 695 2605 ante
765 2550 1157 2624 praestitutam
1209 2549 1360 2608 diem
1417 2549 1749 2626 revocavit,
1805 2547 2317 2629 flagitantibusque

321 2630 539 2689 cunctis
571 2627 884 2689 caelestem
923 2650 1127 2694 vocem
1156 2632 1460 2711 respondit
1491 2632 1715 2712 quidem
1753 2633 1820 2694 in
1854 2632 2052 2694 hortis
2099 2651 2166 2692 se
2213 2650 2313 2692 co·
2362 2699 2367 2706 Δ

319 2714 467 2791 piam
496 2712 826 2774 volentibus
855 2714 1168 2793 facturum,
1203 2716 1309 2777 sed
1339 2715 1641 2778 adiuvante
1683 2716 1842 2795 vulgi
1885 2735 2095 2796 preces
2141 2717 2314 2777 etiam

318 2798 563 2856 statione
594 2796 850 2876 militum,
881 2816 1032 2878 quae
1063 2809 1198 2861 tunc
1222 2800 1568 2878 excubabat,
1602 2807 2212 2879 repraesentaturum
2244 2818 2311 2860 se
2332 2815 2387 2857 30

321 2879 611 2958 pollicitus
644 2890 733 2940 est
763 2881 980 2953 libens;
1026 2902 1095 2943 ac
1127 2886 1252 2944 sine
1286 2903 1449 2946 mora
1474 2902 1682 2945 nomen
1714 2903 1873 2944 suum
1904 2887 1959 2944 in
1997 2885 2131 2945 albo
2179 2902 2313 2963 pro-

319 2963 590 3024 fitentium
623 2964 1084 3027 citharoedorum
1116 2970 1281 3029 iussit
1309 2968 1552 3045 ascribi,
1586 2967 1979 3047 sorticulaque
2013 2970 2067 3028 in
2112 2986 2316 3028 urnam

321 3061 446 3104 cum
478 3050 688 3108 ceteris
713 3048 980 3128 demissa,
1009 3054 1240 3113 intravit
1258 3052 1460 3113 ordine
1484 3069 1607 3129 suo,
1641 3053 1804 3112 simul
1831 3053 2117 3131 praefecti
2143 3069 2313 3131 prae·
2403 3114 2414 3126 ,
2516 3090 2532 3104 -

318 3128 452 3184 torii
481 3130 752 3192 citharam
786 3137 1156 3212 sustinentes,
1191 3145 1327 3215 post
1356 3136 1563 3196 tribuni
1592 3135 1850 3214 militum,
1875 3138 2148 3215 iuxtaque
2174 3135 2311 3196 ami-

320 3225 516 3268 corum
546 3213 739 3273 intimi.
800 3218 992 3297 thue
1028 3222 1305 3298 constitit,
1337 3229 1578 3300 peracto
1611 3221 1915 3300 principio,
1947 3219 2215 3281 Niobam
2244 3234 2389 3281 sess

321 3297 709 3355 cantaturum
739 3318 846 3378 per
878 3300 1138 3364 Cluvium
1166 3304 1375 3366 Rufum
1410 3305 1772 3366 consularem
1820 3305 2210 3384 pronuntiavit
2254 3313 2317 3364 et

322 3373 378 3430 ln
414 3371 617 3471 boram
660 3379 786 3441 fere
828 3385 1106 3448 decimam
1153 3390 1588 3467 perseveravit,
1645 3406 2035 3469 coronamque
2079 3407 2206 3449 eam
2255 3396 2319 3448 et

317 3454 601 3533 rehquam
630 3469 952 3529 certaminis
982 3481 1204 3550 partem
1233 3475 1290 3533 in
1330 3491 1532 3533 annum
1572 3481 1908 3553 sequentem
1955 3472 2206 3552 distulit,
2252 3481 2319 3534 ut
