2553 3960
953 221 1048 267 nn
1086 220 1586 269 GRAMMAnms.
1610 254 1615 257 ψ
2131 207 2253 271 263

562 382 797 437 Racemi
818 381 929 436 duo
968 379 1272 452 teyulasub
1304 397 1418 435 una

561 465 652 521 Aa
674 480 942 520 summam
961 479 1147 537 prope
1178 466 1426 520 nutriant
1453 471 1744 521 senectam.

259 545 333 606 Et
363 562 589 605 rursus:

564 633 779 690 Catonis
806 633 963 687 modo
977 672 995 702 ,
1026 633 1178 689 Galle
1194 673 1208 701 ‚
1243 631 1611 688 Tusculanum

206 731 233 771 s
363 708 367 712 ’
569 716 703 772 Tota
732 716 970 771 creditor
998 717 1133 772 urbe
1166 716 1492 772 venditabat.

565 799 760 855 Mirati
782 815 971 855 sumus
986 843 1000 869 ‚
1033 802 1253 856 unicum
1273 803 1610 872 maqistrum,

566 882 845 940 Summum
876 886 1295 956 yrammaticum
1309 922 1329 953 ,
1359 886 1617 955 optimum
1648 890 1866 954 poetam

570 965 766 1023 Omnes
794 968 1004 1025 solvere
1023 983 1193 1042 posse
1219 970 1581 1039 quaestiones,
1654 1004 1663 1014 ι

578 1051 751 1107 Unum
785 1050 1009 1124 difficile
1038 1052 1305 1123 expedire
1331 1066 1548 1107 nomen.

193 1146 244 1187 ιο
568 1135 658 1190 En
683 1150 780 1191 cor
808 1135 1071 1192 Zenodoti
1079 1165 1093 1206 ,·
1124 1151 1192 1190 en
1217 1137 1373 1192 iecur
1405 1135 1662 1192 Cratetis!

386 1212 693 1275 Cornelius
721 1213 1052 1294 Epicadus,
1083 1214 1145 1275 L.
1171 1213 1426 1275 Cornelii
1456 1214 1654 1288 Syllae
1689 1213 1986 1275 dictatoris
2006 1213 2263 1273 libertus
2278 1221 2345 1276 12

266 1298 601 1377 calatorque
630 1300 686 1357 in
733 1300 1061 1360 sacerdotio
1097 1298 1389 1378 augurali,
1439 1298 1557 1360 lilio
1610 1315 1840 1377 quoque
1889 1298 2012 1358 eius
2043 1297 2259 1358 Fausto

265 1381 622 1458 gratissimus
663 1382 792 1452 fuit;
845 1401 1023 1462 quare
1066 1400 1351 1461 nunquam
1396 1400 1511 1443 non
1557 1385 1852 1461 utriusque
1890 1400 1955 1441 se
1994 1381 2260 1441 libertum

268 1464 459 1524 edidit.
542 1464 770 1525 Librum
816 1475 1036 1543 autem,
1085 1484 1255 1545 quem
1301 1465 1463 1540 Sylla
1498 1467 1867 1526 novissimum
1912 1465 1996 1524 de
2041 1464 2260 1525 rebus

197 1561 247 1603 ιε
269 1549 423 1608 suis
458 1549 857 1626 imperfectum
887 1549 1233 1627 reliquerat,
1268 1551 1397 1627 ipse
1429 1550 1740 1629 supplevit.

389 1630 689 1691 Staberius
732 1632 888 1693 Eros
925 1641 1151 1693 suomet
1183 1651 1324 1693 aere
1350 1641 1576 1711 emptus
1602 1632 1672 1693 de
1697 1641 1915 1692 catasta
1939 1641 1996 1691 et
2020 1642 2264 1712 propter
2282 1640 2348 1693 13

266 1715 582 1775 litterarum
614 1714 857 1776 studium
884 1719 1293 1792 manumissus,
1340 1715 1536 1777 docuit
1567 1718 1717 1776 inter
1769 1725 2000 1776 ceteros
2034 1716 2264 1775 Brutum

268 1808 325 1859 et
359 1797 637 1858 Cassium.
697 1799 839 1860 Sunt
872 1802 967 1878 qui
995 1800 1221 1860 tradant
1253 1809 1407 1860 tanta
1437 1817 1564 1860 eum
1587 1801 1891 1860 honestate
1924 1800 2262 1878 praeditum,

266 1883 724 1961 ut·temporibus
764 1884 1015 1959 Syllanis
1059 1885 1515 1964 proscriptorum
1561 1885 1780 1945 liberos
1821 1884 2002 1960 gratis
2039 1893 2097 1944 et
2141 1886 2265 1943 sine

194 1986 249 2028 ιο
267 1966 536 2027 mercede
566 1967 680 2028 ulla
709 1968 767 2027 in
798 1967 1159 2048 disciplinam
1187 1970 1499 2047 receperit.

397 2049 627 2111 Curtius
648 2052 815 2114 Nicia
842 2054 1031 2113 haesit
1055 2051 1174 2115 CN.
1199 2053 1481 2131 Pompeio
1512 2062 1569 2112 et
1593 2050 1657 2112 C.
1681 2052 1981 2121 Memmio;
2007 2050 2112 2112 sed
2138 2068 2262 2111 cum
2284 2058 2348 2113 14

270 2134 574 2196 codicillos
604 2135 834 2196 Memmi
877 2137 947 2197 ad
984 2137 1221 2217 Pompei
1267 2155 1510 2197 uxorem
1551 2136 1622 2196 de
1667 2145 1867 2216 stupro
1906 2135 2263 2215 pertulisset,

268 2219 529 2299 proditus
565 2220 637 2280 ab
670 2239 773 2296 ea,
807 2220 1141 2300 Pompeium
1177 2220 1442 2299 offendit,
1488 2220 1776 2299 domoque
1820 2223 1872 2281 ei
1903 2220 2266 2280 interdictum

268 2313 376 2363 est.
437 2302 567 2362 Fuit
600 2314 658 2363 et
686 2304 762 2364 M.
798 2302 1104 2365 Ciceronis
1137 2304 1463 2375 familiaris3
1492 2305 1550 2363 in
1583 2305 1742 2364 cuius
1774 2304 2024 2384 epistola
2051 2304 2121 2365 ad
2149 2304 2264 2364 Do-

195 2385 540 2445 251abellam
570 2387 720 2457 haec
751 2387 822 2446 de
853 2406 925 2448 eo
958 2389 1233 2466 legimus:
1279 2386 1450 2449 Nihil
1476 2387 1717 2449 Romae
1742 2390 1982 2467 yeritur
2015 2388 2182 2467 quod
2213 2393 2270 2448 te

262 2476 469 2547 putem
499 2469 664 2529 scire
695 2487 954 2548 curare,
995 2472 1119 2532 nisi
1153 2470 1321 2550 forte
1353 2472 1519 2534 scire
1543 2472 1675 2547 vis,
1708 2489 1803 2532 me
1831 2472 1990 2533 inter
2021 2469 2266 2532 Niciam

266 2559 544 2614 nostrum
584 2559 641 2614 et
691 2551 929 2615 Vidium
971 2555 1232 2616 iudicem
1274 2573 1428 2616 esse.
1507 2555 1758 2635 Profert
1797 2555 1987 2632 alter,
2043 2555 2268 2633 opinor

270 2634 514 2698 duobus
540 2637 901 2715 versiculis,
954 2656 1289 2718 expensum
1322 2638 1571 2702 [Niciae
1583 2641 1637 2718 ,·]
1674 2640 1833 2701 alter
1860 2638 2268 2700 Aristarchus

267 2720 382 2781 hos
426 2720 715 2781 obelizei:
758 2739 869 2800 eqo
909 2729 1200 2802 tanquam
1242 2718 1498 2785 criticus
1545 2724 1834 2803 antiquos
1875 2724 2269 2785 iudicaturus

134 2827 139 2832 ·
200 2818 253 2859 eo
270 2822 427 2879 sum,
456 2810 660 2864 utrum
683 2804 807 2865 sint
825 2803 948 2867 τοῦ
976 2802 1282 2887 [ποιητοῦ
1302 2824 1386 2868 an
1408 2802 2077 2889 παρεμβεβλημένοι]
2126 2805 2269 2867 Item

272 2887 342 2947 ad
373 2886 659 2949 Atticum:
705 2886 802 2950 De
829 2888 1015 2953 Nicia
1044 2891 1213 2970 quod
1248 2890 1508 2968 scribis,
1552 2892 1612 2952 si
1644 2891 1735 2952 ita
1764 2910 1860 2953 me
1886 2891 2172 2951 haberem
2204 2897 2276 2952 ut

270 2972 402 3033 eius
432 2971 812 3035 humanitate
848 2974 985 3053 frui
1003 2993 1279 3053 possem,
1323 2974 1388 3036 in
1415 2977 1638 3054 primis
1681 2976 1895 3038 vellem
1934 2994 2165 3036 mecum
2195 2975 2267 3036 il·

268 3057 391 3118 lum
418 3055 694 3129 habere,·
737 3058 852 3118 sed
875 3060 1026 3120 mihi
1064 3058 1333 3121 solitudo
1381 3066 1440 3120 et
1470 3077 1757 3121 recessus
1787 3059 2120 3139 provincia
2158 3066 2266 3120 est.

268 3141 609 3202 Praeterea
655 3143 823 3204 nosti
867 3142 1089 3205 Niciae
1131 3144 1334 3205 nostri
1375 3144 1880 3222 imbecillitatem,
1926 3143 2266 3220 mollitiam,

203 3242 251 3283 ss
272 3226 768 3287 consuetudinem
795 3227 1010 3290 victus.
1065 3225 1193 3287 Cur
1228 3244 1375 3307 erqo
1410 3228 1508 3289 illi
1545 3227 1837 3290 molestus
1872 3245 2007 3289 esse
2051 3227 2269 3307 [velim‚

273 3327 405 3369 cum
434 3310 583 3371 mihi
608 3310 714 3371 ille
751 3310 1056 3373 iucundus
1086 3327 1225 3372 esse
1262 3312 1410 3390 non]
1440 3310 1688 3389 possit?
1741 3309 2036 3373 Voluntas
2071 3318 2271 3371 tamen

272 3392 407 3452 eius
442 3393 592 3535 militi
606 3403 797 3473 yrata
828 3403 935 3458 est.
995 3396 1172 3455 Huius
1217 3394 1251 3453 d
1273 3412 1306 3453 e
1335 3394 1622 3457 Lucilio
1657 3395 1841 3457 libros
1872 3397 2037 3456 etiam
2071 3394 2272 3453 Santra

275 3492 512 3547 compro
559 3486 634 3537 at.
