2553 3960
250 147 370 208 264
750 156 809 204 c,
842 155 1223 204 suu‘romus
1256 154 1747 215 TRANQmLLus

168 325 231 378 15
375 310 668 388 LenaeuS,
713 310 909 389 Magni
940 311 1180 390 Pompei
1224 309 1465 369 libertus
1506 318 1563 369 et
1599 327 1750 388 pene
1790 311 2031 368 omnium
2071 326 2251 387 expe·

251 395 523 456 ditionum
559 409 786 472 comes,
833 394 1107 455 defuncto
1147 412 1220 455 eo
1257 393 1508 472 filiisque
1544 394 1669 453 eius
1700 393 1903 453 schola
1932 411 1997 452 se
2029 401 2253 451 susten-

250 480 416 546 tavit;
450 477 759 559 docuitque
794 480 850 538 in
883 477 1106 539 Carinis
1150 477 1219 538 ad
1253 477 1535 554 Telluris,
1577 479 1634 537 in
1665 495 1775 555 qua
1813 478 2058 554 regione
2090 477 2253 537 Pom-

252 563 512 642 peiorum
544 561 746 622 domus
778 563 998 639 fuerat,
1044 580 1115 622 ac
1149 570 1307 622 tanto
1347 579 1544 622 amore
1585 578 1728 638 erga
1771 563 1998 639 patroni
2037 577 2252 620 memo·

249 650 390 708 riam
422 646 640 724 extitit,
673 655 733 707 ut
762 646 1094 709 Sallustium
1125 646 1493 723 historicum,
1537 645 1693 723 quod
1723 663 1851 704 eum
1885 645 2014 705 oris
2040 643 2252 723 probi,
2287 673 2311 711 ε.

252 730 454 792 animo
498 729 910 791 inverecundo
954 731 1325 810 scripsisset,
1384 729 1759 790 acerbissima
1800 738 1992 805 satyra
2032 729 2254 789 lacera·

249 816 427 891 verit,
460 813 808 876 laetam-um
837 820 896 876 et
930 813 1242 879 lun-eonem
1272 821 1331 875 et
1375 813 1736 879 nebulonem
1767 811 2260 892 popinonemque

252 898 583 978 appellans,
621 906 680 959 et
708 899 842 960 vita
871 899 1242 979 scriptisque
1285 907 1727 973 monstrosum,
1758 903 2097 976 praeterea
2121 898 2254 975 pri-

251 1000 495 1044 scorum
523 979 1254 1064 Catonisque‘oerbmm
1283 981 1825 1043 ineruditi-§simma
1845 979 2067 1060 furem.
2120 979 2256 1041 Tra-

252 1066 400 1127 ditur
436 1075 624 1127 autem
661 1086 804 1145 puer
838 1067 1025 1129 adhuc
1062 1068 1308 1128 Athenis
1349 1076 1682 1146 surreptus,
1727 1066 2017 1143 refugisse
2058 1065 2114 1125 in
2159 1083 2257 1144 pa·
2287 1081 2334 1122 ιο

251 1151 447 1226 triam,
481 1152 896 1229 perceptisque
928 1151 1265 1212 liberalibus
1295 1151 1648 1230 disciplinis,
1699 1151 1944 1229 pretium
1977 1167 2137 1209 suum
2169 1167 2259 1208 re-

253 1233 483 1308 tulisse,
537 1251 736 1294 verum
781 1234 855 1294 ob
904 1235 1197 1313 ingenium
1241 1245 1415 1314 atque
1460 1235 1781 1296 doctrinam
1829 1235 2014 1313 gratis
2060 1251 2256 1293 manu-

251 1336 479 1379 m1ssus.

171 1417 237 1471 15
382 1401 452 1476 Q.
480 1400 776 1465 Caecilius
796 1401 1072 1482 Epirota,
1113 1402 1348 1464 Tusculi
1371 1412 1571 1480 natus,
1620 1401 1862 1463 libertus
1885 1400 2065 1462 Attici
2100 1402 2259 1480 equi-

254 1486 326 1545 tis
371 1486 647 1564 Romani,
694 1486 763 1548 ad
810 1505 979 1565 quem
1021 1496 1152 1547 sunt
1193 1486 1499 1549 Ciceronis
1543 1486 1865 1567 epistolae,
1916 1504 2044 1548 cum
2089 1485 2263 1546 filiam
2289 1495 2338 1535 ¹⁵

256 1573 482 1648 patroni
519 1580 751 1650 nuptam
785 1571 860 1633 M.
896 1571 1200 1651 Agrippae
1230 1572 1504 1649 doceret,
1556 1580 1861 1651 suspectus
1894 1572 1951 1630 in
1984 1588 2054 1631 ea
2085 1578 2145 1630 et
2187 1568 2263 1630 ob

252 1654 368 1717 hoe
431 1664 715 1733 remotus,
780 1655 851 1717 ad
902 1655 1233 1718 Cornelium
1284 1656 1508 1717 Gallum
1564 1674 1632 1716 se
1703 1654 1969 1716 contulit.
2004 1655 2265 1732 vixitque

253 1755 364 1803 una
399 1737 878 1817 familiarissime,
926 1741 1078 1820 quod
1118 1742 1233 1820 ipsi
1265 1740 1431 1802 Gallo
1464 1743 1613 1800 inter
1654 1739 1995 1818 gravissima
2030 1739 2266 1798 crimina

253 1821 328 1882 ab
350 1821 616 1900 Augusto
654 1822 942 1885 obiicitur.
1015 1825 1155 1886 Post
1197 1824 1403 1887 deinde
1445 1823 1864 1887 damnationem
1905 1831 2265 1901 mortemque

256 1904 402 1967 Galli
428 1905 691 1968 scholam
714 1911 970 1988 aperuit,
996 1908 1100 1969 sed
1120 1909 1197 1971 ita
1226 1919 1286 1969 ut
1317 1910 1518 1990 paucis
1551 1917 1610 1971 et
1638 1917 1850 1969 tantum
1880 1905 2265 1967 adulescenti·
2287 1917 2341 1958 ²0

255 1990 362 2054 bus
388 1993 791 2070 praeciperet,
825 2003 1193 2073 praetextato
1227 1994 1474 2070 nemini,
1504 1995 1610 2053 nisi
1642 1994 1691 2054 si
1723 1995 1884 2053 cuius
1907 1993 2130 2072 parenti
2153 1991 2268 2051 hoc

256 2074 510 2136 officium
533 2093 754 2152 negare
778 2093 891 2136 non
922 2089 1144 2158 posset.
1204 2079 1423 2139 Primus
1445 2078 1651 2139 dicitur
1673 2077 1871 2139 Latine
1901 2094 1977 2135 ex
2001 2084 2268 2153 tempore

256 2156 614 2235 disputasse,
661 2160 992 2240 primusque
1016 2163 1327 2240 Virgilium
1359 2171 1418 2223 et
1450 2162 1600 2223 alios
1643 2170 1851 2240 poetas
1882 2176 2069 2220 novos
2102 2177 2266 2238 prae-

255 2241 463 2318 legere
494 2243 802 2322 coepisse,
832 2246 987 2324 quod
1019 2247 1187 2308 etiam
1209 2247 1442 2308 Domitii
1473 2246 1647 2308 Marsi
1675 2245 2002 2305 versiculus
2028 2243 2268 2304 indicat:

683 2334 917 2404 Epirota
932 2378 946 2405 ,
981 2337 1298 2392 tortellorum
1336 2337 1615 2392 nutricula
1639 2340 1842 2391 vatum.
2288 2348 2343 2389 2⁵

175 2417 238 2472 17
382 2411 457 2473 Μ.
506 2413 745 2472 Verrius
789 2413 1040 2476 Flaccus
1097 2415 1397 2476 libertinus
1447 2414 1693 2476 docendi
1751 2432 1974 2494 genere
2025 2415 2272 2472 maxime

259 2497 482 2557 elaruit.
551 2495 812 2575 Namque
845 2499 915 2566 ad
950 2499 1320 2560 exercitanda
1353 2499 1691 2560 discentium
1733 2499 1965 2576 ingenia
1993 2497 2270 2575 aequales

258 2581 407 2641 inter
447 2598 514 2640 se
557 2582 915 2643 committere
971 2583 1231 2661 solebat,
1287 2584 1591 2664 proposita
1638 2599 1753 2642 non
1808 2581 1992 2641 solum
2032 2583 2273 2641 materia

258 2682 424 2745 quam
456 2665 815 2743 scriberent,
839 2666 946 2726 sed
972 2676 1030 2726 et
1056 2667 1313 2746 praemio
1344 2667 1501 2747 quod
1525 2668 1713 2727 victor
1736 2666 2013 2726 auferret.
2058 2664 2122 2725 Id
2147 2672 2273 2723 erat

257 2748 407 2812 liber
437 2748 647 2828 aliquis
680 2751 976 2829 antiquus,
1009 2751 1252 2830 pulcher
1284 2761 1378 2812 aut
1406 2751 1612 2812 rarior.
1676 2751 1870 2826 Quare
1901 2749 1974 2810 ab
2003 2747 2270 2826 Augusto
2289 2770 2347 2812 so

258 2851 488 2912 quoque
520 2832 832 2913 nepotibus
862 2836 986 2894 eius
1012 2844 1366 2914 praeceptor
1388 2835 1645 2910 electus,
1669 2835 1894 2895 transiit
1916 2835 1973 2893 in
1997 2833 2272 2893 Palatium

259 2936 385 2977 cum
417 2926 539 2979 tota
570 2917 808 2995 schola,
852 2937 1052 2978 verum
1096 2928 1156 2980 ut
1202 2938 1275 2979 ne
1320 2938 1490 2998 quem
1534 2919 1779 2997 amplius
1824 2916 2071 2997 posthac
2103 2916 2273 2976 disci-

256 3001 450 3080 pulum
488 3003 810 3081 reciperen
854 3001 1164 3081 docuitque
1208 3005 1264 3063 in
1313 3006 1459 3064 atrio
1493 3002 1792 3065 Catulinae
1840 3002 2073 3078 domus,
2127 3017 2274 3079 quae

258 3101 392 3162 pars
427 3085 627 3146 Palatii
661 3095 797 3147 tunc
833 3096 990 3164 erat,
1022 3096 1082 3146 et
1118 3097 1364 3148 centena
1396 3090 1668 3149 sestertia
1701 3087 1758 3146 in
1788 3104 1993 3147 annum
2026 3085 2273 3163 accepit.

253 3167 528 3229 Decessit
571 3172 776 3230 aetatis
826 3180 1070 3233 exactae
1112 3171 1217 3231 sub
1250 3171 1507 3233 Tiberio.
1584 3173 1839 3232 Statuam
1881 3169 2056 3230 habet
2096 3169 2270 3229 Prae·
2294 3176 2350 3218 ³⁵

258 3259 451 3326 ueste,
495 3254 551 3310 in
594 3257 896 3331 superiore
937 3256 1050 3316 fori
1081 3265 1246 3335 parte
1286 3258 1440 3317 circa
1477 3256 1911 3331 hemicyclium,
1956 3256 2012 3312 in
2044 3270 2159 3331 quo
2192 3252 2277 3311 sa-

260 3341 384 3392 stos
414 3352 446 3392 a
476 3352 541 3393 se
575 3335 869 3398 ordinatos
901 3349 959 3399 et
993 3357 1318 3400 marmoreo
1358 3343 1560 3421 parieti
1595 3340 1812 3399 incisos
1845 3337 2188 3418 publicarat.

178 3423 240 3476 18
385 3415 449 3473 L.
472 3414 825 3495 Crassicius,
852 3439 1074 3498 genere
1099 3424 1466 3501 Tarentinus,
1494 3425 1708 3485 ordinis
1734 3422 2018 3497 libertini,
2057 3436 2269 3496 cogno-
