2553 3960
1078 265 1419 314 'rme-mus.
2132 254 2249 317 107

248 418 336 478 uti
377 416 644 494 solebat,
694 418 822 496 regi
851 418 1162 479 videretur.
1224 419 1377 480 Tulit
1409 422 1581 480 etiam
1608 420 1951 499 perindigne
1982 430 2169 481 actum
2198 423 2256 481 in

254 509 491 577 senatu,
536 509 596 559 ut
634 501 814 561 titulis
860 504 979 562 suis
1022 504 1184 582 quasi
1215 504 1497 581 Augusti,
1541 506 1617 565 ita
1661 514 1720 565 et
1746 504 2001 565 Liviae
2043 505 2257 565 filius

253 584 603 648 adiceretur.
663 586 857 660 Quare
894 603 1011 646 non
1056 596 1438 666 parentem
1470 590 1753 666 patriae
1788 588 2106 667 appellari,
2139 606 2257 649 non

251 669 430 729 ullum
468 669 751 746 insignem
785 668 1063 731 honorem
1097 672 1367 748 recipere
1403 671 1637 750 publice
1668 690 1878 750 passus
1909 682 2027 741 cst3
2060 671 2165 732 sed
2198 680 2257 732 et

203 754 595 831 sfrequenter
638 752 956 831 admonuit,
996 754 1310 814 maioribus
1354 774 1464 815 nec
1497 755 1742 814 feminae
1779 756 2255 816 convenientibus

255 836 511 913 negotiis
540 835 892 914 abstineret,
929 839 1246 917 praecipue
1272 847 1334 897 ut
1357 838 1771 915 animadvertit,
1801 840 2070 900 incendio
2099 842 2258 900 iuxta

255 919 460 980 aedem
495 921 712 981 Vestae
756 930 815 980 et
858 923 1044 999 ipsam
1083 923 1467 981 intervenisse
1509 922 1899 1001 populumque
1937 933 1994 984 et
2021 924 2254 1000 milites,

256 1020 372 1083 quo
402 1004 627 1063 enixius
657 1021 832 1082 opem
863 1006 1102 1081 ferrent,
1135 1004 1510 1082 adhortatam,
1541 1008 1690 1065 sicut
1713 1007 1817 1066 sub
1846 1010 2051 1068 marito
2086 1008 2257 1068 solita

255 1096 436 1147 esset.
492 1086 720 1147 Dehinc
751 1088 822 1148 ad
857 1088 1197 1148 simultatem
1224 1087 1736 1168 usqueproce‘ssit
1768 1091 1910 1168 hac,
1949 1100 2010 1150 ut
2045 1090 2253 1167 ferunt,
2270 1096 2339 1154 51

180 1170 328 1238 mdc
372 1189 566 1231 causa.
623 1171 862 1233 Instanti
905 1173 1168 1252 saepius,
1217 1183 1280 1232 ut
1322 1175 1553 1234 civitate
1599 1173 1868 1234 donatum
1898 1176 1956 1233 in
1989 1174 2254 1234 decurias

253 1254 590 1333 adlegeret,
634 1258 871 1333 negavit
911 1256 1021 1317 alia
1067 1275 1130 1316 se
1180 1257 1511 1316 conditione
1557 1257 1941 1336 adlecturum,
1993 1276 2160 1337 quam
2207 1260 2255 1317 si

255 1347 554 1419 pateretur
597 1340 807 1399 ascribi
847 1340 1014 1416 albo,
1067 1346 1372 1400 extortum
1413 1341 1481 1400 id
1516 1340 1642 1402 sibi
1682 1359 1724 1402 a
1769 1348 1984 1402 matre.
2050 1340 2128 1401 At
2156 1341 2257 1401 illa

257 1431 545 1485 commota
587 1432 821 1484 veteres
865 1423 1143 1502 quosdam
1175 1424 1247 1485 ad
1276 1444 1343 1484 se
1374 1424 1622 1502 Augusti
1656 1425 1959 1486 codicillos
1990 1424 2063 1483 de
2096 1444 2255 1485 acer-

256 1507 437 1568 bitate
485 1516 545 1567 et
587 1507 954 1569 intolerantia
1000 1526 1221 1567 morum
1265 1510 1390 1567 eius
1435 1527 1468 1566 e
1511 1512 1767 1569 sacrario
1813 1510 2050 1587 protulit
2087 1517 2256 1586 atque

183 1606 239 1647 ιι
256 1592 545 1652 recitavit.
594 1591 717 1651 Hos
751 1600 810 1651 et
852 1592 1172 1652 custoditos
1216 1600 1331 1651 tam
1374 1591 1467 1651 diu
1508 1602 1564 1651 et
1603 1593 1993 1671 exprobratos
2027 1601 2139 1652 tam
2174 1592 2254 1649 in-

255 1676 412 1735 feste
471 1675 619 1737 adeo
670 1677 931 1753 graviter
986 1676 1146 1751 tulit,
1199 1684 1258 1733 ut
1308 1674 1532 1755 quidam
1578 1685 1808 1754 putent,
1862 1677 2010 1734 inter
2054 1692 2257 1735 causas

259 1776 534 1819 secessus
567 1758 716 1819 hanc
747 1762 801 1818 ei
837 1760 933 1819 vel
958 1760 1330 1837 praecipuam
1361 1761 1560 1819 fuisse.
1631 1758 1781 1818 Toto
1818 1758 2045 1837 quidem
2086 1760 2257 1817 trien·

259 1843 391 1919 nio,
451 1859 564 1923 quo
611 1845 842 1902 vivente
888 1852 1068 1903 matre
1108 1844 1275 1920 afuit,
1331 1843 1512 1903 semel
1555 1843 1785 1902 omnino
1829 1861 1956 1903 eam
1989 1861 2101 1901 nec
2146 1859 2256 1901 am·
2299 1842 2304 1847 ’

261 1926 412 2005 plius
447 1944 616 2007 quam
659 1944 773 1987 uno
817 1926 910 1987 die
952 1928 1315 2005 paucissimis
1361 1926 1501 1987 vidit
1543 1926 1735 1996 horis;
1781 1945 1850 1988 ac
1891 1944 2028 1986 mox
2069 1943 2258 2005 neque

185 2032 244 2072 20
261 2028 479 2088 aegrae
534 2010 740 2071 adesse
790 2013 1010 2072 curavit
1047 2012 1490 2091 defunctamque
1536 2020 1625 2089 et,
1673 2011 1803 2071 dum
1847 2011 2129 2071 adventus
2170 2009 2259 2068 sui

261 2111 428 2174 spem
485 2095 659 2170 facit,
717 2095 1091 2174 complurium
1147 2095 1366 2155 dierum
1407 2112 1570 2156 mora
1614 2105 1888 2175 corrupto
1933 2094 2155 2161 demum
2200 2100 2261 2152 et

259 2177 459 2239 tabido
524 2195 775 2257 corpore
833 2180 1150 2240 funeratam
1206 2180 1498 2257 prohibuit
1550 2181 1920 2257 consecrari,
1993 2181 2153 2258 quasi
2202 2176 2260 2236 id

259 2263 389 2341 ipsa
413 2261 760 2322 mandasset.
812 2262 1233 2323 Testamentum
1268 2281 1502 2342 quoque
1538 2265 1663 2322 eius
1700 2281 1808 2341 pro
1845 2265 2006 2323 irrito
2044 2262 2256 2336 habuit,

262 2347 562 2424 omnisque
596 2346 873 2407 amicitias
919 2355 977 2405 et
1018 2346 1461 2424 familiaritateS,
1498 2350 1666 2407 etiam
1702 2347 1908 2425 quibus
1936 2365 2007 2407 ea
2042 2346 2259 2405 funeris

189 2431 351 2492 assui
376 2447 570 2489 curam
599 2430 851 2490 moriens
871 2430 1336 2507 demandaverat,
1364 2433 1513 2490 intra
1551 2431 1732 2490 breve
1771 2440 1997 2508 tempus
2036 2429 2259 2502 afflixit,

265 2532 378 2575 uno
413 2532 488 2573 ex
524 2515 616 2590 iis,
654 2516 939 2593 equestris
979 2514 1193 2574 ordinis
1223 2516 1373 2592 vir0,
1409 2523 1469 2574 et
1501 2516 1558 2573 in
1597 2514 1826 2575 antliam
1858 2513 2258 2574 condemnato.

389 2597 665 2658 Filiorum
704 2617 894 2677 neque
921 2598 1236 2658 naturalem
1261 2598 1507 2657 Drusum
1537 2615 1727 2675 neque
1758 2597 2089 2674 adoptivum
2123 2595 2258 2656 Ger·
2278 2610 2345 2662 52

262 2682 543 2743 manicum
586 2683 769 2761 patria
814 2682 1052 2742 caritate
1080 2682 1302 2760 dilexit,
1337 2682 1572 2742 alterins
1604 2683 1754 2740 vitiis
1795 2680 2072 2739 infensus.
2116 2678 2261 2738 Nam

261 2766 484 2826 Drusus
512 2766 772 2826 fluxioris
814 2767 1279 2844 remissiorisque
1321 2767 1472 2826 vitae
1503 2773 1643 2825 erat.
1710 2764 1910 2842 Itaque
1936 2782 2008 2823 ne
2035 2770 2260 2838 mortuo

194 2863 248 2904 so
269 2848 498 2930 quidem
542 2849 781 2929 perinde
812 2849 1074 2910 adfectus
1106 2859 1215 2926 est,
1249 2849 1353 2909 sed
1388 2858 1600 2909 tantum
1629 2867 1746 2909 non
1774 2850 1963 2908 statim
1994 2865 2026 2906 a
2059 2847 2262 2905 funere

266 2933 337 2995 ad
391 2935 760 3011 negotiorum
819 2934 1289 2994 consuetudinem
1345 2933 1546 3009 rediit,
1604 2933 1817 2993 iustitio
1863 2932 2135 3008 longiore
2179 2930 2262 2988 in·

265 3017 468 3078 hibito.
537 3017 683 3091 Quin
731 3028 789 3077 et
828 3017 1119 3078 Iliensium
1151 3017 1361 3095 legatis
1390 3017 1564 3098 paulo
1593 3019 1779 3077 serius
1811 3013 2264 3091 consolantibuS,

267 3103 430 3182 quasi
483 3101 788 3163 obliterata
838 3105 950 3162 iam
1004 3101 1224 3162 doloris
1265 3103 1572 3177 memoria,
1627 3100 1874 3160 irridens
1917 3116 1987 3158 se
2029 3116 2268 3178 quoque

267 3184 568 3264 respondit
601 3185 791 3246 vicem
829 3203 1039 3246 corum
1073 3184 1285 3264 dolere
1281 3230 1318 3277 ὁ
1360 3184 1528 3264 quod
1558 3183 1867 3264 egregium
1909 3183 2098 3244 civem
2140 3179 2262 3243 Hc-

200 3276 499 3331 stctorem
539 3268 908 3330 amisissent.
975 3269 1314 3331 Germanico
1357 3286 1539 3348 usque
1586 3267 1733 3329 adeo
1780 3267 2156 3342 obtrectavit‚
2206 3273 2267 3323 ut

267 3361 326 3415 et
376 3352 682 3432 praeclara
731 3354 885 3415 facta
931 3356 1053 3414 eius
1092 3371 1201 3433 pro
1248 3353 1625 3431 supervacuis
1664 3352 1909 3413 elevarit
1949 3359 2007 3410 et
2047 3349 2263 3427 glorio·

268 3436 530 3497 sissimas
586 3438 860 3498 victorias
913 3455 1019 3497 ceu
1077 3435 1382 3498 damnosas
1435 3437 1524 3496 rei
1567 3455 1625 3516 p.
1668 3437 2018 3515 increparet.
2098 3427 2267 3502 Quod

268 3537 412 3580 vero
460 3520 885 3582 Alexandream
924 3530 1167 3600 propter
1207 3521 1537 3580 immensam
1577 3530 1635 3579 et
1673 3518 2032 3596 repentinam
2060 3512 2265 3571 famem
