2553 3960
259 234 380 298 132
447 246 508 296 ο.
540 243 838 295 snm-om
866 244 1121 305 TRANQ.
1155 244 1251 291 mc
1279 245 1447 293 vrrA
1479 243 1849 293 CAESARUM
1879 246 2018 293 nm.
2047 244 2179 294 mr.

256 404 470 464 seriem
501 417 976 479 recognoscens,
1029 398 1239 460 nullius
1271 401 1540 481 inspecto
1575 400 1808 477 elogio,
1863 407 2024 460 stans
2052 408 2268 461 tantum

254 486 427 547 modo
490 486 636 546 intra
694 486 979 566 porticum
1024 483 1300 561 mediam,
1354 501 1395 545 a
1450 484 1630 546 calvo
1692 483 1781 547 ad
1838 483 2084 545 calvum
2136 483 2269 547 duci

253 572 578 651 imperavit.
666 565 879 631 Votuin
910 568 1110 645 exegit
1143 568 1215 629 ab
1250 585 1356 647 eo,
1422 569 1518 648 qni
1547 585 1658 648 pro
1689 568 1874 628 salute
1911 587 2014 629 sua
2043 566 2265 646 gladia-

251 656 463 717 toriam
504 671 744 734 operam
785 653 1168 734 promiserat,
1226 654 1633 732 spectavitque
1675 652 1836 713 ferro
1883 651 2264 730 dimicantem,

252 758 365 800 nec
413 738 625 800 dimisit
675 738 784 797 nisi
824 738 1104 798 victorem
1137 745 1197 797 et
1236 746 1375 817 post
1408 736 1613 798 multas
1657 754 1892 816 preces.
1979 735 2314 815 Alterum,s

256 824 353 904 qui
394 841 460 883 se
512 823 827 903 periturum
877 839 948 882 ea
990 820 1064 881 de
1111 838 1288 883 causa
1321 830 1600 898 voverat,
1655 828 2018 881 cunctantem
2068 822 2267 900 pueris

251 907 510 978 tradidit;
581 903 957 967 verbenatum
1005 904 1418 984 infulatumque
1477 914 1672 967 votum
1728 914 2115 985 reposcentes
2161 924 2270 984 per

251 993 416 1053 vicos
474 998 746 1070 agerent,
804 988 993 1070 quoad
1054 990 1539 1069 praecipitaretur
1596 1008 1670 1050 ex
1722 1006 1966 1068 aggere.
2053 989 2264 1051 Multos

249 1075 479 1138 honesti
509 1072 760 1151 ordinis,
824 1072 1179 1134 deformatos
1223 1075 1383 1154 prius
1425 1074 1752 1152 stigmatum
1788 1074 1976 1152 notis,
2033 1072 2104 1134 ad
2147 1091 2264 1132 me·

251 1159 390 1221 talla
435 1166 494 1217 et
528 1157 871 1218 munitiones
916 1158 1134 1217 viarum
1184 1166 1282 1218 aut
1322 1157 1393 1219 ad
1424 1156 1641 1218 bestias
1680 1154 2114 1235 condemnavit,
2170 1164 2335 1218 aut1o

250 1242 564 1305 bestiarum
624 1257 790 1301 more
849 1239 1237 1321 quadripedes
1297 1261 1480 1304 cavea
1539 1242 1833 1319 coercuit,
1897 1250 1991 1302 aut
2038 1240 2262 1303 medios

252 1344 416 1389 serra
440 1324 757 1396 ,dissecuit3
798 1343 910 1386 nec
949 1342 1150 1386 omnes
1184 1326 1463 1405 gravibus
1500 1345 1577 1387 ex
1614 1327 1839 1403 causis,
1882 1344 2083 1387 verum
2112 1325 2261 1387 male

252 1411 325 1474 de
365 1428 601 1471 munere
653 1426 758 1470 suo
809 1412 1109 1491 opinatos,
1174 1409 1271 1471 vel
1324 1410 1478 1491 quod
1522 1428 1825 1491 numquam
1869 1428 1979 1490 per
2031 1411 2262 1490 genium

248 1514 410 1557 suum
440 1495 820 1555 deierassent.
909 1493 1188 1555 Parentes
1225 1495 1517 1576 supplicio
1552 1494 1802 1557 filiorum
1845 1495 2132 1555 interesse
2164 1511 2260 1554 co·

249 1578 457 1660 gebat;
521 1597 761 1659 quorum
811 1579 907 1639 uni
963 1578 1337 1640 valitudinem
1402 1580 1704 1642 excusanti
1765 1578 2035 1640 lecticam
2089 1577 2260 1656 misit,
2281 1592 2335 1634 ιε,

249 1664 418 1726 alium
453 1683 485 1725 a
518 1662 861 1744 spectaculo
905 1680 1132 1744 poenae
1166 1663 1355 1745 epulis
1396 1665 1586 1725 statim
1618 1661 1877 1726 adhibuit
1911 1671 2081 1743 atque
2111 1664 2264 1723 omni

251 1749 520 1809 comitate
551 1745 623 1809 ad
655 1747 1003 1809 hilaritatem
1023 1756 1101 1808 *et
1133 1748 1300 1809 iocos
1343 1749 1706 1829 provocavit.
1765 1745 2107 1810 curatorem
2144 1764 2261 1807 mu-

247 1849 447 1893 nerum
489 1849 559 1892 ac
591 1833 983 1910 venationum,
1037 1850 1146 1911 per
1184 1834 1491 1894 continuos
1535 1832 1660 1894 dies
1696 1833 1754 1893 in
1790 1839 2110 1912 conspectu
2154 1847 2261 1892 suo

250 1916 470 1978 catenis
506 1915 905 1995 verberatum,
950 1933 1067 1976 non
1112 1917 1272 1997 prius
1305 1916 1522 1979 occidit
1560 1935 1729 1998 qnam
1768 1916 2023 1977 offensus
2065 1923 2260 1996 putre-

245 2001 386 2063 facti
419 1998 650 2061 cerebri
678 1999 883 2060 odore.
959 2000 1267 2063 Atellanae
1311 2011 1544 2081 poetam
1575 2001 1653 2062 ob
1697 1999 1948 2080 ambigui
1976 2002 2093 2062 ioci
2129 2008 2330 2061 ver-2⁰

246 2084 487 2146 siculum
524 2083 711 2145 media
741 2084 1144 2164 amphitheatri
1179 2086 1397 2148 harena
1440 2086 1562 2165 igni
1610 2088 1906 2148 cremavit.
1993 2084 2262 2165 Equitem

242 2169 314 2231 R.
367 2168 655 2228 obiectum
699 2167 873 2246 feris,
936 2186 1063 2229 cum
1122 2189 1187 2231 se
1227 2172 1598 2233 innocentem
1653 2169 2114 2251 proclamasset,
2169 2187 2260 2230 re-

160 2252 432 2330 28duxit,
496 2249 844 2331 abscisaque
885 2251 1083 2332 lingua
1124 2273 1326 2316 rursus
1364 2254 1603 2316 induxit.
1691 2255 2053 2317 Revocatum
2084 2270 2259 2334 quen·

246 2336 373 2397 dam
427 2353 463 2397 a
515 2345 718 2397 vetere
778 2334 956 2397 exilio
1015 2338 1375 2417 sciscitatus,
1436 2337 1705 2419 quidnam
1752 2337 1834 2399 ibi
1879 2338 2081 2399 facere
2125 2354 2258 2398 con-

243 2428 505 2498 suesset,
569 2418 964 2501 respondente
1018 2440 1090 2484 eo
1142 2440 1250 2502 per
1303 2422 1717 2486 adulationem:
1790 2422 1962 2484 Deos
2017 2439 2330 2500 semper-25

242 2504 430 2567 oravi
454 2509 554 2582 ut,
600 2503 771 2585 quod
804 2503 1028 2584 evenit,
1064 2506 1307 2587 periret
1343 2505 1658 2584 Tiberius,
1713 2514 1771 2569 et
1796 2513 1860 2568 tu
1887 2507 2278 2589 imperares,

243 2588 488 2669 opinans
541 2587 653 2649 sibi
697 2606 929 2671 quoque
974 2591 1180 2653 exules
1232 2608 1372 2652 suos
1413 2600 1659 2652 mortem
1709 2591 2053 2672 imprecari,
2109 2590 2262 2650 misit

243 2674 458 2734 circum
486 2673 738 2753 insulas,
795 2674 892 2755 qui
921 2677 1229 2736 universos
1275 2674 1766 2737 contrucidarent.
1830 2673 1974 2735 Cum
2002 2673 2260 2752 discerpi

239 2767 573 2820 senatorem
629 2758 1032 2838 concupisset,
1103 2758 1474 2837 subornavit,
1532 2762 1629 2839 qui
1679 2759 2103 2838 ingredientem
2163 2776 2258 2817 cu-

238 2842 381 2904 riam
411 2850 658 2923 repente
702 2842 930 2902 hostem
962 2844 1257 2923 publicum
1291 2844 1659 2924 appellantes
1697 2842 2070 2919 invaderent,
2124 2858 2257 2922 gra·
2278 2852 2329 2894 3⁰

240 2926 490 3008 phisqne
527 2927 861 2988 confossum
909 2925 1280 2991 lacerandum
1329 2932 1543 2989 ceteris
1598 2927 1922 2996 traderent;
1968 2945 2078 2987 nec
2126 2932 2257 2987 ante

241 3013 477 3072 satiatus
510 3020 601 3073 est
635 3028 806 3092 quam
835 3012 1092 3075 membra
1137 3022 1195 3073 et
1226 3022 1381 3074 artus
1414 3022 1474 3074 et
1516 3014 1749 3074 viscera
1788 3011 2038 3074 hominis
2073 3017 2258 3071 tracta

154 3102 351 3171 29per
392 3096 557 3155 vicos
615 3106 789 3176 atque
853 3107 985 3159 ante
1041 3117 1108 3159 se
1161 3106 1445 3176 congesta
1497 3097 1759 3158 vidisset.
1846 3094 2258 3158 Immanissima

240 3175 394 3236 facta
449 3178 701 3255 augebat
751 3184 1055 3245 atrocitate
1105 3182 1436 3243 verborum.
1522 3180 1680 3241 Nihil
1722 3180 1909 3259 magis
1950 3180 2007 3240 in
2056 3186 2260 3239 natura

240 3275 345 3319 sna
382 3256 617 3355 laudare
657 3281 722 3323 se
771 3282 842 3325 ac
895 3268 1151 3348 probare
1191 3264 1424 3327 dicebat
1465 3283 1666 3346 quam,
1728 3274 1788 3326 ut
1829 3263 2016 3343 ipsius
2068 3259 2327 3322 verbo³5

239 3349 397 3418 utar,
453 3338 891 3424 αδιατρεψίαν
940 3351 1080 3432 [hoc
1122 3359 1212 3410 est
1240 3348 1756 3428 inverecundiaml.
1843 3347 2105 3409 Monenti
2136 3344 2254 3405 An-

238 3427 432 3521 toniae
466 3427 627 3487 aviae
660 3437 946 3510 tamquam
989 3453 1187 3516 parum
1228 3445 1389 3495 esset
1422 3452 1541 3494 non
1580 3431 1893 3494 oboedire:
1954 3429 2255 3493 Memento

240 3513 320 3565 alt
361 3506 571 3569 omnia
610 3510 761 3572 mihi
808 3524 868 3576 et
901 3519 968 3580 in
1010 3518 1208 3581 omnis
1247 3517 1474 3579 licere!
1534 3515 1947 3579 Trucidaturus
1990 3515 2256 3588 fratrem,
