2553 3960
334 231 457 293 220
507 244 568 293 Ο.
595 243 904 294 SUETONI
926 243 1186 300 TRANQ.
1211 242 1308 288 DE
1329 241 1498 289 VITA
1522 239 1894 288 CAESARUM
1918 239 2057 287 12113.
2087 238 2206 287 vn.

337 406 526 476 ceret,
559 398 967 476 inchoantique
1001 396 1338 457 Neroniana
1369 396 1593 457 cantica
1624 394 1841 474 primus
1865 393 2130 454 exultans
2158 393 2335 454 etiam

169 486 176 492 '
247 490 314 545 12
337 485 569 564 plausit.
632 482 869 543 Talibus
901 481 1232 561 principiis,
1267 498 1534 558 magnam
1567 479 1792 558 imperii
1834 487 2060 557 partem
2101 478 2333 538 nonnisi

333 567 580 628 consilio
620 575 678 627 et
713 566 953 626 arbitrio
992 566 1255 625 vilissimi
1307 565 1585 643 cuiusque
1628 562 1969 624 histrionum
2012 570 2072 621 et
2102 564 2329 639 auriga·

329 670 452 713 rum
495 651 938 727 administravit,
994 659 1052 709 et
1085 650 1332 709 maxime
1377 648 1619 708 Asiatici
1663 647 1876 707 liberti.
1933 646 2098 707 Hunc
2133 645 2328 706 adule-

330 736 652 797 scentulum
681 744 869 796 mutua
890 733 1126 794 libidine
1149 741 1599 812 constupratum,
1632 749 1772 791 mox
1797 731 1992 792 taedio
2018 730 2330 809 profugum
2354 746 2380 786 s

332 839 460 881 cum
488 819 747 881 Puteolis
789 836 1032 898 poscam
1073 817 1422 878 vendentem
1463 815 1972 896 reprehendisset,
2016 815 2229 876 coiecit
2270 817 2328 874 in

332 904 651 984 compedes
682 905 990 982 statimque
1020 902 1198 963 solvit
1228 911 1287 961 et
1308 914 1507 970 rursus
1529 902 1586 960 in
1611 898 1841 960 deliciis
1863 899 2091 968 habuit;
2123 900 2327 959 iterum

331 988 539 1049 deinde
572 987 648 1049 ob
679 988 907 1048 nimiam
940 987 1358 1047 contumaciam
1380 992 1451 1045 ‚et
1481 984 1849 1045 ferocitatem
1877 992 2182 1061 gravatus,
2217 984 2325 1043 cir-

333 1073 707 1133 cumforaneo
751 1070 996 1132 lanistae
1037 1069 1299 1130 vendidit
1340 1068 1693 1147 dilatumque
1739 1067 1809 1128 ad
1865 1069 2035 1129 linem
2075 1068 2327 1127 muneris

330 1165 578 1235 repente
607 1154 911 1234 subripuit,
945 1162 1003 1214 et
1030 1154 1335 1234 provincia
1356 1153 1591 1213 demum
1617 1161 1864 1232 accepta
1883 1151 2223 1229 manumisit,
2257 1169 2327 1212 ac
2349 1169 2400 1211 10

333 1243 516 1320 primo
548 1238 775 1317 imperii
808 1238 901 1299 die
934 1240 1126 1299 aureis
1157 1237 1395 1298 donavit
1434 1237 1620 1298 anulis
1663 1255 1841 1315 super
1885 1254 2155 1311 caenam,
2199 1253 2329 1295 cum

329 1341 519 1401 mane,
549 1322 892 1399 rogantibus
915 1339 1024 1401 pro
1048 1340 1124 1383 eo
1154 1323 1396 1398 cunctis,
1424 1321 1746 1381 detestatus
1772 1329 1931 1381 esset
1955 1320 2327 1380 severissime

331 1408 509 1483 talem
539 1407 832 1485 equestris
864 1406 1082 1467 ordinis
1117 1406 1420 1467 maculam.

248 1511 316 1563 13
454 1491 572 1552 Sed
604 1491 700 1550 vel
729 1492 1048 1569 praecipue
1080 1490 1343 1551 luxuriae
1375 1491 1769 1568 saevitiaeque
1815 1488 2073 1565 deditus,
2120 1487 2326 1567 epulas

329 1577 604 1637 trifariam
636 1593 887 1654 semper,
916 1574 1200 1636 interdum
1231 1574 1635 1654 quadrifariam
1666 1572 2074 1651 dispertiebat,
2118 1573 2175 1631 in
2207 1572 2326 1632 ien-
2346 1592 2394 1634 ιε

329 1660 519 1721 tacula
551 1668 611 1718 et
641 1659 882 1737 prandia
912 1667 970 1719 et
1001 1677 1214 1721 caenas
1241 1659 1820 1738 comissationesque,
1857 1657 2034 1718 facile
2064 1655 2327 1716 omnibus

331 1745 631 1805 sufficiens
685 1742 998 1804 vomitandi
1067 1743 1508 1804 consuetudine.
1586 1741 1886 1803 Indicebat
1934 1749 2125 1802 autem
2174 1739 2327 1802 aliud

331 1828 427 1889 alii
457 1827 662 1888 eadem
689 1827 803 1905 die,
836 1846 949 1887 nec
980 1830 1246 1906 cuiquam
1271 1829 1457 1888 minus
1489 1826 1702 1904 singuli
1723 1834 2035 1905 apparatus
2062 1825 2324 1905 quadrin-

331 1915 499 1992 genis
528 1911 757 1971 milibus
791 1929 1074 1972 nummum
1107 1913 1508 1972 constiterunt.
1565 1911 1977 1972 Famosissima
2007 1928 2185 1990 super
2227 1926 2323 1968 ce-

329 2006 487 2058 teras
514 1997 619 2057 fuit
655 2014 836 2057 caena
865 1996 996 2057 data
1032 1999 1085 2058 ei
1118 1997 1443 2058 adventicia
1477 2015 1509 2057 a
1538 1996 1748 2073 fratre,
1792 1997 1850 2055 in
1883 2014 1993 2075 qua
2026 1996 2139 2056 duo
2171 1994 2326 2054 milia
2341 2010 2397 2052 20

330 2081 775 2141 lectissimorum
832 2082 1108 2159 piscium,
1171 2089 1397 2160 septem
1450 2082 1638 2141 avium
1688 2082 1959 2159 apposita
2009 2079 2324 2140 traduntur.

328 2165 491 2226 Hanc
522 2181 754 2243 quoque
787 2168 1129 2244 exuperavit
1159 2166 1291 2244 ipse
1322 2164 1687 2225 dedicatione
1729 2165 1991 2243 patinae,
2041 2181 2207 2266 quam
2247 2159 2324 2222 ob

330 2252 660 2309 immensam
689 2249 1134 2326 magnitudinem
1169 2249 1431 2329 clipeum
1469 2248 1795 2310 Minervae
1832 2247 2199 2325 πολιουχου
2243 2245 2324 2305 di-

332 2330 588 2393 ctitabat.
635 2332 699 2392 In
725 2332 835 2393 hac
867 2352 1168 2395 scarorum
1197 2335 1479 2410 iocinera,
1514 2332 1920 2412 phasianarum
1951 2340 2008 2391 et
2036 2348 2324 2411 pavonum

333 2415 663 2493 cerebella,
707 2416 935 2494 linguas
978 2418 1604 2497 phoenicopterorum,
1639 2434 2001 2478 murenarum
2043 2416 2261 2491 lactes,
2291 2432 2396 2475 a2⁵

331 2500 560 2562 Parthia
592 2518 775 2581 usque
808 2501 1080 2580 fretoque
1109 2502 1430 2581 Hispanico
1463 2520 1570 2580 per
1601 2501 1928 2562 navarchos
1958 2518 2029 2560 ac
2055 2500 2325 2559 triremes

331 2587 659 2665 petitarum,
696 2587 1074 2647 commiscuit.
1132 2588 1210 2648 Ut
1243 2594 1432 2647 autem
1462 2586 1636 2646 homo
1666 2603 1782 2645 non
1808 2583 2127 2664 profundae
2147 2583 2323 2643 modo

332 2670 437 2730 sed
467 2672 911 2747 intempestivae
943 2688 1175 2750 quoquc
1207 2689 1280 2733 ac
1309 2670 1579 2731 sordidae
1608 2669 1805 2747 gulae,
1839 2686 1913 2728 ne
1941 2670 2001 2727 in
2031 2667 2322 2729 sacrificio

333 2752 561 2833 quidem
586 2771 851 2832 umquam
878 2764 974 2814 aut
999 2754 1204 2815 itinere
1233 2755 1355 2814 ullo
1387 2755 1752 2833 temperavit,
1783 2755 1918 2833 quin
1941 2753 2092 2813 inter
2123 2751 2324 2812 altaria

329 2837 541 2897 ibidem
573 2839 761 2897 statim
792 2840 989 2899 viscus
1020 2848 1078 2914 et
1105 2838 1140 2876 *
1169 2839 1343 2899 farris
1375 2857 1562 2918 paene
1591 2847 1758 2917 rapta
1781 2856 1814 2896 e
1838 2838 1979 2898 foco
2001 2836 2319 2910 manderet,
2341 2850 2394 2893 ao

332 2923 605 3001 circaque
647 2922 861 2982 viarum
905 2925 1155 3003 popinas
1195 2923 1469 2983 fumantia
1511 2921 1786 2998 obsonia,
1833 2920 1928 2981 vel
1957 2920 2215 3000 pridiana
2241 2928 2320 2978 at-

332 3026 445 3084 que
481 3024 731 3067 semesa.

251 3095 315 3151 14
457 3091 679 3151 Pronus
721 3108 867 3150 vero
918 3090 991 3151 ad
1043 3092 1457 3171 cuiuscumque
1513 3100 1571 3151 et
1620 3108 1981 3170 quacumque
2031 3089 2104 3153 de
2147 3106 2323 3151 causa

330 3189 535 3232 necem
566 3184 739 3252 atque
771 3175 1139 3254 supplicium,
1169 3175 1399 3236 nobiles
1427 3178 1619 3251 viros,
1669 3173 2105 3253 condiscipulos
2136 3181 2194 3233 et
2225 3190 2319 3233 ae-

330 3254 533 3331 quales
583 3275 756 3336 suoS,
810 3258 1073 3319 omnibus
1117 3258 1408 3320 blanditiis
1450 3268 1663 3319 tantum
1706 3277 1821 3319 non
1863 3258 1936 3319 ad
1981 3260 2320 3318 societatem
2337 3272 2388 3313 as

328 3338 554 3415 imperii
579 3336 978 3421 adlicefactos,
1009 3344 1174 3404 vario
1199 3362 1421 3421 genere
1446 3343 1663 3404 fraudis
1688 3342 1932 3411 occidit;
1959 3344 2127 3402 etiam
2151 3358 2321 3400 unum

327 3436 556 3513 yeneno
588 3435 755 3481 manu
790 3443 893 3486 sua
925 3437 1201 3506 porrecto
1233 3429 1290 3487 in
1329 3445 1512 3506 aquae
1543 3425 1791 3504 frigidae
1834 3428 2107 3506 potione,
2149 3441 2320 3503 quam

328 3516 381 3558 is
411 3500 675 3561 adfectus
705 3505 872 3567 febre
906 3521 1283 3590 poposcerat.
1344 3512 1483 3571 Tum
1514 3512 1945 3571 foeneratorum
1982 3517 2039 3569 et
2082 3508 2319 3587 stipula-
