2553 3960
347 237 471 299 236
504 251 562 299 c.
594 251 892 299 sumom
925 250 1182 309 TRANQ.
1213 250 1309 296 m:
1339 251 1503 298 vrrA
1537 250 1905 298 CAESARUM
1943 251 2079 299 Lm.
2105 251 2256 300 vm.

1026 585 1303 639 uivus
1366 583 1667 639 rmus.

288 766 312 816 1
476 739 656 816 Titus,
696 742 1046 818 cognomine
1081 750 1358 821 paterno,
1404 757 1565 801 amor
1596 758 1667 800 ac
1696 740 1948 800 deliciae
1979 742 2216 816 generis
2244 739 2349 802 hu-

346 826 519 900 mani,
559 825 814 903 (tantum—
840 825 921 884 illi
962 825 1032 886 ad
1073 824 1517 905 promerendam
1561 826 1811 884 omnium
1850 823 2203 883 voluntatem
2252 825 2350 887 vel

348 910 564 986 ingenii
597 909 694 968 vel
725 911 864 969 artis
889 909 983 968 vel
1009 909 1282 970 fortunae
1312 909 1615 988 superfuit,
1652 918 1731 984 et,
1771 907 1925 986 quod
1951 907 2348 969 difficillimum

348 1003 456 1069 est,
492 994 549 1050 in
579 993 857 1072 imperio;
891 992 1121 1072 quando
1156 995 1419 1073 privatus
1449 1003 1622 1071 atque
1658 994 1828 1052 etia-m
1861 991 1969 1051 sub
2000 1001 2167 1071 patre
2190 995 2346 1072 prin·

351 1079 481 1156 cipe
510 1094 585 1135 ne
614 1075 750 1136 odio
779 1077 1032 1155 quidem,
1066 1077 1273 1137 nedum
1304 1077 1736 1155 vituperatione
1769 1075 2005 1156 publica
2038 1076 2250 1155 caruit)
2374 1104 2403 1144 ε,

286 1177 319 1228 2
473 1158 653 1219 Natus
688 1170 776 1219 est
805 1160 906 1221 111.
938 1161 1011 1220 Kl
1065 1161 1184 1221 lan.
1232 1162 1446 1238 insigni
1491 1177 1640 1220 anno
1673 1160 1888 1221 Gaiana
1930 1178 2109 1236 nece,
2155 1178 2346 1240 prope

349 1245 775 1323 Septizonium,
825 1243 1074 1304 sordidis
1107 1243 1382 1322 aedibus,
1438 1244 1709 1305 cubiculo
1751 1262 1895 1304 vero
1949 1261 2241 1323 perparvo
2288 1254 2348 1305 et

349 1328 638 1396 obscuro;
678 1329 840 1408 (nam
867 1338 1063 1389 manet
1091 1328 1281 1389 adhuc
1310 1338 1370 1388 et
1397 1328 1751 1406 ostenditur)
1796 1328 2083 1388 educatus·
2114 1329 2172 1387 iu
2215 1329 2348 1390 aula

350 1430 477 1473 cum
504 1411 835 1473 Britannico
867 1413 1054 1490 simul,
1085 1431 1156 1473 ac
1189 1413 1425 1492 paribus
1462 1413 1784 1492 disciplinis
1827 1422 1886 1472 et
1918 1412 2070 1491 apud
2106 1413 2345 1472 eosdem

346 1497 657 1573 magistros
687 1497 993 1557 institutus.
1058 1497 1188 1572 Quo
1223 1497 1450 1576 quidem
1480 1506 1743 1576 tempore
1775 1498 1930 1557 aiunt
1970 1505 2341 1576 metoposco-
2368 1515 2418 1554 10

347 1599 499 1661 pum,
535 1598 568 1640 a
595 1575 874 1641 Narcisso
907 1580 1109 1642 Claudi
1137 1580 1348 1641 liberto
1381 1579 1691 1641 adhibitum
1710 1625 1728 1657 ,
1759 1590 1818 1640 ut
1845 1580 2230 1640 Britannicum
2261 1582 2343 1639 in-

348 1667 633 1743 spiceret,
671 1666 1133 1726 constantissime
1159 1664 1501 1741 affirmasse,
1529 1664 1688 1724 illum
1712 1663 1941 1743 quidem
1963 1663 2120 1724 nullo
2144 1664 2342 1742 modo,

349 1758 603 1808 ceterum
638 1748 839 1826 Titum,
874 1751 968 1828 qui
999 1758 1136 1809 tunc
1163 1766 1357 1829 prope
1384 1748 1641 1826 astabat,
1683 1749 1880 1827 utique
1910 1749 2340 1825 imperaturum.

263 1843 272 1851 ·
349 1832 528 1892 Erant
558 1842 745 1892 autem
780 1834 928 1893 adeo
960 1833 1295 1910 familiares,
1322 1843 1385 1893 ut
1414 1833 1488 1893 de
1517 1835 1794 1912 potione,
1839 1851 1950 1912 qua
1981 1831 2342 1893 Britannicus

347 1916 548 1976 hausta
580 1918 777 1996 periit,
813 1917 974 1978 Titus
1018 1934 1251 1998 quoque
1302 1920 1458 1978 iuxta
1510 1917 1727 1977 cubans
1760 1926 2031 1995 gustasse
2074 1916 2344 1979 credatur
2364 1940 2413 1984 ιε
2529 1928 2540 1955 ‘¹

347 2003 630 2079 gravique
661 2001 868 2061 morbo
903 2001 1225 2062 adflictatus
1261 2001 1376 2062 diu.
1462 2002 1718 2077 Quorum
1761 2003 2009 2062 omnium
2047 2019 2185 2062 mox
2224 2019 2339 2062 me-

348 2102 492 2162 mor,
524 2094 770 2145 statuam
795 2088 848 2145 ei
878 2088 1191 2146 aureamin
1217 2087 1439 2147 Palatio
1469 2088 1685 2165 posuit,
1716 2095 1775 2146 et
1801 2086 2039 2147 alteram
2062 2104 2137 2146 ex
2159 2086 2342 2147 ebore

352 2178 699 2247 equestrem,
742 2187 887 2248 quae
916 2168 1179 2231 Circensi
1209 2188 1428 2249 pompa
1459 2169 1753 2250 hodieque
1788 2171 2148 2251 praefertur,
2183 2169 2340 2230 dedi·

287 2261 321 2314 3
352 2254 504 2312 cavit
532 2263 994 2333 prosecutusque
1026 2261 1137 2315 est.
1216 2255 1282 2315 In
1313 2273 1496 2335 puero
1526 2257 1715 2315 statim
1746 2256 2016 2334 corporis
2056 2255 2342 2333 animique

350 2335 520 2396 dotes
555 2337 1035 2415 explenduerunt,
1067 2341 1369 2419 magisque
1404 2358 1473 2400 ac
1501 2340 1686 2416 magis
1716 2338 1995 2418 deinceps
2037 2357 2146 2418 per
2187 2347 2338 2398 aeta·
2360 2363 2413 2406 20

351 2422 421 2479 tis
455 2419 698 2497 gradus:
731 2422 915 2484 forma
949 2424 1194 2500 egregia
1225 2433 1284 2484 et
1315 2424 1405 2483 cui
1436 2440 1555 2483 non
1582 2425 1765 2483 minus
1797 2424 2155 2483 auctoritatis
2188 2425 2339 2482 ines-

353 2513 443 2564 set
479 2521 645 2582 quam
677 2508 932 2584 gratiae,
967 2509 1341 2586 praecipuum
1369 2508 1579 2585 robur,
1619 2525 1957 2585 quamquam
1985 2525 2175 2586 neque
2207 2523 2341 2586 pro·

353 2607 486 2648 cera
518 2598 734 2649 statura
765 2601 824 2650 et
848 2600 1055 2651 ventre
1088 2592 1260 2670 paulo
1290 2593 1678 2671 proiectiore;
1712 2594 1984 2651 memoria
2007 2590 2339 2668 singularis,

352 2671 620 2733 docilitas
649 2673 721 2734 ad
750 2676 933 2734 omnis
965 2677 1091 2735 fere
1123 2683 1239 2735 turn
1270 2677 1411 2736 belli
1444 2685 1558 2735 tum
1588 2677 1751 2754 pacis
1790 2685 1968 2736 artes.
2033 2674 2341 2734 Armorum

350 2766 410 2817 et
455 2757 743 2837 equitandi
793 2760 1202 2837 peritissimus,
1242 2759 1442 2820 Latine
1475 2758 1851 2839 Graeceque,
1897 2759 1989 2819 vel
2025 2760 2082 2817 in
2118 2757 2336 2818 orando
2356 2773 2409 2815 25

351 2841 445 2901 vel
480 2843 535 2900 in
566 2842 851 2919 fingendis
883 2842 1263 2923 poematibus,
1302 2852 1605 2922 promptus
1637 2852 1695 2902 et
1723 2843 1911 2903 facilis
1942 2843 2013 2903 ad
2038 2850 2336 2920 extempo-

349 2924 634 2986 ralitatem
669 2944 884 3005 usque;
922 2927 1027 2987 sed
1061 2945 1134 2986 ne
1163 2930 1416 2987 musicae
1452 2927 1682 3006 quidem
1709 2926 1898 3002 rudis,
1930 2937 1993 2987 ut
2019 2928 2116 3006 qui
2148 2934 2337 2987 canta·

350 3018 443 3069 ret
472 3019 531 3070 et
561 3010 845 3090 psalleret
886 3010 1129 3071 iucunde
1175 3013 1565 3090 scienterque.
1654 3009 1704 3070 E
1750 3010 2012 3089 pluribus
2056 3013 2337 3088 comperi,

351 3096 502 3152 notis
534 3097 774 3173 'quoque
807 3098 1087 3174 excipere
1118 3096 1490 3155 velocissime
1523 3094 1786 3171 solitum,
1825 3113 1952 3154 curn
1982 3094 2337 3155 amanuensi-

351 3176 458 3235 bus
489 3178 604 3235 suis
652 3197 759 3257 per
803 3179 993 3239 ludum
1036 3181 1342 3258 iocumque
1387 3188 1734 3256 certantem,
1784 3180 2105 3259 imitarique
2152 3179 2405 3243 chiro-ao

235 3276 244 3283 ·
351 3259 572 3335 grapha
609 3279 1003 3344 quaecumque
1033 3261 1299 3340 vidisset,
1332 3282 1401 3323 ac
1434 3279 1614 3341 saepe
1660 3263 1952 3342 profiteri,
2001 3262 2334 3324 maximum

347 3340 685 3418 falsarium
716 3363 851 3407 esse
878 3346 1173 3426 potuisse.

289 3435 321 3485 4
473 3423 759 3487 Tribunus
789 3430 1022 3490 militum
1074 3441 1131 3490 et
1173 3433 1229 3491 in
1263 3431 1567 3493 Germania
1619 3439 1676 3490 et
1718 3432 1774 3489 in
1802 3430 2092 3492 Britannia
2131 3430 2339 3490 meruit

354 3523 566 3563 summa
597 3506 936 3588 industriae,
962 3533 1074 3575 nec
1106 3517 1329 3576 minore
1351 3515 1671 3575 modestiae
1701 3514 1873 3591 fama,
1910 3515 2059 3574 sicut
2093 3522 2339 3593 apparet
