2553 3960
1014 197 1222 251 mvns
1266 202 1521 251 lomus.
2197 189 2274 252 21

259 361 447 423 adhuc
475 368 534 420 et
561 359 932 427 obaeratum;
970 360 1028 417 in
1074 358 1544 438 expeditionibus
1598 358 1900 420 tessellata
1945 366 2004 419 et
2050 357 2278 418 sectilia

259 448 589 528 pavimenta
640 406 1092 512 circumtulisse,
1146 444 1493 504 Britanniam
1540 443 1763 521 petisse
1826 461 1935 522 spe
1994 442 2273 519 margari-
2295 447 2361 503 47

260 540 477 607 tarum,
543 543 782 606 quarum
855 526 1282 609 amplitudinem
1352 527 1753 587 conferentem
1828 525 2113 588 interdum
2178 544 2279 586 sua

261 633 432 675 manu
465 612 743 689 exegisse
776 610 1030 690 pondus;
1078 628 1367 711 gemmas,
1409 619 1759 688 toreumata,
1808 612 2015 689 signa,
2058 607 2280 671 tabulas

218 698 467 779 ⁶operis
518 697 733 775 antiqui
791 712 1026 774 semper
1089 696 1507 755 animosissime
1572 711 1982 774 comparasse,
2044 694 2281 754 servitia

260 785 521 843 rectiora
554 780 943 859 politioraque
985 781 1251 840 inmenso
1298 780 1523 858 pretio,
1571 788 1629 838 et
1678 781 1839 839 cuius
1887 780 2074 857 ipsum
2109 779 2282 838 etiam

263 865 549 947 puderet,
595 865 682 922 sic
715 871 777 923 ut
816 863 1136 923 rationibus
1177 872 1410 923 vetaret
1451 825 1685 933 in’ferrh
1740 864 2106 922 conviVatum
2139 862 2278 922 assi·
2297 870 2367 924 48

262 951 378 1010 dne
411 967 524 1028 per
566 948 901 1027 provincias
944 946 1170 1007 duobus
1186 947 1508 1025 tricliniis,
1551 963 1666 1006 uno
1708 963 1821 1026 quo
1856 948 2043 1025 sagati
2083 945 2281 1024 pallia-

263 1037 420 1110 tive,
467 1032 655 1092 altero
689 1048 803 1110 quo
833 1033 1017 1108 togati
1049 1049 1176 1091 cum
1217 1029 1646 1092 inlustrioribus
1694 1032 2127 1110 provinciarum
2169 1029 2281 1089 dis-

198 1128 246 1169 w
267 1097 630 1179 cumberent.
701 1113 1090 1176 Domesticam
1131 1116 1493 1196 disciplinam
1534 1116 1591 1174 in
1632 1117 1828 1194 parvis
1871 1133 1940 1176 ac
1969 1113 2282 1174 maioribus

262 1201 447 1264 rebus
492 1200 805 1277 diligenter
845 1199 993 1259 adeo
1035 1215 1363 1280 severeque
1406 1200 1591 1276 rexit,
1646 1207 1708 1259 ut
1739 1202 2054 1278 pistorem,
2114 1198 2284 1259 alium

266 1304 441 1366 quam
484 1283 597 1343 sibi
640 1301 848 1363 panem
890 1285 1155 1344 convivis
1198 1284 1609 1360 subicientem,
1653 1282 2036 1363 compedibus
2080 1284 2281 1342 vinxe-

263 1372 372 1437 rit:
442 1368 713 1429 libertum
765 1368 1152 1445 gratissimum
1212 1367 1289 1428 ob
1345 1367 1719 1428 adulteratam
1773 1368 1984 1447 equitis
2038 1366 2283 1427 Romani

266 1471 548 1529 uxorem,
594 1454 852 1530 quamvis
884 1451 1044 1512 nullo
1082 1462 1400 1530 querente,
1442 1451 1677 1529 capitali
1711 1469 1902 1530 poena
1938 1450 2237 1510 adfecerit.

207 1554 256 1595 ιε
404 1536 726 1614 Pudicitiae
767 1536 892 1595 eius
935 1536 1143 1596 famam
1188 1535 1327 1595 nibil
1379 1535 1607 1614 quidem
1659 1544 1893 1613 praeter
1942 1533 2278 1593 Nicomedis
2297 1536 2362 1591 4⁹

272 1619 715 1683 contubernium
755 1620 956 1697 laesit,
1013 1621 1182 1697 gravi
1224 1628 1415 1679 tamen
1464 1626 1523 1677 et
1570 1620 1810 1697 perenni
1857 1617 2180 1697 obprobrio
2223 1626 2284 1676 et

271 1705 347 1766 ad
390 1705 641 1765 omnium
685 1705 935 1763 convitia
983 1703 1276 1781 exposito.
1368 1702 1577 1762 Omitto
1629 1698 1794 1761 Calvi
1837 1701 2020 1762 Licini
2053 1702 2282 1761 notissi-

269 1806 400 1849 mos
429 1806 675 1848 versus:
1078 1795 1083 1800 ’

1490 1874 1751 1947 Bithynia
1772 1876 2037 1948 quicquid

203 1967 256 2008 2⁰
533 1960 609 2016 Et
622 1960 951 2032 paedicalor
979 1959 1240 2016 Caesaris
1280 1975 1541 2031 umquam
1566 1959 1767 2016 habuit.

274 2042 597 2102 Praetereo
656 2041 918 2099 actiones
958 2038 1308 2098 Dolabellae
1351 2049 1412 2099 et
1469 2036 1736 2099 Curionis
1794 2041 2009 2118 patris,
2066 2040 2123 2098 in
2165 2042 2284 2118 qui-

274 2126 388 2185 bus
440 2140 571 2182 eum
620 2121 927 2183 Dolabella
969 2122 1229 2200 pelicem
1257 2123 1546 2202 reginae,
1604 2122 1909 2202 spondam
1934 2122 2288 2185 interiorem

273 2206 497 2287 reyiae
524 2206 810 2282 lecticae,
862 2224 933 2265 ac
986 2204 1161 2267 Curio
1213 2207 1525 2267 etabalam
1567 2205 1923 2269 Nicomedis
1967 2214 2028 2269 et
2072 2206 2283 2287 Bithy-

272 2292 487 2353 nicum
543 2288 854 2387 fornicem·
892 2288 1105 2349 dicunt.
1191 2290 1371 2351 Missa
1426 2292 1595 2351 etiam
1640 2292 1794 2352 facio
1848 2292 2037 2352 edicta
2073 2290 2284 2369 Bibuli,

202 2392 257 2434 2⁵
276 2374 489 2454 quibus
533 2374 881 2452 proscripsit
917 2373 1216 2453 colleqam
1242 2391 1421 2435 saum
1450 2375 1839 2454 Bithynicam
1865 2376 2165 2455 reqinam,
2199 2375 2282 2435 ei-

277 2475 401 2539 que
441 2463 630 2517 antea
667 2475 873 2537 reqem
908 2456 1109 2536 faisse
1153 2458 1368 2534 cordi,
1420 2477 1583 2519 nanc
1627 2476 1763 2520 esse
1806 2478 2077 2538 requam.
2156 2461 2285 2535 Quo

276 2551 579 2620 tempore,
646 2550 709 2600 ut
740 2540 970 2601 Marcus
1000 2541 1209 2601 Brutus
1245 2542 1459 2620 refert,
1505 2543 1779 2603 Octavius
1824 2544 1994 2603 etiam
2037 2543 2286 2621 quidam,

276 2623 607 2686 valitudine·
655 2626 861 2685 mentis
915 2624 1154 2685 liberius
1215 2625 1420 2703 dicax,
1483 2634 1775 2685 conventu
1828 2627 2114 2703 maximo,
2161 2644 2289 2686 cum

277 2709 620 2787 Pompeium
685 2727 892 2786 regem
965 2708 1354 2788 appellasset,
1436 2711 1622 2789 ipsum
1682 2712 1940 2788 reginam
1999 2709 2287 2772 salutavit.

207 2806 261 2848 ιο
284 2792 407 2853 Sed
455 2789 523 2852 C.
551 2791 850 2853 Memmius
887 2794 1056 2853 etiam
1091 2792 1163 2853 ad
1209 2794 1473 2870 cyathum
1515 2804 1575 2854 et
1606 2794 1797 2855 vinum
1830 2793 2131 2854 Nicomedi
2172 2804 2287 2854 ste-

130 2884 139 2891 “
278 2877 428 2936 tisse
468 2874 679 2954 obicit,
740 2895 868 2936 cum
908 2877 1148 2955 reliquis
1196 2879 1479 2957 exoletis,
1538 2880 1715 2958 pleno
1768 2880 2073 2957 convivio,
2118 2896 2287 2939 accu-

280 2959 553 3020 bantibus
609 2962 897 3021 nonnullis
955 2960 1174 3020 urbicis
1231 2963 1727 3041 negotiatoribus,
1802 2980 2043 3042 quorum
2104 2963 2291 3025 refert

280 3044 534 3105 nomina.
612 3042 825 3105 Cicero
856 3062 1001 3105 vero
1047 3062 1164 3105 non
1200 3056 1503 3106 contentus
1542 3048 1600 3106 in
1646 3046 1983 3125 quibusdam
2023 3048 2290 3127 epistulis

282 3128 700 3206 scripsisse,a
741 3128 1085 3189 satellitibus
1133 3146 1261 3188 eum
1303 3131 1360 3190 in
1406 3131 1726 3192 cubiculum
1762 3133 1988 3209 regium
2024 3132 2306 3193 eductum·

208 3211 343 3272 asin
386 3229 568 3272 aureo
601 3211 761 3272 lecto
797 3223 964 3273 veste
1011 3231 1305 3292 purpurea
1346 3214 1730 3292 decubuisse,
1776 3216 2096 3295 floremque
2138 3226 2288 3278 aeta—

278 3295 358 3355 tis
400 3313 435 3355 a
464 3297 704 3356 Venere
735 3299 845 3356 orti
882 3297 941 3357 in
966 3297 1232 3372 Bithynia
1280 3301 1752 3376 contaminatum,
1795 3301 2081 3379 quondam
2121 3302 2292 3361 etiam

279 3378 341 3438 in
383 3387 593 3439 senatu
636 3378 970 3441 defendenti
1025 3382 1080 3441 ei
1132 3380 1330 3457 Nysae
1393 3400 1656 3460 causam,
1722 3384 1877 3445 filiae
1933 3383 2292 3459 Nicomedis,

280 3461 693 3541 beneficiaque
751 3466 912 3542 regis
971 3467 1029 3526 in
1086 3483 1154 3526 se
1219 3467 1689 3527 commemoranti
1734 3466 2036 3543 Remove,
2089 3467 2292 3543 inquit,
