2553 3960
578 242 1137 292 DEPERDITORUM
1179 241 1540 291 uenenum
1582 243 1985 303 RELIQUIAE.
2159 229 2276 291 291

276 402 540 463 homines
596 408 765 460 exuta
821 397 1054 458 feritate
1113 399 1396 457 rationem
1444 398 1602 458 vitae
1663 397 1884 458 habere
1947 398 2285 476 coepissent

278 505 462 567 seque
488 503 557 545 ac
589 485 734 544 deos
764 501 903 544 suos
935 498 1146 557 nosse,
1182 480 1394 540 cultum
1416 481 1704 542 modicum
1734 500 1804 542 ac
1828 498 2155 541 sermonem
2183 499 2282 540 ne-

277 569 592 631 cessarium
638 568 941 628 commenti
988 564 1132 642 sibi,
1176 566 1476 644 utriusque
1518 567 2003 644 magnificentiam
2047 565 2119 625 ad
2147 564 2282 625 reli·

275 656 507 732 gionem
538 651 776 712 deorum
806 668 1039 711 suorum
1073 651 1580 727 excogitaverunt.
1627 650 1812 727 Igitur
1834 658 1894 709 ut
1916 650 2134 728 templa
2165 649 2283 709 illis

231 737 538 798 sdomibus
587 735 921 816 pulchriora
965 743 1022 795 et
1051 733 1358 794 simulacra
1397 734 1746 814 corporibus
1790 734 2073 812 ampliora
2101 734 2282 793 facie-

275 822 443 899 bant,
489 822 568 882 ita
611 820 847 899 eloquio
891 819 1061 879 etiam
1106 819 1270 897 quasi
1322 820 1661 895 augustiore
1703 817 2079 879 honorandos
2118 827 2282 896 puta-

275 914 479 965 verunt
522 903 841 983 laudesque
886 919 1084 963 eorum
1114 911 1173 962 et
1200 901 1399 961 verbis
1441 901 1857 963 illustrioribus
1897 910 1955 961 et
1983 901 2280 962 iucundio-

272 989 432 1050 ribus
462 990 713 1049 numeris
746 986 1092 1047 extulerunt.
1153 984 1218 1045 Id
1259 1004 1448 1063 genus
1491 989 1623 1066 quia
1653 987 1840 1047 forma
1883 985 2126 1065 quadam
2159 986 2280 1046 effi·

275 1075 454 1150 citur,
507 1090 655 1151 quae
701 1061 972 1149 ποιότης
1016 1069 1258 1145 dicitur,
1305 1087 1515 1147 poema
1556 1072 1873 1131 vocitatum
1917 1079 2008 1131 est
2039 1072 2281 1150 eiusque

206 1180 254 1221 ιο
274 1159 509 1218 fictores
542 1164 773 1236 poetae.
831 1150 1123 1216 Isidorus
1151 1153 1390 1232 etymol.
1424 1162 1478 1232 8,
1515 1164 1565 1215 7.

407 1241 480 1291 De
505 1241 633 1307 ipsis
656 1239 822 1307 poetis
847 1238 984 1305 apud
1008 1237 1371 1303 Hieronymum
1393 1248 1669 1306 supersunt
1700 1238 1853 1289 haec:

398 1308 463 1369 Τ.
489 1308 681 1368 Livius
710 1307 1140 1384 tragoediarum
1164 1308 1417 1386 scriptor
1443 1307 1635 1368 clarus
1664 1307 1941 1385 habetur,
1966 1308 2068 1385 ¹qui
2096 1305 2171 1366 ob
2196 1308 2277 1366 in-

273 1393 428 1470 genii
464 1393 726 1451 meritum
766 1408 798 1450 a
818 1389 982 1451 Livio
1014 1390 1379 1468 Salinatore,
1414 1393 1575 1451 cuius
1604 1392 1827 1452 liberos
1862 1389 2181 1468 erudiebat,
2212 1391 2279 1450 li·

274 1475 498 1536 bertate
529 1473 770 1537 donatus
804 1482 892 1533 est
922 1490 981 1534 a.
1017 1482 1157 1535 567.
1190 1481 1328 1535 568.
2249 1478 2255 1484 ’

205 1575 252 1615 15
374 1555 653 1620 'Naevius
697 1557 954 1618 comicus
1001 1556 1210 1618 Uticae
1251 1556 1526 1634 moritur,
1580 1557 1781 1637 pulsus
1808 1557 1991 1618 Roma
2023 1557 2279 1618 factione

271 1643 547 1704 nobilium
574 1660 646 1702 ac
677 1641 996 1719 praecipue
1022 1638 1392 1701 Metellorum
1424 1657 1484 1701 α.
1517 1649 1861 1702 551-553.

398 1725 631 1786 Plautus
662 1742 738 1784 ex
766 1722 1003 1785 Umbria
1045 1724 1312 1784 Sarsinas
1342 1723 1569 1785 Romae
1597 1726 1863 1795 moritum
1899 1727 1996 1803 qui
2027 1734 2274 1806 propter

272 1826 532 1870 annonae
580 1806 975 1869 difficultatem
1024 1805 1097 1868 ad
1146 1806 1331 1867 molas
1383 1809 1707 1869 manuarias
1756 1810 1962 1888 pistori
2004 1828 2071 1870 se
2114 1810 2272 1870 loca-

270 1902 464 1969 verat,
517 1890 596 1951 ibi
643 1891 911 1970 quotiens
951 1890 1023 1951 ab
1054 1908 1238 1971 opere
1284 1900 1551 1970 vacaret,
1617 1891 1879 1953 scribere
1931 1892 2159 1955 fabulas
2205 1911 2275 1955 ac

203 1998 253 2040 to
270 1977 529 2037 vendere
561 1974 767 2036 solitus
798 1992 858 2036 α.
892 1983 1029 2036 553.
1058 1983 1200 2036 554.

396 2060 466 2135 Q.
492 2060 709 2121 Ennius
738 2067 913 2139 poeta
936 2057 1171 2120 Tarenti
1200 2062 1484 2132 nascitur;
1520 2064 1616 2141 qui
1640 2080 1672 2123 a
1698 2061 1922 2124 Catone
1956 2070 2269 2140 quaestore

265 2147 505 2206 Romam
533 2143 840 2204 translatus
869 2142 1149 2202 habitavit
1175 2144 1232 2202 in
1260 2152 1458 2206 monte
1481 2145 1810 2224 Aventino,
1844 2164 2025 2225 parco
2065 2146 2192 2207 adm
2205 2164 2270 2207 o·

267 2229 398 2290 dum
438 2245 561 2288 sum
604 2236 663 2287 tu
704 2234 1006 2288 contentus
1045 2235 1104 2287 et
1135 2229 1303 2288 unius
1332 2229 1581 2291 ancillae
1617 2231 1935 2291 ministerio
1980 2247 2040 2290 a.
2074 2239 2274 2292 513-

269 2320 385 2374 515
406 2354 424 2371 .
449 2355 463 2370 .
488 2356 503 2370 .
581 2312 746 2371 nnius
768 2319 945 2389 poeta
955 2314 1333 2389 septuaginta
1354 2314 1538 2374 maior
1561 2314 1725 2375 annis
1749 2313 2042 2376 articulari
2064 2314 2270 2375 morbo

194 2416 245 2456 25
271 2397 449 2475 perit,
493 2393 752 2473 sepultus
790 2394 848 2453 in
883 2394 1177 2474 Scipionis
1217 2406 1585 2458 monumento
1625 2399 1722 2459 via
1751 2396 1945 2478 Appia
1976 2400 2123 2459 intra
2153 2401 2268 2478 pri-

265 2495 413 2538 mum
436 2477 505 2538 ab
530 2474 674 2537 urbe
694 2475 1014 2536 miliarium.
1068 2477 1312 2553 Quidam
1341 2497 1477 2543 ossa
1501 2483 1625 2541 eius
1645 2481 1888 2543 Rudiam
1911 2501 1985 2543 ex
2008 2482 2267 2544 Ianiculo

263 2560 536 2624 translata
562 2560 846 2621 affirmant
877 2576 935 2620 a.
968 2568 1308 2623 586-589.

391 2644 604 2705 Statius
663 2643 957 2706 Caecilius
1015 2645 1443 2708 comoediarum
1489 2650 1746 2728 scriptor
1778 2649 1968 2711 clarus
1999 2650 2264 2730 habetur,

264 2730 496 2788 natione
530 2723 782 2788 Insuber
813 2726 1009 2788 Gallus
1053 2737 1113 2789 et
1139 2727 1310 2790 Ennii
1340 2734 1582 2810 primum
1615 2732 2070 2795 contubernalis.
2127 2735 2262 2811 Qui-

188 2828 244 2869 so
270 2810 397 2871 dam
436 2809 929 2872 Mediolanensem
974 2812 1183 2874 ferunt.
1242 2814 1506 2876 Mortuus
1550 2825 1640 2877 est
1675 2835 1825 2880 anno
1858 2814 2264 2897 postmortem

259 2894 431 2956 Ennii
462 2903 520 2954 et
546 2896 699 2956 iuxta
727 2895 1039 2956 Ianiculum
1068 2898 1331 2978 sepultus
1359 2917 1421 2961 α.
1453 2908 1590 2962 575.

383 2977 666 3040 Pacuvius
720 2978 1111 3041 Brundusinus
1155 2984 1585 3061 tragoediarum
1629 2986 1885 3065 scriptor
1940 2986 2133 3048 clarus
2164 2987 2262 3050 ha·

256 3064 457 3138 betur,
504 3061 671 3123 Ennii
714 3073 926 3142 poetae
970 3082 1046 3124 ex
1092 3066 1209 3126 filia
1255 3084 1472 3146 nepos,
1515 3068 1776 3148 vixitque
1810 3069 2033 3132 Romae
2067 3072 2262 3153 quoad

257 3149 537 3228 picturam
581 3149 846 3208 exercuit
886 3167 958 3209 ac
998 3147 1228 3211 fabulas
1269 3151 1618 3229 venditavit,
1684 3153 1894 3216 deinde
1950 3155 2259 3218 Tarentum

187 3246 236 3287 ³5
258 3241 659 3309 transgressus
691 3249 877 3311 prope
911 3235 1336 3311 nonagenarius
1366 3236 1519 3298 diem
1550 3235 1691 3297 obiit
1722 3255 1781 3300 a.
1817 3247 1951 3302 600.
1988 3249 2121 3303 601.

382 3313 445 3375 P.
482 3313 786 3377 Terentius
827 3316 1336 3396 Karthaginiensis
1379 3319 1810 3383 comoediarum
1838 3326 2123 3404 scriptor,
2179 3324 2256 3384 ob

256 3398 545 3474 ingenium
580 3408 639 3460 et
681 3400 921 3462 formam
955 3401 1227 3465 libertate
1272 3403 1550 3483 donatus,
1595 3405 1653 3465 in
1682 3406 1938 3469 Arcadia
1985 3411 2252 3474 moritur:

258 3481 353 3557 qui
386 3481 621 3560 primam
642 3482 915 3545 Andriam
977 3495 1283 3569 antequam
1321 3488 1606 3551 aedilibus
1637 3490 1952 3633 vendelrgt,
1991 3489 2213 3552 Caecili
