2553 3960
505 249 657 297 xxn
1186 244 1603 293 PRAEFATIO.

634 403 1007 462 Posteriorum
1045 404 1142 477 qui
1183 407 1330 462 bunc
1363 404 1831 478 pretiosissimum
1875 405 2073 460 librum
2114 411 2323 462 tracta·

509 489 658 547 verit
694 488 963 547 neminem
1010 489 1159 546 novi.
1245 489 1447 544 Actum
1482 488 1654 558 igitur
1697 488 1889 559 egisse
1919 504 2028 545 non
2058 487 2321 560 videbor,

510 575 659 646 quod
701 590 806 644 per
850 572 1197 632 caniculares
1238 572 1411 629 ferias
1459 589 1509 628 a.
1553 577 1687 632 1855
1742 571 1988 629 Parisios
2029 572 2320 644 profectus

507 659 655 714 hunc
688 657 887 712 librum
918 656 1209 728 diligentia
1248 663 1504 728 quantum
1546 655 1668 711 lieri
1707 656 1887 728 potuit
1920 655 2153 712 maxima
2183 673 2323 713 con-

506 740 628 796 tuli.
717 739 835 806 Qua
877 739 932 795 iu
973 757 1034 796 re
1078 756 1415 812 magnopere
1454 756 1542 795 me
1583 738 1724 795 iuvit
1765 739 2322 797 bibliothecariorum

506 840 573 881 ac
606 823 911 897 praecipue
940 823 1234 881 Ernesti
1273 824 1512 880 Renan
1556 823 1899 893 humanitas,
1947 824 2322 880 contuberna-

506 907 579 964 lis
611 907 720 964 mei
743 907 1060 964 amicissimi
1096 907 1404 964 Eduardi
1430 906 1767 964 Wclrrlin
1806 906 2057 963 comitas.
2105 906 2322 973 Quodsi

504 991 704 1047 iterum
730 991 936 1047 collato
961 991 1287 1047 Memmiano
1316 991 1463 1047 libro
1488 989 1814 1047 Suetoniani
1844 990 2035 1062 operis
2061 991 2322 1047 emenda-

506 1074 713 1129 tionem
740 1089 1072 1145 promovere
1094 1074 1225 1133 mihi
1256 1074 1513 1146 contigit,
1542 1073 1633 1130 his
1652 1072 1791 1130 viris
1817 1072 1939 1129 eius
1970 1074 2052 1130 rei
2083 1074 2319 1131 maxima

504 1158 688 1228 gratia
718 1157 973 1213 habenda
1009 1165 1112 1214 est.

632 1240 702 1297 Ut
726 1242 796 1296 de
829 1247 1060 1298 externa
1091 1241 1286 1314 specie
1314 1241 1444 1298 libri
1472 1257 1649 1313 pauca
1681 1241 1879 1309 dicam,
1909 1241 2201 1298 distinctus
2233 1248 2323 1298 est

506 1324 675 1381 hodie
707 1340 933 1380 numero
963 1331 1101 1384 6115
1135 1332 1191 1380 et
1222 1324 1443 1381 ‘Codex
1470 1324 1849 1381 Memmianus'
1882 1342 1914 1380 a
1943 1325 2319 1382 bibliotheca

504 1407 606 1463 riis
649 1407 983 1479 inscriptus,
1023 1414 1083 1463 ut
1120 1408 1235 1464 illis
1282 1408 1503 1479 quidem
1536 1410 1606 1464 de
1653 1408 1784 1464 libri
1825 1408 2047 1478 origine
2090 1414 2147 1463 et
2185 1425 2321 1480 pro-

503 1497 671 1547 ventu
704 1491 925 1547 dubium
957 1491 1132 1548 fuisse
1172 1508 1282 1548 non
1312 1492 1579 1564 potuerit.
1644 1491 1875 1547 Constat
1902 1491 2055 1548 loliis
2091 1498 2320 1563 quater-

503 1574 677 1630 nariis
724 1575 1079 1646 pergamenis
1121 1581 1224 1636 126
1267 1591 1372 1647 per
1404 1574 1800 1647 quaterniones
1841 1575 2221 1647 complicatis,
2262 1583 2322 1631 et

501 1657 581 1716 ita
613 1658 834 1730 quidem
864 1666 923 1715 ut
948 1659 1265 1732 bibliopegi
1298 1664 1529 1732 stupore
1560 1659 1609 1714 is
1643 1657 1933 1730 quaternio
1965 1658 2059 1730 qui
2089 1659 2144 1714 in
2173 1658 2320 1715 Divo

502 1740 759 1812 Augusto
799 1759 854 1814 p.
887 1748 988 1813 52,
1017 1749 1282 1812 33-69,
1311 1749 1381 1803 36
1410 1743 1585 1800 verba
1615 1741 1865 1799 continet
1894 1744 2057 1798 titulz‘s
2086 1744 2323 1798 restituit

505 1831 563 1880 et
594 1841 736 1894 quae
773 1833 1077 1896 sequuntur
1110 1843 1289 1897 usque
1321 1826 1391 1881 ad
1419 1840 1554 1882 vasa
1586 1825 1868 1882 Com'ntlaia
1901 1832 2034 1898 post
2062 1828 2201 1884 duos
2233 1827 2305 1882 in·

502 1913 805 1978 sequentes
854 1908 1249 1979 quaterniones
1304 1909 1613 1965 collocatus
1657 1909 1750 1965 sit.
1839 1910 2023 1967 'l'itulo
2074 1912 2318 1984 primore
2397 1975 2406 1982 ,

505 1997 695 2062 caret,
739 1992 841 2048 sed
870 1993 1069 2048 falsum
1103 2000 1189 2049 est
1218 1993 1278 2049 id
1308 1993 1456 2063 quod
1486 1995 1720 2050 Thomas
1756 1996 2041 2052 Bentleius
2070 1995 2318 2051 tradide-

505 2080 624 2145 rat,
681 2091 752 2131 ne
810 2075 1112 2133 maiuscula
1166 2076 1386 2149 quidem
1435 2076 1623 2135 littera
1678 2078 1932 2151 incipere
1987 2079 2319 2136 vocabulum

505 2157 743 2214 omnium
781 2158 1014 2231 primum
1044 2162 1192 2232 quod
1235 2166 1323 2218 est
1348 2164 1584 2217 Annum.
1674 2160 1928 2234 Quinque
1970 2162 2114 2219 enim
2142 2163 2315 2219 verba

494 2241 714 2297 Annum
766 2258 936 2313 aycns
978 2250 1194 2301 sexium
1230 2246 1497 2300 decimum
1524 2250 1751 2317 patrem
1791 2247 2014 2318 liquore
2059 2248 2230 2302 rubro
2261 2254 2318 2302 et

496 2324 820 2381 maiusculis
853 2326 1061 2384 litteris
1100 2328 1311 2401 scripta
1341 2334 1469 2385 sunt
1497 2335 1554 2383 et
1583 2330 1840 2402 principe
1871 2330 2089 2401 quidem
2129 2330 2314 2387 littera

495 2408 547 2463 A
591 2408 930 2481 reliquarum
976 2411 1324 2470 altitudinem
1372 2412 1706 2483 aliquantum
1747 2420 2074 2487 superante5
2129 2420 2188 2469 ut
2222 2414 2315 2470 vel

495 2492 602 2547 hac
643 2507 708 2546 re
737 2493 987 2563 eluceat,
1034 2510 1145 2551 non
1180 2496 1236 2551 in
1266 2499 1373 2552 hoc
1405 2496 1529 2567 ipso
1561 2497 1822 2568 exemplo
1855 2496 2123 2554 iacturam
2153 2496 2316 2570 primi

499 2575 883 2646 quaternionis
914 2577 1116 2634 factam
1161 2595 1308 2634 esse.
1399 2578 1691 2651 Scriptura
1727 2580 1942 2636 saeculi
1974 2581 2123 2636 Vllll
2156 2582 2318 2637 lucu-

500 2658 650 2714 lenta
695 2665 808 2727 est,
868 2662 1213 2733 compendiis
1261 2662 1554 2719 admodum
1606 2663 1803 2736 paucis
1860 2663 2143 2736 impedita.
2200 2665 2316 2722 Va-

497 2740 612 2798 rias
641 2759 831 2799 manus
864 2746 1269 2802 emendatrices
1311 2752 1576 2818 expertus
1608 2753 1729 2817 est,
1778 2764 1921 2819 quae
1951 2749 2043 2803 vel
2088 2765 2159 2804 ex
2201 2748 2313 2804 alio

497 2827 756 2897 exemplo
795 2828 888 2883 vel
932 2828 1298 2885 coniectando
1341 2829 1630 2901 pristinam
1680 2830 2013 2902 scripturam
2062 2832 2313 2889 immuta-

486 2914 639 2963 rent.
695 2909 947 2966 Scribam
981 2912 1143 2969 initio
1173 2912 1401 2981 legendi
1430 2913 1566 2967 satis
1600 2912 1911 2985 imperitum
1943 2907 2130 2985 primo
2167 2915 2313 2971 libro

497 2993 739 3063 produnt
769 2995 1040 3051 vocabula
1081 2996 1301 3065 integra
1349 2996 1693 3067 compendiis
1728 2996 2148 3071 superscripta,
2193 3015 2313 3054 cum

497 3091 669 3147 super
700 3077 754 3132 L.
788 3078 929 3133 lucio
957 3078 1048 3134 vel
1078 3080 1230 3149 lucii,
1274 3094 1447 3150 super
1492 3080 1560 3135 M.
1596 3096 1821 3136 marcus
1862 3082 1955 3137 vel
2001 3084 2183 3138 marci
2222 3084 2313 3138 vel

500 3175 727 3230 marco,
762 3177 933 3231 super
979 3161 1034 3215 P.
1072 3161 1132 3220 R.
1172 3162 1369 3233 populi
1398 3166 1641 3234 romani,
1687 3163 1992 3235 aliquando
2032 3182 2203 3239 super
2250 3165 2309 3221 C.

499 3245 715 3299 curtius
755 3244 997 3300 additum
1036 3244 1126 3300 sit.
1214 3243 1626 3319 Nonnumquam
1673 3248 2088 3317 grammaticum
2142 3267 2314 3321 agere
2381 3293 2397 3308 .

499 3333 731 3382 conatus
768 3332 886 3399 est,
921 3335 981 3384 ut
1008 3345 1062 3401 p.
1095 3334 1160 3399 4,
1204 3334 1275 3388 32
1308 3329 1403 3409 ubi
1447 3327 1879 3387 ad‘vocabulum
1911 3333 2059 3403 quod
2090 3340 2177 3388 est
2207 3350 2313 3389 nu·

498 3411 663 3463 tantis
693 3409 749 3464 in
779 3411 1028 3482 margine
1063 3410 1351 3469 adnotavit
1388 3413 1583 3485 ubique
1619 3417 1901 3471 suetonius
1943 3420 2311 3473 accusativum

496 3488 629 3546 III‘
657 3492 1032 3551 declinationis
1051 3497 1336 3567 pluralem
1366 3498 1422 3551 in
1453 3498 1501 3553 is
1515 3499 1697 3569 ponit.
