<?xml version="1.0" encoding="UTF-8"?>
<!DOCTYPE html PUBLIC "-//W3C//DTD XHTML 1.0 Transitional//EN"
    "http://www.w3.org/TR/xhtml1/DTD/xhtml1-transitional.dtd">
<html xmlns="http://www.w3.org/1999/xhtml" xml:lang="en" lang="en">
 <head>
  <title>
</title>
<meta http-equiv="Content-Type" content="text/html;charset=utf-8" />
  <meta name='ocr-system' content='tesseract 3.04.00' />
  <meta name='ocr-capabilities' content='ocr_page ocr_carea ocr_par ocr_line ocrx_word'/>
</head>
<body>
  <div class='ocr_page' id='page_1' title='image "./csuetonitranqui06rothgoog_0166.png"; bbox 0 0 2553 3960; ppageno 0'>
   <div class='ocr_carea' id='block_1_1' title="bbox 226 588 387 644">
    <p class='ocr_par' dir='ltr' id='par_1_1' title="bbox 226 588 387 644">
     <span class='ocr_line' id='line_1_1' title="bbox 226 588 387 644; baseline 0.006 -49"><span class='ocrx_word' id='word_1_1' title='bbox 226 588 298 644; x_wconf 66' lang='lat'>34</span> <span class='ocrx_word' id='word_1_2' title='bbox 381 592 387 596; x_wconf 18' lang='lat' dir='ltr'>‚f</span> 
     </span>
    </p>
   </div>
   <div class='ocr_carea' id='block_1_2' title="bbox 220 1674 286 1729">
    <p class='ocr_par' dir='ltr' id='par_1_2' title="bbox 220 1674 286 1729">
     <span class='ocr_line' id='line_1_2' title="bbox 220 1674 286 1729; baseline 0 0"><span class='ocrx_word' id='word_1_3' title='bbox 220 1674 286 1729; x_wconf 78' lang='lat'>35</span> 
     </span>
    </p>
   </div>
   <div class='ocr_carea' id='block_1_3' title="bbox 311 236 2164 304">
    <p class='ocr_par' dir='ltr' id='par_1_3' title="bbox 311 236 2164 304">
     <span class='ocr_line' id='line_1_3' title="bbox 311 236 2164 304; baseline -0.004 -8"><span class='ocrx_word' id='word_1_4' title='bbox 311 236 393 297; x_wconf 82' lang='lat'>54</span> <span class='ocrx_word' id='word_1_5' title='bbox 482 246 543 294; x_wconf 84' lang='lat' dir='ltr'>c.</span> <span class='ocrx_word' id='word_1_6' title='bbox 574 244 875 294; x_wconf 80' lang='lat' dir='ltr'><strong>SUETOM</strong></span> <span class='ocrx_word' id='word_1_7' title='bbox 908 244 1163 304; x_wconf 75' lang='lat' dir='ltr'>TRANQ.</span> <span class='ocrx_word' id='word_1_8' title='bbox 1195 243 1293 292; x_wconf 82' lang='lat' dir='ltr'>DE</span> <span class='ocrx_word' id='word_1_9' title='bbox 1324 244 1487 291; x_wconf 79' lang='lat' dir='ltr'>vrrA</span> <span class='ocrx_word' id='word_1_10' title='bbox 1522 241 1889 290; x_wconf 77' lang='lat' dir='ltr'>CAESARUM</span> <span class='ocrx_word' id='word_1_11' title='bbox 1922 242 2058 290; x_wconf 76' lang='lat' dir='ltr'>Lm.</span> <span class='ocrx_word' id='word_1_12' title='bbox 2089 243 2164 290; x_wconf 91' lang='lat'>11.</span> 
     </span>
    </p>
   </div>
   <div class='ocr_carea' id='block_1_4' title="bbox 292 398 2425 3602">
    <p class='ocr_par' dir='ltr' id='par_1_4' title="bbox 292 398 2425 3602">
     <span class='ocr_line' id='line_1_4' title="bbox 312 398 2326 479; baseline -0.001 -17"><span class='ocrx_word' id='word_1_13' title='bbox 312 403 424 463; x_wconf 89' lang='lat' dir='ltr'>tori</span> <span class='ocrx_word' id='word_1_14' title='bbox 474 399 785 478; x_wconf 77' lang='lat' dir='ltr'>delegabat</span> <span class='ocrx_word' id='word_1_15' title='bbox 825 399 1078 477; x_wconf 86' lang='lat' dir='ltr'>urbano,</span> <span class='ocrx_word' id='word_1_16' title='bbox 1131 417 1198 460; x_wconf 92' lang='lat' dir='ltr'>ac</span> <span class='ocrx_word' id='word_1_17' title='bbox 1241 398 1681 478; x_wconf 87' lang='lat' dir='ltr'>provincialium</span> <span class='ocrx_word' id='word_1_18' title='bbox 1721 398 2118 460; x_wconf 86' lang='lat' dir='ltr'>consularibus</span> <span class='ocrx_word' id='word_1_19' title='bbox 2167 400 2326 479; x_wconf 78' lang='lat' dir='ltr'>viris,</span> 
     </span>
     <span class='ocr_line' id='line_1_5' title="bbox 315 484 2212 567; baseline -0.002 -21"><span class='ocrx_word' id='word_1_20' title='bbox 315 503 460 567; x_wconf 92' lang='lat' dir='ltr'>quos</span> <span class='ocrx_word' id='word_1_21' title='bbox 493 484 754 563; x_wconf 88' lang='lat' dir='ltr'>singulos</span> <span class='ocrx_word' id='word_1_22' title='bbox 792 485 1066 564; x_wconf 90' lang='lat' dir='ltr'>cuiusque</span> <span class='ocrx_word' id='word_1_23' title='bbox 1099 484 1435 563; x_wconf 89' lang='lat' dir='ltr'>provinciae</span> <span class='ocrx_word' id='word_1_24' title='bbox 1468 484 1721 561; x_wconf 88' lang='lat' dir='ltr'>negotiis</span> <span class='ocrx_word' id='word_1_25' title='bbox 1754 485 2212 563; x_wconf 80' lang='lat' dir='ltr'><strong>praeposuisset.</strong></span> 
     </span>
     <span class='ocr_line' id='line_1_6' title="bbox 479 568 2321 647; baseline -0.001 -17"><span class='ocrx_word' id='word_1_26' title='bbox 479 570 673 647; x_wconf 81' lang='lat' dir='ltr'><strong>Leges</strong></span> <span class='ocrx_word' id='word_1_27' title='bbox 706 571 1041 630; x_wconf 87' lang='lat' dir='ltr'>retractavit</span> <span class='ocrx_word' id='word_1_28' title='bbox 1069 577 1128 627; x_wconf 90' lang='lat' dir='ltr'>et</span> <span class='ocrx_word' id='word_1_29' title='bbox 1153 568 1425 647; x_wconf 89' lang='lat' dir='ltr'>quasdam</span> <span class='ocrx_word' id='word_1_30' title='bbox 1459 586 1535 632; x_wconf 82' lang='lat' dir='ltr'>ex</span> <span class='ocrx_word' id='word_1_31' title='bbox 1568 570 1797 646; x_wconf 87' lang='lat' dir='ltr'>integro</span> <span class='ocrx_word' id='word_1_32' title='bbox 1830 570 2047 645; x_wconf 83' lang='lat' dir='ltr'><strong>sanxit,</strong></span> <span class='ocrx_word' id='word_1_33' title='bbox 2081 578 2141 628; x_wconf 90' lang='lat' dir='ltr'>ut</span> <span class='ocrx_word' id='word_1_34' title='bbox 2172 587 2321 629; x_wconf 87' lang='lat' dir='ltr'>sum-</span> 
     </span>
     <span class='ocr_line' id='line_1_7' title="bbox 312 651 2320 737; baseline 0 -22"><span class='ocrx_word' id='word_1_35' title='bbox 312 655 594 737; x_wconf 88' lang='lat' dir='ltr'>ptuariam</span> <span class='ocrx_word' id='word_1_36' title='bbox 631 662 689 712; x_wconf 95' lang='lat' dir='ltr'>et</span> <span class='ocrx_word' id='word_1_37' title='bbox 719 652 792 713; x_wconf 90' lang='lat' dir='ltr'>de</span> <span class='ocrx_word' id='word_1_38' title='bbox 825 653 1121 714; x_wconf 84' lang='lat' dir='ltr'>adulteriis</span> <span class='ocrx_word' id='word_1_39' title='bbox 1153 661 1212 711; x_wconf 91' lang='lat' dir='ltr'>et</span> <span class='ocrx_word' id='word_1_40' title='bbox 1241 652 1315 712; x_wconf 88' lang='lat' dir='ltr'>de</span> <span class='ocrx_word' id='word_1_41' title='bbox 1345 651 1647 732; x_wconf 80' lang='lat' dir='ltr'>pudicitia,</span> <span class='ocrx_word' id='word_1_42' title='bbox 1694 652 1765 712; x_wconf 92' lang='lat' dir='ltr'>de</span> <span class='ocrx_word' id='word_1_43' title='bbox 1810 652 2053 729; x_wconf 86' lang='lat' dir='ltr'>ambitu,</span> <span class='ocrx_word' id='word_1_44' title='bbox 2103 652 2175 714; x_wconf 92' lang='lat' dir='ltr'>de</span> <span class='ocrx_word' id='word_1_45' title='bbox 2205 672 2320 715; x_wconf 89' lang='lat' dir='ltr'>ma-</span> 
     </span>
     <span class='ocr_line' id='line_1_8' title="bbox 310 736 2365 816; baseline -0.001 -15"><span class='ocrx_word' id='word_1_46' title='bbox 310 739 546 801; x_wconf 89' lang='lat' dir='ltr'>ritandis</span> <span class='ocrx_word' id='word_1_47' title='bbox 579 736 893 798; x_wconf 79' lang='lat' dir='ltr'>ordinibus.</span> <span class='ocrx_word' id='word_1_48' title='bbox 957 737 1118 798; x_wconf 90' lang='lat' dir='ltr'>Hanc</span> <span class='ocrx_word' id='word_1_49' title='bbox 1168 754 1296 796; x_wconf 91' lang='lat' dir='ltr'>cum</span> <span class='ocrx_word' id='word_1_50' title='bbox 1325 736 1617 816; x_wconf 89' lang='lat' dir='ltr'>aliquanto</span> <span class='ocrx_word' id='word_1_51' title='bbox 1655 738 1919 797; x_wconf 85' lang='lat' dir='ltr'>severius</span> <span class='ocrx_word' id='word_1_52' title='bbox 1952 755 2120 816; x_wconf 91' lang='lat' dir='ltr'>quam</span> <span class='ocrx_word' id='word_1_53' title='bbox 2161 748 2315 798; x_wconf 91' lang='lat' dir='ltr'>cete·</span> <span class='ocrx_word' id='word_1_54' title='bbox 2338 756 2365 797; x_wconf 84' lang='lat'><strong>5</strong></span> 
     </span>
     <span class='ocr_line' id='line_1_9' title="bbox 310 820 2321 902; baseline -0.002 -17"><span class='ocrx_word' id='word_1_55' title='bbox 310 843 405 886; x_wconf 86' lang='lat' dir='ltr'>ras</span> <span class='ocrx_word' id='word_1_56' title='bbox 448 822 842 900; x_wconf 82' lang='lat' dir='ltr'>emendasset,</span> <span class='ocrx_word' id='word_1_57' title='bbox 883 840 1022 901; x_wconf 89' lang='lat' dir='ltr'>prae</span> <span class='ocrx_word' id='word_1_58' title='bbox 1065 820 1302 881; x_wconf 90' lang='lat' dir='ltr'>tumultu</span> <span class='ocrx_word' id='word_1_59' title='bbox 1346 822 1734 882; x_wconf 80' lang='lat' dir='ltr'>recusantium</span> <span class='ocrx_word' id='word_1_60' title='bbox 1775 820 2043 900; x_wconf 84' lang='lat' dir='ltr'>perferre</span> <span class='ocrx_word' id='word_1_61' title='bbox 2072 840 2186 882; x_wconf 89' lang='lat' dir='ltr'>non</span> <span class='ocrx_word' id='word_1_62' title='bbox 2217 839 2321 902; x_wconf 93' lang='lat' dir='ltr'>po·</span> 
     </span>
     <span class='ocr_line' id='line_1_10' title="bbox 310 905 2320 986; baseline -0.001 -17"><span class='ocrx_word' id='word_1_63' title='bbox 310 911 442 986; x_wconf 89' lang='lat' dir='ltr'>tuit,</span> <span class='ocrx_word' id='word_1_64' title='bbox 485 909 592 967; x_wconf 90' lang='lat' dir='ltr'>nisi</span> <span class='ocrx_word' id='word_1_65' title='bbox 637 907 902 985; x_wconf 91' lang='lat' dir='ltr'>adempta</span> <span class='ocrx_word' id='word_1_66' title='bbox 940 907 1164 970; x_wconf 89' lang='lat' dir='ltr'>demum</span> <span class='ocrx_word' id='word_1_67' title='bbox 1207 905 1461 966; x_wconf 87' lang='lat' dir='ltr'>lenitave</span> <span class='ocrx_word' id='word_1_68' title='bbox 1502 915 1669 985; x_wconf 88' lang='lat' dir='ltr'>parte</span> <span class='ocrx_word' id='word_1_69' title='bbox 1700 923 2015 986; x_wconf 84' lang='lat' dir='ltr'>poenarum</span> <span class='ocrx_word' id='word_1_70' title='bbox 2060 915 2118 966; x_wconf 90' lang='lat' dir='ltr'>et</span> <span class='ocrx_word' id='word_1_71' title='bbox 2152 924 2320 967; x_wconf 87' lang='lat' dir='ltr'>vaca-</span> 
     </span>
     <span class='ocr_line' id='line_1_11' title="bbox 309 990 2321 1070; baseline -0.002 -17"><span class='ocrx_word' id='word_1_72' title='bbox 309 994 469 1054; x_wconf 86' lang='lat' dir='ltr'>tione</span> <span class='ocrx_word' id='word_1_73' title='bbox 504 993 710 1052; x_wconf 91' lang='lat' dir='ltr'>trienni</span> <span class='ocrx_word' id='word_1_74' title='bbox 747 990 877 1052; x_wconf 90' lang='lat' dir='ltr'>data</span> <span class='ocrx_word' id='word_1_75' title='bbox 900 991 1196 1070; x_wconf 89' lang='lat' dir='ltr'>auctisque</span> <span class='ocrx_word' id='word_1_76' title='bbox 1223 991 1512 1069; x_wconf 88' lang='lat' dir='ltr'>praemiis.</span> <span class='ocrx_word' id='word_1_77' title='bbox 1565 991 1663 1050; x_wconf 91' lang='lat' dir='ltr'>Sic</span> <span class='ocrx_word' id='word_1_78' title='bbox 1692 1008 1921 1070; x_wconf 91' lang='lat' dir='ltr'>quoque</span> <span class='ocrx_word' id='word_1_79' title='bbox 1949 990 2321 1052; x_wconf 87' lang='lat' dir='ltr'>abolitionem</span> 
     </span>
     <span class='ocr_line' id='line_1_12' title="bbox 309 1073 2320 1156; baseline -0.002 -19"><span class='ocrx_word' id='word_1_80' title='bbox 309 1079 431 1137; x_wconf 90' lang='lat' dir='ltr'>eius</span> <span class='ocrx_word' id='word_1_81' title='bbox 456 1075 691 1156; x_wconf 91' lang='lat' dir='ltr'>publico</span> <span class='ocrx_word' id='word_1_82' title='bbox 725 1074 1063 1154; x_wconf 89' lang='lat' dir='ltr'>spectaculo</span> <span class='ocrx_word' id='word_1_83' title='bbox 1088 1075 1465 1153; x_wconf 80' lang='lat' dir='ltr'>pertinaciter</span> <span class='ocrx_word' id='word_1_84' title='bbox 1488 1073 1819 1153; x_wconf 87' lang='lat' dir='ltr'>postulante</span> <span class='ocrx_word' id='word_1_85' title='bbox 1846 1077 2061 1154; x_wconf 87' lang='lat' dir='ltr'>equite,</span> <span class='ocrx_word' id='word_1_86' title='bbox 2094 1076 2320 1136; x_wconf 87' lang='lat' dir='ltr'>accitos</span> 
     </span>
     <span class='ocr_line' id='line_1_13' title="bbox 308 1159 2395 1239; baseline -0.002 -17"><span class='ocrx_word' id='word_1_87' title='bbox 308 1160 633 1222; x_wconf 88' lang='lat' dir='ltr'>Germanici</span> <span class='ocrx_word' id='word_1_88' title='bbox 663 1159 883 1219; x_wconf 88' lang='lat' dir='ltr'>liberos</span> <span class='ocrx_word' id='word_1_89' title='bbox 914 1167 1309 1238; x_wconf 87' lang='lat' dir='ltr'>receptosque</span> <span class='ocrx_word' id='word_1_90' title='bbox 1339 1160 1544 1237; x_wconf 90' lang='lat' dir='ltr'>partim</span> <span class='ocrx_word' id='word_1_91' title='bbox 1588 1159 1657 1219; x_wconf 90' lang='lat' dir='ltr'>ad</span> <span class='ocrx_word' id='word_1_92' title='bbox 1700 1177 1764 1218; x_wconf 92' lang='lat' dir='ltr'>se</span> <span class='ocrx_word' id='word_1_93' title='bbox 1808 1161 2015 1238; x_wconf 89' lang='lat' dir='ltr'>partim</span> <span class='ocrx_word' id='word_1_94' title='bbox 2046 1160 2103 1218; x_wconf 89' lang='lat' dir='ltr'>in</span> <span class='ocrx_word' id='word_1_95' title='bbox 2139 1160 2318 1239; x_wconf 88' lang='lat' dir='ltr'>patris</span> <span class='ocrx_word' id='word_1_96' title='bbox 2346 1176 2395 1218; x_wconf 83' lang='grc' dir='ltr'>ιο</span> 
     </span>
     <span class='ocr_line' id='line_1_14' title="bbox 305 1242 2320 1323; baseline -0.001 -18"><span class='ocrx_word' id='word_1_97' title='bbox 305 1245 587 1323; x_wconf 86' lang='lat' dir='ltr'>gremium</span> <span class='ocrx_word' id='word_1_98' title='bbox 615 1245 944 1321; x_wconf 87' lang='lat' dir='ltr'>ostentavit,</span> <span class='ocrx_word' id='word_1_99' title='bbox 978 1261 1143 1302; x_wconf 90' lang='lat' dir='ltr'>manu</span> <span class='ocrx_word' id='word_1_100' title='bbox 1171 1242 1446 1322; x_wconf 84' lang='lat' dir='ltr'>vultuque</span> <span class='ocrx_word' id='word_1_101' title='bbox 1476 1245 1809 1321; x_wconf 86' lang='lat' dir='ltr'>significans</span> <span class='ocrx_word' id='word_1_102' title='bbox 1832 1261 1904 1302; x_wconf 90' lang='lat' dir='ltr'>ne</span> <span class='ocrx_word' id='word_1_103' title='bbox 1937 1252 2320 1322; x_wconf 87' lang='lat' dir='ltr'>gravarentur</span> 
     </span>
     <span class='ocr_line' id='line_1_15' title="bbox 305 1324 2318 1407; baseline -0 -19"><span class='ocrx_word' id='word_1_104' title='bbox 305 1328 511 1389; x_wconf 88' lang='lat' dir='ltr'>imitari</span> <span class='ocrx_word' id='word_1_105' title='bbox 540 1327 766 1388; x_wconf 86' lang='lat' dir='ltr'>iuvenis</span> <span class='ocrx_word' id='word_1_106' title='bbox 797 1326 1145 1405; x_wconf 85' lang='lat' dir='ltr'>exemplum.</span> <span class='ocrx_word' id='word_1_107' title='bbox 1220 1324 1478 1407; x_wconf 87' lang='lat' dir='ltr'>Cumque</span> <span class='ocrx_word' id='word_1_108' title='bbox 1515 1329 1686 1388; x_wconf 90' lang='lat' dir='ltr'>etiam</span> <span class='ocrx_word' id='word_1_109' title='bbox 1728 1329 2112 1388; x_wconf 88' lang='lat' dir='ltr'>inmaturitate</span> <span class='ocrx_word' id='word_1_110' title='bbox 2140 1344 2318 1406; x_wconf 89' lang='lat' dir='ltr'>spon-</span> 
     </span>
     <span class='ocr_line' id='line_1_16' title="bbox 305 1410 2320 1489; baseline -0.002 -15"><span class='ocrx_word' id='word_1_111' title='bbox 305 1431 494 1474; x_wconf 85' lang='lat' dir='ltr'>sarum</span> <span class='ocrx_word' id='word_1_112' title='bbox 537 1421 596 1472; x_wconf 91' lang='lat' dir='ltr'>et</span> <span class='ocrx_word' id='word_1_113' title='bbox 633 1413 1118 1473; x_wconf 88' lang='lat' dir='ltr'>matrimoniorum</span> <span class='ocrx_word' id='word_1_114' title='bbox 1164 1411 1374 1472; x_wconf 90' lang='lat' dir='ltr'>crebra</span> <span class='ocrx_word' id='word_1_115' title='bbox 1424 1413 1737 1473; x_wconf 89' lang='lat' dir='ltr'>mutatione</span> <span class='ocrx_word' id='word_1_116' title='bbox 1791 1413 1905 1472; x_wconf 87' lang='lat' dir='ltr'>vim</span> <span class='ocrx_word' id='word_1_117' title='bbox 1964 1412 2117 1489; x_wconf 89' lang='lat' dir='ltr'>legis</span> <span class='ocrx_word' id='word_1_118' title='bbox 2163 1410 2320 1471; x_wconf 92' lang='lat' dir='ltr'>eludi</span> 
     </span>
     <span class='ocr_line' id='line_1_17' title="bbox 306 1494 2318 1577; baseline -0.001 -19"><span class='ocrx_word' id='word_1_119' title='bbox 306 1499 584 1575; x_wconf 85' lang='lat' dir='ltr'>sentiret,</span> <span class='ocrx_word' id='word_1_120' title='bbox 618 1507 843 1576; x_wconf 91' lang='lat' dir='ltr'>tempus</span> <span class='ocrx_word' id='word_1_121' title='bbox 877 1513 1126 1577; x_wconf 88' lang='lat' dir='ltr'>sponsas</span> <span class='ocrx_word' id='word_1_122' title='bbox 1155 1495 1406 1557; x_wconf 90' lang='lat' dir='ltr'>habendi</span> <span class='ocrx_word' id='word_1_123' title='bbox 1439 1498 1753 1574; x_wconf 84' lang='lat' dir='ltr'>coartavit,</span> <span class='ocrx_word' id='word_1_124' title='bbox 1797 1496 2061 1556; x_wconf 88' lang='lat' dir='ltr'>divortiis</span> <span class='ocrx_word' id='word_1_125' title='bbox 2089 1494 2318 1555; x_wconf 86' lang='lat' dir='ltr'>modum</span> 
     </span>
     <span class='ocr_line' id='line_1_18' title="bbox 304 1583 2393 1661; baseline -0.003 -19"><span class='ocrx_word' id='word_1_126' title='bbox 304 1583 596 1661; x_wconf 88' lang='lat' dir='ltr'>imposuit.</span> <span class='ocrx_word' id='word_1_127' title='bbox 2339 1592 2393 1636; x_wconf 78' lang='lat'>15</span> 
     </span>
     <span class='ocr_line' id='line_1_19' title="bbox 431 1663 2320 1728; baseline 0 -2"><span class='ocrx_word' id='word_1_128' title='bbox 431 1667 775 1728; x_wconf 89' lang='lat' dir='ltr'>Senatorum</span> <span class='ocrx_word' id='word_1_129' title='bbox 804 1665 1132 1727; x_wconf 86' lang='lat' dir='ltr'>affluentem</span> <span class='ocrx_word' id='word_1_130' title='bbox 1156 1682 1450 1725; x_wconf 89' lang='lat' dir='ltr'>numerum</span> <span class='ocrx_word' id='word_1_131' title='bbox 1480 1664 1724 1725; x_wconf 84' lang='lat' dir='ltr'>deformi</span> <span class='ocrx_word' id='word_1_132' title='bbox 1752 1673 1810 1725; x_wconf 87' lang='lat' dir='ltr'>et</span> <span class='ocrx_word' id='word_1_133' title='bbox 1832 1664 2123 1726; x_wconf 90' lang='lat' dir='ltr'>incondita</span> <span class='ocrx_word' id='word_1_134' title='bbox 2152 1663 2320 1726; x_wconf 87' lang='lat' dir='ltr'>turba</span> 
     </span>
     <span class='ocr_line' id='line_1_20' title="bbox 308 1749 2314 1833; baseline -0.002 -20"><span class='ocrx_word' id='word_1_135' title='bbox 308 1754 506 1833; x_wconf 89' lang='lat' dir='ltr'>(erant</span> <span class='ocrx_word' id='word_1_136' title='bbox 535 1751 686 1811; x_wconf 91' lang='lat' dir='ltr'>enim</span> <span class='ocrx_word' id='word_1_137' title='bbox 727 1769 904 1830; x_wconf 90' lang='lat' dir='ltr'>super</span> <span class='ocrx_word' id='word_1_138' title='bbox 945 1749 1132 1827; x_wconf 90' lang='lat' dir='ltr'>mille,</span> <span class='ocrx_word' id='word_1_139' title='bbox 1173 1758 1234 1810; x_wconf 88' lang='lat' dir='ltr'>et</span> <span class='ocrx_word' id='word_1_140' title='bbox 1274 1750 1502 1830; x_wconf 91' lang='lat' dir='ltr'>quidam</span> <span class='ocrx_word' id='word_1_141' title='bbox 1539 1750 1920 1827; x_wconf 84' lang='lat' dir='ltr'>indignissimi</span> <span class='ocrx_word' id='word_1_142' title='bbox 1963 1758 2020 1809; x_wconf 92' lang='lat' dir='ltr'>et</span> <span class='ocrx_word' id='word_1_143' title='bbox 2048 1757 2183 1829; x_wconf 92' lang='lat' dir='ltr'>post</span> <span class='ocrx_word' id='word_1_144' title='bbox 2214 1767 2314 1808; x_wconf 89' lang='lat' dir='ltr'>ne·</span> 
     </span>
     <span class='ocr_line' id='line_1_21' title="bbox 307 1833 2314 1914; baseline -0.002 -17"><span class='ocrx_word' id='word_1_145' title='bbox 307 1854 433 1897; x_wconf 91' lang='lat' dir='ltr'>cem</span> <span class='ocrx_word' id='word_1_146' title='bbox 467 1833 737 1896; x_wconf 87' lang='lat' dir='ltr'>Caesaris</span> <span class='ocrx_word' id='word_1_147' title='bbox 768 1853 874 1913; x_wconf 91' lang='lat' dir='ltr'>per</span> <span class='ocrx_word' id='word_1_148' title='bbox 897 1836 1142 1911; x_wconf 84' lang='lat' dir='ltr'>gratiam</span> <span class='ocrx_word' id='word_1_149' title='bbox 1179 1841 1237 1894; x_wconf 89' lang='lat' dir='ltr'>et</span> <span class='ocrx_word' id='word_1_150' title='bbox 1265 1835 1581 1913; x_wconf 87' lang='lat' dir='ltr'>praemium</span> <span class='ocrx_word' id='word_1_151' title='bbox 1610 1833 1849 1912; x_wconf 89' lang='lat' dir='ltr'>adlecti,</span> <span class='ocrx_word' id='word_1_152' title='bbox 1900 1850 2047 1914; x_wconf 90' lang='lat' dir='ltr'>quos</span> <span class='ocrx_word' id='word_1_153' title='bbox 2079 1835 2314 1894; x_wconf 84' lang='lat' dir='ltr'>orciuos</span> 
     </span>
     <span class='ocr_line' id='line_1_22' title="bbox 302 1916 2317 1998; baseline -0.001 -19"><span class='ocrx_word' id='word_1_154' title='bbox 302 1920 512 1998; x_wconf 85' lang='lat' dir='ltr'>vulgus</span> <span class='ocrx_word' id='word_1_155' title='bbox 548 1918 828 1996; x_wconf 85' lang='lat' dir='ltr'>vocabat)</span> <span class='ocrx_word' id='word_1_156' title='bbox 860 1917 929 1979; x_wconf 91' lang='lat' dir='ltr'>ad</span> <span class='ocrx_word' id='word_1_157' title='bbox 962 1918 1191 1979; x_wconf 90' lang='lat' dir='ltr'>modum</span> <span class='ocrx_word' id='word_1_158' title='bbox 1228 1919 1528 1998; x_wconf 89' lang='lat' dir='ltr'>pristinum</span> <span class='ocrx_word' id='word_1_159' title='bbox 1570 1926 1629 1979; x_wconf 91' lang='lat' dir='ltr'>et</span> <span class='ocrx_word' id='word_1_160' title='bbox 1667 1918 2042 1998; x_wconf 88' lang='lat' dir='ltr'>splendorem</span> <span class='ocrx_word' id='word_1_161' title='bbox 2084 1916 2317 1996; x_wconf 86' lang='lat' dir='ltr'>redegit</span> 
     </span>
     <span class='ocr_line' id='line_1_23' title="bbox 302 2002 2392 2084; baseline 0 -19"><span class='ocrx_word' id='word_1_162' title='bbox 302 2004 522 2065; x_wconf 90' lang='lat' dir='ltr'>duabus</span> <span class='ocrx_word' id='word_1_163' title='bbox 553 2002 932 2064; x_wconf 88' lang='lat' dir='ltr'>lectionibus:</span> <span class='ocrx_word' id='word_1_164' title='bbox 963 2004 1146 2082; x_wconf 87' lang='lat' dir='ltr'>prima</span> <span class='ocrx_word' id='word_1_165' title='bbox 1176 2005 1434 2083; x_wconf 88' lang='lat' dir='ltr'>ipsorum</span> <span class='ocrx_word' id='word_1_166' title='bbox 1467 2003 1744 2064; x_wconf 86' lang='lat' dir='ltr'>arbitratu</span> <span class='ocrx_word' id='word_1_167' title='bbox 1766 2050 1782 2082; x_wconf 86' lang='lat'>,</span> <span class='ocrx_word' id='word_1_168' title='bbox 1836 2021 1950 2084; x_wconf 92' lang='lat' dir='ltr'>quo</span> <span class='ocrx_word' id='word_1_169' title='bbox 1999 2005 2087 2064; x_wconf 84' lang='lat' dir='ltr'>vir</span> <span class='ocrx_word' id='word_1_170' title='bbox 2132 2003 2314 2063; x_wconf 92' lang='lat' dir='ltr'>virum</span> <span class='ocrx_word' id='word_1_171' title='bbox 2332 2023 2392 2066; x_wconf 80' lang='lat'>20</span> 
     </span>
     <span class='ocr_line' id='line_1_24' title="bbox 302 2082 2316 2168; baseline -0.001 -19"><span class='ocrx_word' id='word_1_172' title='bbox 302 2090 478 2166; x_wconf 89' lang='lat' dir='ltr'>legit,</span> <span class='ocrx_word' id='word_1_173' title='bbox 524 2088 777 2148; x_wconf 91' lang='lat' dir='ltr'>secunda</span> <span class='ocrx_word' id='word_1_174' title='bbox 828 2104 933 2147; x_wconf 92' lang='lat' dir='ltr'>suo</span> <span class='ocrx_word' id='word_1_175' title='bbox 979 2096 1037 2148; x_wconf 89' lang='lat' dir='ltr'>et</span> <span class='ocrx_word' id='word_1_176' title='bbox 1085 2086 1421 2167; x_wconf 79' lang='lat' dir='ltr'>Agrippae3</span> <span class='ocrx_word' id='word_1_177' title='bbox 1473 2105 1588 2166; x_wconf 92' lang='lat' dir='ltr'>quo</span> <span class='ocrx_word' id='word_1_178' title='bbox 1640 2097 1907 2168; x_wconf 89' lang='lat' dir='ltr'>tempore</span> <span class='ocrx_word' id='word_1_179' title='bbox 1941 2082 2316 2149; x_wconf 78' lang='lat' dir='ltr'>&#39;existimatur</span> 
     </span>
     <span class='ocr_line' id='line_1_25' title="bbox 301 2170 2313 2253; baseline -0.001 -20"><span class='ocrx_word' id='word_1_180' title='bbox 301 2174 486 2233; x_wconf 88' lang='lat' dir='ltr'>lorica</span> <span class='ocrx_word' id='word_1_181' title='bbox 529 2171 635 2232; x_wconf 92' lang='lat' dir='ltr'>sub</span> <span class='ocrx_word' id='word_1_182' title='bbox 681 2180 846 2232; x_wconf 87' lang='lat' dir='ltr'>veste</span> <span class='ocrx_word' id='word_1_183' title='bbox 888 2173 1133 2232; x_wconf 87' lang='lat' dir='ltr'>munitus</span> <span class='ocrx_word' id='word_1_184' title='bbox 1181 2172 1460 2253; x_wconf 81' lang='lat' dir='ltr'>ferroque</span> <span class='ocrx_word' id='word_1_185' title='bbox 1510 2175 1733 2233; x_wconf 90' lang='lat' dir='ltr'>cinctus</span> <span class='ocrx_word' id='word_1_186' title='bbox 1765 2172 2165 2252; x_wconf 88' lang='lat' dir='ltr'>praesedisse,</span> <span class='ocrx_word' id='word_1_187' title='bbox 2216 2170 2313 2231; x_wconf 92' lang='lat' dir='ltr'>de-</span> 
     </span>
     <span class='ocr_line' id='line_1_26' title="bbox 303 2256 2313 2318; baseline -0 -2"><span class='ocrx_word' id='word_1_188' title='bbox 303 2274 430 2316; x_wconf 90' lang='lat' dir='ltr'>cem</span> <span class='ocrx_word' id='word_1_189' title='bbox 476 2256 884 2316; x_wconf 85' lang='lat' dir='ltr'>valentissimis</span> <span class='ocrx_word' id='word_1_190' title='bbox 929 2258 1206 2317; x_wconf 87' lang='lat' dir='ltr'>senatorii</span> <span class='ocrx_word' id='word_1_191' title='bbox 1246 2257 1462 2317; x_wconf 88' lang='lat' dir='ltr'>ordinis</span> <span class='ocrx_word' id='word_1_192' title='bbox 1504 2258 1703 2318; x_wconf 89' lang='lat' dir='ltr'>amicis</span> <span class='ocrx_word' id='word_1_193' title='bbox 1747 2257 1951 2318; x_wconf 90' lang='lat' dir='ltr'>sellam</span> <span class='ocrx_word' id='word_1_194' title='bbox 2000 2274 2159 2317; x_wconf 90' lang='lat' dir='ltr'>suam</span> <span class='ocrx_word' id='word_1_195' title='bbox 2205 2256 2313 2316; x_wconf 78' lang='lat' dir='ltr'>cil·-</span> 
     </span>
     <span class='ocr_line' id='line_1_27' title="bbox 303 2338 2310 2420; baseline -0.001 -19"><span class='ocrx_word' id='word_1_196' title='bbox 303 2339 734 2401; x_wconf 89' lang='lat' dir='ltr'>cumstantibus.</span> <span class='ocrx_word' id='word_1_197' title='bbox 826 2338 1050 2401; x_wconf 89' lang='lat' dir='ltr'>Cordus</span> <span class='ocrx_word' id='word_1_198' title='bbox 1084 2339 1409 2402; x_wconf 89' lang='lat' dir='ltr'>Cremutius</span> <span class='ocrx_word' id='word_1_199' title='bbox 1443 2341 1672 2420; x_wconf 87' lang='lat' dir='ltr'>scribit,</span> <span class='ocrx_word' id='word_1_200' title='bbox 1717 2360 1791 2402; x_wconf 90' lang='lat' dir='ltr'>ne</span> <span class='ocrx_word' id='word_1_201' title='bbox 1836 2342 2144 2403; x_wconf 90' lang='lat' dir='ltr'>admissum</span> <span class='ocrx_word' id='word_1_202' title='bbox 2190 2340 2310 2420; x_wconf 91' lang='lat' dir='ltr'>qui-</span> 
     </span>
     <span class='ocr_line' id='line_1_28' title="bbox 300 2425 2389 2506; baseline 0.001 -22"><span class='ocrx_word' id='word_1_203' title='bbox 300 2425 429 2485; x_wconf 89' lang='lat' dir='ltr'>dem</span> <span class='ocrx_word' id='word_1_204' title='bbox 477 2434 611 2485; x_wconf 93' lang='lat' dir='ltr'>tunc</span> <span class='ocrx_word' id='word_1_205' title='bbox 648 2442 991 2505; x_wconf 87' lang='lat' dir='ltr'>quemquam</span> <span class='ocrx_word' id='word_1_206' title='bbox 1032 2435 1364 2486; x_wconf 90' lang='lat' dir='ltr'>senatorum</span> <span class='ocrx_word' id='word_1_207' title='bbox 1404 2427 1513 2487; x_wconf 89' lang='lat' dir='ltr'>nisi</span> <span class='ocrx_word' id='word_1_208' title='bbox 1555 2427 1742 2487; x_wconf 89' lang='lat' dir='ltr'>solum</span> <span class='ocrx_word' id='word_1_209' title='bbox 1783 2435 1842 2486; x_wconf 93' lang='lat' dir='ltr'>et</span> <span class='ocrx_word' id='word_1_210' title='bbox 1886 2432 2309 2506; x_wconf 87' lang='lat' dir='ltr'>praetemptato</span> <span class='ocrx_word' id='word_1_211' title='bbox 2331 2443 2389 2487; x_wconf 72' lang='lat'>2⁶</span> 
     </span>
     <span class='ocr_line' id='line_1_29' title="bbox 302 2509 2333 2590; baseline -0.001 -21"><span class='ocrx_word' id='word_1_212' title='bbox 302 2511 447 2569; x_wconf 89' lang='lat' dir='ltr'>sinu.</span> <span class='ocrx_word' id='word_1_213' title='bbox 538 2509 834 2585; x_wconf 87' lang='lat' dir='ltr'>Quosdam</span> <span class='ocrx_word' id='word_1_214' title='bbox 865 2509 936 2570; x_wconf 91' lang='lat' dir='ltr'>ad</span> <span class='ocrx_word' id='word_1_215' title='bbox 968 2510 1286 2570; x_wconf 87' lang='lat' dir='ltr'>excusandi</span> <span class='ocrx_word' id='word_1_216' title='bbox 1318 2529 1383 2571; x_wconf 92' lang='lat' dir='ltr'>se</span> <span class='ocrx_word' id='word_1_217' title='bbox 1418 2511 1830 2572; x_wconf 84' lang='lat' dir='ltr'>verecundiam</span> <span class='ocrx_word' id='word_1_218' title='bbox 1869 2511 2148 2590; x_wconf 90' lang='lat' dir='ltr'>compulit</span> <span class='ocrx_word' id='word_1_219' title='bbox 2189 2527 2333 2568; x_wconf 66' lang='lat' dir='ltr'>ser-</span> 
     </span>
     <span class='ocr_line' id='line_1_30' title="bbox 301 2592 2425 2675; baseline -0.001 -21"><span class='ocrx_word' id='word_1_220' title='bbox 301 2594 571 2674; x_wconf 87' lang='lat' dir='ltr'>vavitque</span> <span class='ocrx_word' id='word_1_221' title='bbox 606 2595 776 2655; x_wconf 91' lang='lat' dir='ltr'>etiam</span> <span class='ocrx_word' id='word_1_222' title='bbox 802 2595 1097 2655; x_wconf 83' lang='lat' dir='ltr'>excusatis</span> <span class='ocrx_word' id='word_1_223' title='bbox 1126 2595 1353 2672; x_wconf 83' lang='lat' dir='ltr'>insigne</span> <span class='ocrx_word' id='word_1_224' title='bbox 1384 2596 1566 2655; x_wconf 84' lang='lat' dir='ltr'>vestis</span> <span class='ocrx_word' id='word_1_225' title='bbox 1599 2605 1656 2656; x_wconf 90' lang='lat' dir='ltr'>et</span> <span class='ocrx_word' id='word_1_226' title='bbox 1688 2595 1990 2675; x_wconf 88' lang='lat' dir='ltr'>spectandi</span> <span class='ocrx_word' id='word_1_227' title='bbox 2020 2595 2077 2653; x_wconf 89' lang='lat' dir='ltr'>in</span> <span class='ocrx_word' id='word_1_228' title='bbox 2102 2592 2310 2653; x_wconf 91' lang='lat' dir='ltr'>orche-</span> <span class='ocrx_word' id='word_1_229' title='bbox 2415 2657 2425 2663; x_wconf 61' lang='grc'><strong>,</strong></span> 
     </span>
     <span class='ocr_line' id='line_1_31' title="bbox 297 2677 2309 2758; baseline -0.001 -19"><span class='ocrx_word' id='word_1_230' title='bbox 297 2688 416 2739; x_wconf 89' lang='lat' dir='ltr'>stra</span> <span class='ocrx_word' id='word_1_231' title='bbox 462 2678 848 2758; x_wconf 90' lang='lat' dir='ltr'>epulandique</span> <span class='ocrx_word' id='word_1_232' title='bbox 893 2678 1128 2758; x_wconf 88' lang='lat' dir='ltr'>publice</span> <span class='ocrx_word' id='word_1_233' title='bbox 1171 2680 1279 2738; x_wconf 89' lang='lat' dir='ltr'>ius.</span> <span class='ocrx_word' id='word_1_234' title='bbox 1375 2679 1505 2755; x_wconf 87' lang='lat' dir='ltr'>Quo</span> <span class='ocrx_word' id='word_1_235' title='bbox 1547 2688 1735 2741; x_wconf 89' lang='lat' dir='ltr'>autem</span> <span class='ocrx_word' id='word_1_236' title='bbox 1779 2679 1916 2740; x_wconf 88' lang='lat' dir='ltr'>lecti</span> <span class='ocrx_word' id='word_1_237' title='bbox 1960 2677 2309 2758; x_wconf 86' lang='lat' dir='ltr'>probatique</span> 
     </span>
     <span class='ocr_line' id='line_1_32' title="bbox 298 2762 2308 2841; baseline -0.001 -19"><span class='ocrx_word' id='word_1_238' title='bbox 298 2772 355 2823; x_wconf 90' lang='lat' dir='ltr'>et</span> <span class='ocrx_word' id='word_1_239' title='bbox 386 2763 725 2841; x_wconf 90' lang='lat' dir='ltr'>religiosius</span> <span class='ocrx_word' id='word_1_240' title='bbox 760 2771 818 2823; x_wconf 89' lang='lat' dir='ltr'>et</span> <span class='ocrx_word' id='word_1_241' title='bbox 844 2764 1066 2823; x_wconf 88' lang='lat' dir='ltr'>minore</span> <span class='ocrx_word' id='word_1_242' title='bbox 1102 2762 1371 2824; x_wconf 87' lang='lat' dir='ltr'>molestia</span> <span class='ocrx_word' id='word_1_243' title='bbox 1407 2765 1700 2826; x_wconf 90' lang='lat' dir='ltr'>senatoria</span> <span class='ocrx_word' id='word_1_244' title='bbox 1729 2782 1964 2825; x_wconf 89' lang='lat' dir='ltr'>munera</span> <span class='ocrx_word' id='word_1_245' title='bbox 1997 2763 2308 2840; x_wconf 81' lang='lat' dir='ltr'>fungeren-</span> 
     </span>
     <span class='ocr_line' id='line_1_33' title="bbox 295 2848 2384 2928; baseline -0.001 -21"><span class='ocrx_word' id='word_1_246' title='bbox 295 2858 419 2925; x_wconf 88' lang='lat' dir='ltr'>tur,</span> <span class='ocrx_word' id='word_1_247' title='bbox 470 2848 687 2926; x_wconf 88' lang='lat' dir='ltr'>sanxit,</span> <span class='ocrx_word' id='word_1_248' title='bbox 738 2854 797 2906; x_wconf 92' lang='lat' dir='ltr'>ut</span> <span class='ocrx_word' id='word_1_249' title='bbox 825 2848 984 2926; x_wconf 89' lang='lat' dir='ltr'>prius</span> <span class='ocrx_word' id='word_1_250' title='bbox 1016 2865 1185 2927; x_wconf 90' lang='lat' dir='ltr'>quam</span> <span class='ocrx_word' id='word_1_251' title='bbox 1217 2848 1551 2909; x_wconf 88' lang='lat' dir='ltr'>consideret</span> <span class='ocrx_word' id='word_1_252' title='bbox 1583 2850 1827 2928; x_wconf 91' lang='lat' dir='ltr'>quisque</span> <span class='ocrx_word' id='word_1_253' title='bbox 1858 2857 1985 2908; x_wconf 90' lang='lat' dir='ltr'>ture</span> <span class='ocrx_word' id='word_1_254' title='bbox 2031 2864 2101 2909; x_wconf 91' lang='lat' dir='ltr'>ac</span> <span class='ocrx_word' id='word_1_255' title='bbox 2144 2861 2307 2905; x_wconf 90' lang='lat' dir='ltr'>mero</span> <span class='ocrx_word' id='word_1_256' title='bbox 2327 2862 2384 2905; x_wconf 80' lang='grc' dir='ltr'>3ο</span> 
     </span>
     <span class='ocr_line' id='line_1_34' title="bbox 295 2931 2310 3011; baseline -0.001 -20"><span class='ocrx_word' id='word_1_257' title='bbox 295 2931 657 3011; x_wconf 88' lang='lat' dir='ltr'>supplicaret</span> <span class='ocrx_word' id='word_1_258' title='bbox 686 2931 839 3011; x_wconf 90' lang='lat' dir='ltr'>apud</span> <span class='ocrx_word' id='word_1_259' title='bbox 873 2949 1029 2993; x_wconf 89' lang='lat' dir='ltr'>aram</span> <span class='ocrx_word' id='word_1_260' title='bbox 1060 2932 1183 2991; x_wconf 90' lang='lat' dir='ltr'>eius</span> <span class='ocrx_word' id='word_1_261' title='bbox 1214 2932 1340 3010; x_wconf 91' lang='lat' dir='ltr'>dei,</span> <span class='ocrx_word' id='word_1_262' title='bbox 1388 2933 1445 2992; x_wconf 90' lang='lat' dir='ltr'>in</span> <span class='ocrx_word' id='word_1_263' title='bbox 1482 2933 1643 2993; x_wconf 92' lang='lat' dir='ltr'>cuius</span> <span class='ocrx_word' id='word_1_264' title='bbox 1671 2932 1892 3011; x_wconf 89' lang='lat' dir='ltr'>templo</span> <span class='ocrx_word' id='word_1_265' title='bbox 1927 2933 2214 3007; x_wconf 88' lang='lat' dir='ltr'>coiretur,</span> <span class='ocrx_word' id='word_1_266' title='bbox 2251 2937 2310 2989; x_wconf 88' lang='lat' dir='ltr'>et</span> 
     </span>
     <span class='ocr_line' id='line_1_35' title="bbox 295 3013 2307 3096; baseline -0.001 -22"><span class='ocrx_word' id='word_1_267' title='bbox 295 3034 368 3074; x_wconf 88' lang='lat' dir='ltr'>ne</span> <span class='ocrx_word' id='word_1_268' title='bbox 400 3016 530 3093; x_wconf 90' lang='lat' dir='ltr'>plus</span> <span class='ocrx_word' id='word_1_269' title='bbox 564 3034 733 3096; x_wconf 90' lang='lat' dir='ltr'>quam</span> <span class='ocrx_word' id='word_1_270' title='bbox 764 3015 854 3076; x_wconf 90' lang='lat' dir='ltr'>bis</span> <span class='ocrx_word' id='word_1_271' title='bbox 889 3017 946 3075; x_wconf 90' lang='lat' dir='ltr'>in</span> <span class='ocrx_word' id='word_1_272' title='bbox 986 3033 1185 3075; x_wconf 86' lang='lat' dir='ltr'>mense</span> <span class='ocrx_word' id='word_1_273' title='bbox 1222 3017 1514 3094; x_wconf 90' lang='lat' dir='ltr'>legitimus</span> <span class='ocrx_word' id='word_1_274' title='bbox 1564 3026 1798 3077; x_wconf 88' lang='lat' dir='ltr'>senatus</span> <span class='ocrx_word' id='word_1_275' title='bbox 1828 3026 2131 3094; x_wconf 89' lang='lat' dir='ltr'>ageretur,</span> <span class='ocrx_word' id='word_1_276' title='bbox 2175 3013 2307 3074; x_wconf 86' lang='lat' dir='ltr'>Kal.</span> 
     </span>
     <span class='ocr_line' id='line_1_36' title="bbox 295 3098 2309 3179; baseline 0 -23"><span class='ocrx_word' id='word_1_277' title='bbox 295 3107 353 3157; x_wconf 90' lang='lat' dir='ltr'>et</span> <span class='ocrx_word' id='word_1_278' title='bbox 402 3098 629 3177; x_wconf 90' lang='lat' dir='ltr'>Idibus,</span> <span class='ocrx_word' id='word_1_279' title='bbox 685 3118 836 3160; x_wconf 86' lang='lat' dir='ltr'>neve</span> <span class='ocrx_word' id='word_1_280' title='bbox 891 3099 1222 3179; x_wconf 89' lang='lat' dir='ltr'>Septembri</span> <span class='ocrx_word' id='word_1_281' title='bbox 1266 3100 1585 3161; x_wconf 86' lang='lat' dir='ltr'>Octobrive</span> <span class='ocrx_word' id='word_1_282' title='bbox 1637 3119 1837 3161; x_wconf 88' lang='lat' dir='ltr'>mense</span> <span class='ocrx_word' id='word_1_283' title='bbox 1890 3100 2044 3160; x_wconf 92' lang='lat' dir='ltr'>ullos</span> <span class='ocrx_word' id='word_1_284' title='bbox 2096 3098 2309 3161; x_wconf 90' lang='lat' dir='ltr'>adesse</span> 
     </span>
     <span class='ocr_line' id='line_1_37' title="bbox 294 3180 2308 3264; baseline 0 -23"><span class='ocrx_word' id='word_1_285' title='bbox 294 3180 441 3241; x_wconf 90' lang='lat' dir='ltr'>alios</span> <span class='ocrx_word' id='word_1_286' title='bbox 484 3201 733 3244; x_wconf 90' lang='lat' dir='ltr'>necesse</span> <span class='ocrx_word' id='word_1_287' title='bbox 778 3193 939 3244; x_wconf 90' lang='lat' dir='ltr'>esset</span> <span class='ocrx_word' id='word_1_288' title='bbox 980 3202 1150 3264; x_wconf 91' lang='lat' dir='ltr'>quam</span> <span class='ocrx_word' id='word_1_289' title='bbox 1193 3195 1354 3245; x_wconf 88' lang='lat' dir='ltr'>sorte</span> <span class='ocrx_word' id='word_1_290' title='bbox 1398 3185 1636 3262; x_wconf 74' lang='lat' dir='ltr'>ductoS,</span> <span class='ocrx_word' id='word_1_291' title='bbox 1682 3203 1791 3264; x_wconf 89' lang='lat' dir='ltr'>per</span> <span class='ocrx_word' id='word_1_292' title='bbox 1830 3202 2072 3264; x_wconf 89' lang='lat' dir='ltr'>quorum</span> <span class='ocrx_word' id='word_1_293' title='bbox 2113 3200 2308 3243; x_wconf 90' lang='lat' dir='ltr'>nume-</span> 
     </span>
     <span class='ocr_line' id='line_1_38' title="bbox 293 3263 2387 3349; baseline 0.001 -27"><span class='ocrx_word' id='word_1_294' title='bbox 293 3282 418 3323; x_wconf 91' lang='lat' dir='ltr'>rum</span> <span class='ocrx_word' id='word_1_295' title='bbox 451 3263 685 3327; x_wconf 90' lang='lat' dir='ltr'>decreta</span> <span class='ocrx_word' id='word_1_296' title='bbox 719 3269 930 3328; x_wconf 83' lang='lat' dir='ltr'>confici</span> <span class='ocrx_word' id='word_1_297' title='bbox 959 3277 1227 3347; x_wconf 88' lang='lat' dir='ltr'>possent;</span> <span class='ocrx_word' id='word_1_298' title='bbox 1278 3268 1502 3349; x_wconf 90' lang='lat' dir='ltr'>sibique</span> <span class='ocrx_word' id='word_1_299' title='bbox 1551 3270 1789 3330; x_wconf 89' lang='lat' dir='ltr'>instituit</span> <span class='ocrx_word' id='word_1_300' title='bbox 1835 3269 2079 3329; x_wconf 89' lang='lat' dir='ltr'>consilia</span> <span class='ocrx_word' id='word_1_301' title='bbox 2114 3266 2387 3327; x_wconf 70' lang='lat' dir='ltr'>sortiriss</span> 
     </span>
     <span class='ocr_line' id='line_1_39' title="bbox 294 3349 2309 3432; baseline 0.001 -25"><span class='ocrx_word' id='word_1_302' title='bbox 294 3349 668 3425; x_wconf 88' lang='lat' dir='ltr'>semenstria,</span> <span class='ocrx_word' id='word_1_303' title='bbox 714 3368 840 3410; x_wconf 90' lang='lat' dir='ltr'>cum</span> <span class='ocrx_word' id='word_1_304' title='bbox 887 3352 1094 3430; x_wconf 88' lang='lat' dir='ltr'>quibus</span> <span class='ocrx_word' id='word_1_305' title='bbox 1135 3352 1208 3412; x_wconf 90' lang='lat' dir='ltr'>de</span> <span class='ocrx_word' id='word_1_306' title='bbox 1239 3355 1493 3431; x_wconf 85' lang='lat' dir='ltr'>negotiis</span> <span class='ocrx_word' id='word_1_307' title='bbox 1538 3353 1609 3414; x_wconf 90' lang='lat' dir='ltr'>ad</span> <span class='ocrx_word' id='word_1_308' title='bbox 1652 3354 2016 3432; x_wconf 84' lang='lat' dir='ltr'>frequentem</span> <span class='ocrx_word' id='word_1_309' title='bbox 2048 3360 2309 3412; x_wconf 88' lang='lat' dir='ltr'>senatum</span> 
     </span>
     <span class='ocr_line' id='line_1_40' title="bbox 292 3430 2308 3516; baseline 0.003 -28"><span class='ocrx_word' id='word_1_310' title='bbox 292 3430 619 3501; x_wconf 80' lang='lat' dir='ltr'>referendis</span> <span class='ocrx_word' id='word_1_311' title='bbox 657 3440 788 3492; x_wconf 89' lang='lat' dir='ltr'>ante</span> <span class='ocrx_word' id='word_1_312' title='bbox 819 3440 1113 3497; x_wconf 89' lang='lat' dir='ltr'>tractaret.</span> <span class='ocrx_word' id='word_1_313' title='bbox 1190 3437 1521 3498; x_wconf 87' lang='lat' dir='ltr'>Sententias</span> <span class='ocrx_word' id='word_1_314' title='bbox 1558 3438 1628 3497; x_wconf 91' lang='lat' dir='ltr'>de</span> <span class='ocrx_word' id='word_1_315' title='bbox 1671 3439 1890 3498; x_wconf 90' lang='lat' dir='ltr'>maiore</span> <span class='ocrx_word' id='word_1_316' title='bbox 1916 3438 2157 3516; x_wconf 87' lang='lat' dir='ltr'>negotio</span> <span class='ocrx_word' id='word_1_317' title='bbox 2189 3451 2308 3495; x_wconf 89' lang='lat' dir='ltr'>non</span> 
     </span>
     <span class='ocr_line' id='line_1_41' title="bbox 292 3515 2308 3602; baseline 0.004 -32"><span class='ocrx_word' id='word_1_318' title='bbox 292 3528 454 3573; x_wconf 92' lang='lat' dir='ltr'>more</span> <span class='ocrx_word' id='word_1_319' title='bbox 487 3521 660 3593; x_wconf 86' lang='lat' dir='ltr'>atque</span> <span class='ocrx_word' id='word_1_320' title='bbox 693 3515 894 3577; x_wconf 87' lang='lat' dir='ltr'>ordine</span> <span class='ocrx_word' id='word_1_321' title='bbox 922 3520 1027 3580; x_wconf 90' lang='lat' dir='ltr'>sed</span> <span class='ocrx_word' id='word_1_322' title='bbox 1058 3530 1228 3600; x_wconf 90' lang='lat' dir='ltr'>prout</span> <span class='ocrx_word' id='word_1_323' title='bbox 1258 3521 1522 3582; x_wconf 87' lang='lat' dir='ltr'>libuisset</span> <span class='ocrx_word' id='word_1_324' title='bbox 1553 3522 1941 3602; x_wconf 86' lang='lat' dir='ltr'>perrogabat,</span> <span class='ocrx_word' id='word_1_325' title='bbox 1973 3529 2033 3582; x_wconf 88' lang='lat' dir='ltr'>ut</span> <span class='ocrx_word' id='word_1_326' title='bbox 2064 3518 2308 3602; x_wconf 87' lang='lat' dir='ltr'>perinde</span> 
     </span>
    </p>
   </div>
  </div>
 </body>
</html>
