2553 3960
260 244 379 308 108
425 259 484 307 c.
519 258 822 307 snsrom
852 259 1107 320 Tamo.
1138 260 1235 306 ms
1259 259 1429 307 vrrs
1461 258 1831 307 casuum
1860 259 1998 306 ΜΒ.
2032 260 2139 311 111.

254 415 583 476 inconsulto
641 433 708 475 se
747 414 992 488 adisset,
1049 422 1288 491 questus
1330 422 1419 473 est
1462 414 1520 472 in
1560 422 1783 473 senatu.
1854 413 2042 473 Etiam
2085 432 2263 477 causa

254 501 454 560 mortis
494 499 675 559 fuisse
726 499 783 558 ei
831 516 940 577 per
964 494 1084 556 CN.
1128 497 1398 557 Pisonem
1441 495 1696 574 legatum
1740 497 1944 571 Syriae
1984 496 2258 577 creditur,

257 601 425 661 quem
464 600 601 643 mox
639 582 806 642 buius
853 581 1102 641 criminis
1142 599 1302 641 reum
1346 589 1543 659 putant
1576 579 1803 660 quidam
1831 579 2095 640 mandata
2121 598 2259 660 pro·

254 668 531 743 laturum,
572 667 681 726 nisi
727 684 797 726 ea
845 673 1076 725 secreto
1113 672 1405 724 ostentant
1432 663 1561 700 *³¹²*
1596 681 1745 743 quae
1779 664 2143 724 multifariam
2173 666 2258 725 in·

255 752 531 829 scriptum
574 759 632 810 et
680 768 787 828 per
830 757 1038 808 noctes
1080 747 1434 808 creberrime
1465 747 1843 808 adclamatum
1875 756 1994 808 est:
2042 748 2264 809 Redde
2288 774 2322 811 s

255 833 717 895 Germanicum!
770 834 951 907 Quam
1001 834 1393 910 suspicionem
1443 831 1803 892 confirmavit
1848 834 1979 911 ipse
2073 842 2260 911 ostes,

255 919 505 995 coniuge
552 918 722 977 etiam
762 935 832 976 ac
876 916 1077 976 liberis
1109 915 1434 977 Germanici
1478 914 1771 975 crudelem
1812 917 1870 975 in
1906 932 1999 975 mo
2044 933 2136 975 um
2173 917 2259 977 af·

256 1002 446 1062 flictis.
1523 1011 1528 1016 “
1994 1033 2000 1036 -

170 1097 240 1150 53
379 1085 595 1143 Nurum
622 1084 1040 1163 Agrippinam,
1073 1091 1209 1163 post
1236 1082 1420 1143 mariti
1449 1091 1693 1142 mortem
1723 1082 1961 1143 liberius
1993 1084 2258 1162 quiddam

254 1177 542 1248 questam,
583 1185 753 1227 mann
786 1165 1176 1245 ‘apprehendit
1207 1166 1553 1244 Graecoque
1585 1183 1763 1226 versu
1795 1165 1871 1226 So·
1898 1186 2022 1228 non
2055 1166 2250 1229 domi-
2281 1188 2342 1231 ιο

250 1251 461 1325 naris,
501 1250 714 1328 inquit,
743 1250 977 1329 filiola,
1010 1249 1305 1310 iniuriam
1338 1256 1396 1310 te
1426 1249 1716 1329 accipere
1744 1249 2115 1311 existimas?
2145 1270 2260 1311 nec

251 1334 372 1394 ullo
403 1350 538 1393 mox
567 1350 838 1393 sermone
868 1334 1136 1412 dignatus
1164 1343 1272 1393 est.
1339 1333 1639 1409 Quondam
1667 1352 1811 1394 vero
1840 1336 1991 1394 inter
2018 1353 2259 1396 caenam

253 1426 528 1497 porrecta
572 1436 605 1477 a
653 1436 719 1477 se
761 1434 932 1497 poma
963 1426 1200 1495 gustare
1232 1435 1350 1477 non
1384 1435 1578 1478 ausam
1613 1420 1783 1478 etiam
1811 1435 2031 1479 vocare
2063 1419 2256 1495 desiit,

254 1502 524 1561 simulans
548 1503 759 1561 veneni
785 1519 850 1561 se
882 1502 1117 1562 crimine
1147 1503 1401 1571 accersi;
1435 1519 1561 1562 cnm
1595 1510 2016 1580 praestructum
2047 1512 2255 1562 utrum·

255 1603 366 1663 que
397 1584 663 1645 consulto
695 1594 871 1662 esset,
907 1594 968 1646 ut
996 1593 1054 1644 et
1083 1587 1212 1663 ipse
1239 1585 1553 1664 temptandi
1576 1586 1765 1663 gratia
1797 1583 2036 1646 offerret
2069 1595 2128 1646 et
2156 1586 2256 1647 illa
2278 1608 2334 1651 rs

253 1670 418 1746 quasi
462 1670 839 1729 certissimum
898 1670 1130 1729 exitium
1173 1678 1428 1729 caveret.
1502 1668 1833 1729 Novissime
1880 1671 2258 1731 calumniatus

252 1751 425 1812 modo
459 1752 531 1812 ad
562 1762 804 1814 statuam
828 1754 1074 1831 Augusti
1102 1751 1276 1813 modo
1307 1752 1381 1813 ad
1403 1753 1698 1813 exercitus
1729 1754 2053 1831 confugere
2076 1753 2254 1830 velle,

250 1835 645 1896 Pandatariam
688 1837 1008 1914 relegavit,
1054 1836 1505 1914 convitiantique
1547 1836 1779 1896 oculum
1826 1854 1934 1915 per
1969 1838 2253 1898 centurio·

252 1937 381 1979 nem
413 1918 755 1979 verberibus
786 1921 1061 1980 excussit.
1117 1921 1342 1982 Rursus
1370 1921 1516 1979 mori
1546 1920 1736 1982 inedia
1768 1920 2104 2000 destinanti,
2147 1939 2256 2001 per

251 2005 365 2063 vim
404 2021 508 2063 ore
550 2003 812 2080 diducto,
857 2004 1108 2063 infulciri
1156 2004 1345 2064 cibum
1380 2005 1561 2064 iussit.
1627 2005 1745 2065 Sed
1778 2013 1837 2065 et
1870 2023 2251 2083 perseverari·
2268 2033 2325 2072 20

250 2096 364 2146 tem
409 2096 579 2164 atque
620 2089 696 2146 ita
728 2087 1083 2164 absumptam
1117 2089 1588 2148 criminosissime
1616 2090 1933 2149 insectatus
1962 2098 2078 2166 est,
2126 2106 2255 2149 cum

250 2170 400 2230 diem
424 2187 654 2247 quoque
677 2170 924 2230 natalem
955 2172 1080 2230 eius
1099 2173 1249 2231 inter
1279 2172 1541 2232 nefastos
1563 2172 1934 2233 referendum
1956 2175 2253 2233 suasisset.

248 2253 555 2330 Imputavit
584 2255 787 2330 etiam,
834 2254 989 2333 quod
1016 2270 1132 2314 non
1164 2255 1377 2335 laqueo
1414 2256 1828 2334 strangulatam
1856 2259 1914 2316 in
1946 2256 2260 2318 Gemonias-

249 2336 559 2396 abieceritt
606 2355 828 2417 proque
883 2338 984 2398 tali
1027 2338 1333 2400 clementia
1374 2340 1666 2417 interponi
1707 2340 2002 2400 decretum
2045 2358 2254 2420 passus

250 2428 374 2495 est,
419 2437 534 2496 quo
579 2420 688 2480 sibi
726 2422 950 2497 gratiae
969 2432 1285 2500 agerentur
1329 2432 1387 2483 et
1415 2421 1746 2502 Capitolino
1776 2423 1905 2484 Iovi
1939 2424 2147 2484 donum
2178 2442 2323 2486 exzs

248 2520 391 2565 auro
422 2512 767 2564 sacraretur.

166 2593 234 2647 54
373 2584 514 2647 Cum
551 2606 626 2648 ex
656 2587 996 2649 Germanico
1027 2599 1150 2650 tres
1181 2599 1460 2669 nepotes,
1503 2590 1797 2650 Neronem
1827 2600 1885 2651 et
1912 2591 2162 2651 Drusum
2193 2600 2253 2651 et

249 2671 478 2748 Gaium,
526 2690 601 2732 ex
632 2672 824 2732 Druso
868 2691 1037 2733 unum
1070 2673 1362 2734 Tiberium
1404 2673 1682 2748 haberet,
1726 2674 2030 2734 destitutus
2065 2683 2253 2735 morte

246 2755 561 2816 liberorum
596 2757 891 2817 ’maximos
949 2765 1082 2817 natu
1142 2757 1214 2817 de
1265 2757 1590 2819 Germanici
1633 2756 1799 2835 tiliis,
1849 2758 2143 2818 Neronem
2194 2767 2252 2818 et

243 2839 509 2916 Drusum,
538 2839 796 2918 patribus
828 2842 1177 2919 conscriptis
1201 2841 1621 2902 commendavit
1651 2840 1920 2921 diemque
1949 2845 2247 2921 utriusque
2265 2862 2319 2903 so

245 2924 492 2984 tirocinii
537 2925 834 3002 congiario
875 2923 1073 3003 plebei
1122 2924 1256 2985 dato
1301 2925 1639 2986 celebravit.
1705 2925 1822 2986 Sed
1851 2935 1913 2986 ut
1945 2927 2248 3006 comperit,

245 3007 474 3067 ineunte
503 3025 653 3068 anno
679 3025 787 3088 pro
818 3025 1017 3068 eorum
1049 3025 1282 3088 qnoque
1312 3009 1497 3070 salute
1531 3009 1766 3089 publice
1796 3019 1931 3072 vota
1957 3019 2247 3088 suscepta,

246 3090 367 3164 egit
411 3109 536 3149 cum
567 3101 802 3168 senatu,
847 3110 971 3153 non
1001 3090 1226 3153 debere
1260 3094 1417 3154 talia
1441 3094 1733 3172 praemia
1764 3092 1959 3154 tribui
1982 3094 2108 3155 nisi
2138 3112 2243 3155 em·

241 3170 441 3249 perlis
470 3179 531 3233 et
557 3181 760 3236 aetate
778 3176 1129 3254 provectis.-
1180 3187 1354 3277 atque
1388 3196 1463 3239 ex
1494 3195 1601 3254 eo,
1648 3178 1940 3257 patefacta
1970 3179 2248 3238 interiore

245 3254 413 3314 animi
462 3257 550 3313 sui
601 3265 769 3334 nota,
823 3261 1071 3320 omnium
1115 3261 1602 3322 criminationibus
1646 3260 1937 3322 obnoxios
1981 3260 2313 3339 reddiditsts

243 3337 517 3414 variaque
559 3338 762 3400 frande
810 3343 1109 3422 inductos,
1150 3355 1210 3405 ut
1253 3355 1315 3406 et
1345 3347 1777 3407 concitarentur
1805 3345 1878 3405 ad
1911 3346 2158 3406 convitia
2189 3353 2250 3404 et
2355 3331 2373 3363 ⁸

247 3420 519 3516 concitati
534 3421 964 3516 proderentur,
998 3432 1298 3491 accusavit
1327 3449 1437 3510 per
1471 3430 1696 3490 litteras
1725 3429 2080 3491 amarissime
2111 3444 2247 3488 con·

244 3509 430 3573 gestis
471 3510 638 3561 enam
654 3505 937 3587 probris,
978 3520 1036 3570 et
1058 3513 1341 3574 iudicatos
1372 3513 1558 3574 hostis
1585 3514 1738 3575 fame
1768 3514 2028 3574 necavit:
2062 3512 2247 3572 Nero·
