<?xml version="1.0" encoding="UTF-8"?>
<!DOCTYPE html PUBLIC "-//W3C//DTD XHTML 1.0 Transitional//EN"
    "http://www.w3.org/TR/xhtml1/DTD/xhtml1-transitional.dtd">
<html xmlns="http://www.w3.org/1999/xhtml" xml:lang="en" lang="en">
 <head>
  <title>
</title>
<meta http-equiv="Content-Type" content="text/html;charset=utf-8" />
  <meta name='ocr-system' content='tesseract 3.04.00' />
  <meta name='ocr-capabilities' content='ocr_page ocr_carea ocr_par ocr_line ocrx_word'/>
</head>
<body>
  <div class='ocr_page' id='page_1' title='image "./csuetonitranqui06rothgoog_0209.png"; bbox 0 0 2553 3960; ppageno 0'>
   <div class='ocr_carea' id='block_1_1' title="bbox 1121 141 2273 202">
    <p class='ocr_par' dir='ltr' id='par_1_1' title="bbox 1121 141 2273 202">
     <span class='ocr_line' id='line_1_1' title="bbox 1121 141 2273 202; baseline 0 -2"><span class='ocrx_word' id='word_1_1' title='bbox 1121 151 1460 202; x_wconf 68' lang='lat' dir='ltr'><strong>rumeins.</strong></span> <span class='ocrx_word' id='word_1_2' title='bbox 2191 141 2273 202; x_wconf 80' lang='lat'><strong>97</strong></span> 
     </span>
    </p>
   </div>
   <div class='ocr_carea' id='block_1_2' title="bbox 208 305 2360 1616">
    <p class='ocr_par' dir='ltr' id='par_1_2' title="bbox 277 305 2275 635">
     <span class='ocr_line' id='line_1_2' title="bbox 280 305 2273 386; baseline -0.001 -20"><span class='ocrx_word' id='word_1_3' title='bbox 280 306 439 367; x_wconf 88' lang='lat' dir='ltr'><strong>Livia</strong></span> <span class='ocrx_word' id='word_1_4' title='bbox 480 314 539 365; x_wconf 91' lang='lat' dir='ltr'><strong>et</strong></span> <span class='ocrx_word' id='word_1_5' title='bbox 580 323 649 365; x_wconf 90' lang='lat' dir='ltr'><strong>ea</strong></span> <span class='ocrx_word' id='word_1_6' title='bbox 695 307 935 365; x_wconf 89' lang='lat' dir='ltr'><strong>conscio</strong></span> <span class='ocrx_word' id='word_1_7' title='bbox 965 305 1199 367; x_wconf 90' lang='lat' dir='ltr'><strong>Tiberio</strong></span> <span class='ocrx_word' id='word_1_8' title='bbox 1248 325 1319 367; x_wconf 86' lang='lat' dir='ltr'><strong>an</strong></span> <span class='ocrx_word' id='word_1_9' title='bbox 1361 309 1565 385; x_wconf 89' lang='lat' dir='ltr'><strong>ignaro</strong></span> <span class='ocrx_word' id='word_1_10' title='bbox 1585 353 1603 386; x_wconf 93' lang='lat'><strong>,</strong></span> <span class='ocrx_word' id='word_1_11' title='bbox 1648 308 1945 369; x_wconf 77' lang='lat' dir='ltr'><strong>dictasset.</strong></span> <span class='ocrx_word' id='word_1_12' title='bbox 2008 305 2273 367; x_wconf 87' lang='lat' dir='ltr'><strong>Tiberius</strong></span> 
     </span>
     <span class='ocr_line' id='line_1_3' title="bbox 280 387 2272 472; baseline -0.001 -22"><span class='ocrx_word' id='word_1_13' title='bbox 280 389 625 450; x_wconf 82' lang='lat' dir='ltr'><strong>renuntianti</strong></span> <span class='ocrx_word' id='word_1_14' title='bbox 655 387 882 450; x_wconf 89' lang='lat' dir='ltr'><strong>tribuno</strong></span> <span class='ocrx_word' id='word_1_15' title='bbox 900 435 918 464; x_wconf 93' lang='lat'><strong>,</strong></span> <span class='ocrx_word' id='word_1_16' title='bbox 951 389 1163 449; x_wconf 81' lang='lat' dir='ltr'><strong>factum</strong></span> <span class='ocrx_word' id='word_1_17' title='bbox 1195 408 1330 451; x_wconf 90' lang='lat' dir='ltr'><strong>esse</strong></span> <span class='ocrx_word' id='word_1_18' title='bbox 1360 390 1513 469; x_wconf 86' lang='lat' dir='ltr'><strong>quod</strong></span> <span class='ocrx_word' id='word_1_19' title='bbox 1541 393 1917 472; x_wconf 81' lang='lat' dir='ltr'><strong>imperasset,</strong></span> <span class='ocrx_word' id='word_1_20' title='bbox 1947 406 2140 469; x_wconf 81' lang='lat' dir='ltr'><strong>neque</strong></span> <span class='ocrx_word' id='word_1_21' title='bbox 2166 389 2272 449; x_wconf 78' lang='lat' dir='ltr'><strong>im-</strong></span> 
     </span>
     <span class='ocr_line' id='line_1_4' title="bbox 277 472 2274 553; baseline -0.001 -19"><span class='ocrx_word' id='word_1_22' title='bbox 277 489 544 552; x_wconf 80' lang='lat' dir='ltr'><strong>perasse</strong></span> <span class='ocrx_word' id='word_1_23' title='bbox 585 489 654 531; x_wconf 92' lang='lat' dir='ltr'><strong>se</strong></span> <span class='ocrx_word' id='word_1_24' title='bbox 693 478 752 532; x_wconf 93' lang='lat' dir='ltr'><strong>et</strong></span> <span class='ocrx_word' id='word_1_25' title='bbox 784 472 1166 534; x_wconf 80' lang='lat' dir='ltr'><strong>redditurum</strong></span> <span class='ocrx_word' id='word_1_26' title='bbox 1193 492 1329 534; x_wconf 83' lang='lat' dir='ltr'><strong>eum</strong></span> <span class='ocrx_word' id='word_1_27' title='bbox 1359 476 1606 536; x_wconf 78' lang='lat' dir='ltr'><strong>senatui</strong></span> <span class='ocrx_word' id='word_1_28' title='bbox 1631 476 1931 536; x_wconf 77' lang='lat' dir='ltr'><strong>rationem</strong></span> <span class='ocrx_word' id='word_1_29' title='bbox 1959 473 2274 553; x_wconf 88' lang='lat' dir='ltr'><strong>respondit,</strong></span> 
     </span>
     <span class='ocr_line' id='line_1_5' title="bbox 284 554 2275 635; baseline -0.001 -19"><span class='ocrx_word' id='word_1_30' title='bbox 284 555 550 616; x_wconf 84' lang='lat' dir='ltr'><strong>invidiam</strong></span> <span class='ocrx_word' id='word_1_31' title='bbox 582 554 811 615; x_wconf 89' lang='lat' dir='ltr'><strong>scilicet</strong></span> <span class='ocrx_word' id='word_1_32' title='bbox 837 558 893 615; x_wconf 89' lang='lat' dir='ltr'><strong>iu</strong></span> <span class='ocrx_word' id='word_1_33' title='bbox 924 559 1254 635; x_wconf 89' lang='lat' dir='ltr'><strong>praesentia</strong></span> <span class='ocrx_word' id='word_1_34' title='bbox 1286 558 1491 617; x_wconf 85' lang='lat' dir='ltr'><strong>vitans.</strong></span> <span class='ocrx_word' id='word_1_35' title='bbox 1557 558 1701 619; x_wconf 89' lang='lat' dir='ltr'><strong>Nam</strong></span> <span class='ocrx_word' id='word_1_36' title='bbox 1728 575 1863 617; x_wconf 83' lang='lat' dir='ltr'><strong>mox</strong></span> <span class='ocrx_word' id='word_1_37' title='bbox 1896 556 2122 618; x_wconf 89' lang='lat' dir='ltr'><strong>silentio</strong></span> <span class='ocrx_word' id='word_1_38' title='bbox 2153 573 2275 616; x_wconf 90' lang='lat' dir='ltr'><strong>rem</strong></span> 
     </span>
    </p>

    <p class='ocr_par' dir='ltr' id='par_1_3' title="bbox 234 638 2360 1053">
     <span class='ocr_line' id='line_1_6' title="bbox 234 638 2360 721; baseline 0.001 -23"><span class='ocrx_word' id='word_1_39' title='bbox 234 659 263 698; x_wconf 78' lang='lat' dir='ltr'><strong>s</strong></span> <span class='ocrx_word' id='word_1_40' title='bbox 285 638 631 700; x_wconf 84' lang='lat' dir='ltr'><strong>obliteravit.</strong></span> <span class='ocrx_word' id='word_1_41' title='bbox 699 638 831 699; x_wconf 90' lang='lat' dir='ltr'><strong>Iure</strong></span> <span class='ocrx_word' id='word_1_42' title='bbox 871 648 1059 699; x_wconf 88' lang='lat' dir='ltr'><strong>autem</strong></span> <span class='ocrx_word' id='word_1_43' title='bbox 1102 640 1437 701; x_wconf 78' lang='lat' dir='ltr'><strong>tribuniciae</strong></span> <span class='ocrx_word' id='word_1_44' title='bbox 1481 642 1787 721; x_wconf 89' lang='lat' dir='ltr'><strong>potestatis</strong></span> <span class='ocrx_word' id='word_1_45' title='bbox 1828 650 2032 702; x_wconf 90' lang='lat' dir='ltr'><strong>coacto</strong></span> <span class='ocrx_word' id='word_1_46' title='bbox 2076 649 2275 701; x_wconf 89' lang='lat' dir='ltr'><strong>senatu</strong></span> <span class='ocrx_word' id='word_1_47' title='bbox 2290 645 2360 700; x_wconf 83' lang='lat'><strong>23</strong></span> 
     </span>
     <span class='ocr_line' id='line_1_7' title="bbox 286 721 2272 804; baseline -0.001 -22"><span class='ocrx_word' id='word_1_48' title='bbox 286 722 666 801; x_wconf 87' lang='lat' dir='ltr'><strong>inchoataque</strong></span> <span class='ocrx_word' id='word_1_49' title='bbox 710 721 1108 801; x_wconf 79' lang='lat' dir='ltr'><strong>adlocutione,</strong></span> <span class='ocrx_word' id='word_1_50' title='bbox 1151 724 1471 804; x_wconf 83' lang='lat' dir='ltr'><strong>derepente</strong></span> <span class='ocrx_word' id='word_1_51' title='bbox 1513 725 1672 785; x_wconf 84' lang='lat' dir='ltr'><strong>velut</strong></span> <span class='ocrx_word' id='word_1_52' title='bbox 1712 728 1893 804; x_wconf 85' lang='lat' dir='ltr'><strong>impar</strong></span> <span class='ocrx_word' id='word_1_53' title='bbox 1922 723 2108 785; x_wconf 90' lang='lat' dir='ltr'><strong>dolori</strong></span> <span class='ocrx_word' id='word_1_54' title='bbox 2139 740 2272 782; x_wconf 90' lang='lat' dir='ltr'><strong>con-</strong></span> 
     </span>
     <span class='ocr_line' id='line_1_8' title="bbox 286 805 2276 888; baseline 0.001 -24"><span class='ocrx_word' id='word_1_55' title='bbox 286 807 519 883; x_wconf 81' lang='lat' dir='ltr'><strong>gemuit,</strong></span> <span class='ocrx_word' id='word_1_56' title='bbox 551 815 725 884; x_wconf 87' lang='lat' dir='ltr'><strong>utque</strong></span> <span class='ocrx_word' id='word_1_57' title='bbox 753 822 870 866; x_wconf 90' lang='lat' dir='ltr'><strong>uon</strong></span> <span class='ocrx_word' id='word_1_58' title='bbox 905 805 1089 866; x_wconf 92' lang='lat' dir='ltr'><strong>solum</strong></span> <span class='ocrx_word' id='word_1_59' title='bbox 1119 825 1237 867; x_wconf 83' lang='lat' dir='ltr'><strong>vox</strong></span> <span class='ocrx_word' id='word_1_60' title='bbox 1265 807 1370 867; x_wconf 90' lang='lat' dir='ltr'><strong>sed</strong></span> <span class='ocrx_word' id='word_1_61' title='bbox 1398 817 1457 867; x_wconf 86' lang='lat' dir='ltr'><strong>et</strong></span> <span class='ocrx_word' id='word_1_62' title='bbox 1482 810 1715 888; x_wconf 87' lang='lat' dir='ltr'><strong>spiritus</strong></span> <span class='ocrx_word' id='word_1_63' title='bbox 1749 809 2025 868; x_wconf 84' lang='lat' dir='ltr'><strong>deficeret</strong></span> <span class='ocrx_word' id='word_1_64' title='bbox 2056 807 2276 886; x_wconf 89' lang='lat' dir='ltr'><strong>optavit</strong></span> 
     </span>
     <span class='ocr_line' id='line_1_9' title="bbox 285 888 2273 968; baseline -0.001 -18"><span class='ocrx_word' id='word_1_65' title='bbox 285 907 358 950; x_wconf 89' lang='lat' dir='ltr'><strong>ac</strong></span> <span class='ocrx_word' id='word_1_66' title='bbox 397 888 813 968; x_wconf 84' lang='lat' dir='ltr'><strong>perlegendum</strong></span> <span class='ocrx_word' id='word_1_67' title='bbox 856 888 1061 950; x_wconf 91' lang='lat' dir='ltr'><strong>librum</strong></span> <span class='ocrx_word' id='word_1_68' title='bbox 1099 889 1289 951; x_wconf 85' lang='lat' dir='ltr'><strong>Druso</strong></span> <span class='ocrx_word' id='word_1_69' title='bbox 1332 890 1449 951; x_wconf 87' lang='lat' dir='ltr'><strong>filio</strong></span> <span class='ocrx_word' id='word_1_70' title='bbox 1492 892 1737 953; x_wconf 87' lang='lat' dir='ltr'><strong>tradidit.</strong></span> <span class='ocrx_word' id='word_1_71' title='bbox 1800 890 2041 951; x_wconf 90' lang='lat' dir='ltr'><strong>Inlatum</strong></span> <span class='ocrx_word' id='word_1_72' title='bbox 2066 889 2273 950; x_wconf 90' lang='lat' dir='ltr'><strong>deinde</strong></span> 
     </span>
     <span class='ocr_line' id='line_1_10' title="bbox 284 973 2276 1053; baseline -0.001 -20"><span class='ocrx_word' id='word_1_73' title='bbox 284 973 533 1049; x_wconf 80' lang='lat' dir='ltr'><strong>Augusti</strong></span> <span class='ocrx_word' id='word_1_74' title='bbox 565 981 980 1049; x_wconf 85' lang='lat' dir='ltr'><strong>testamentum,</strong></span> <span class='ocrx_word' id='word_1_75' title='bbox 1014 989 1131 1033; x_wconf 92' lang='lat' dir='ltr'><strong>non</strong></span> <span class='ocrx_word' id='word_1_76' title='bbox 1160 974 1423 1034; x_wconf 85' lang='lat' dir='ltr'><strong>admissis</strong></span> <span class='ocrx_word' id='word_1_77' title='bbox 1448 976 1838 1053; x_wconf 84' lang='lat' dir='ltr'><strong>signatoribus</strong></span> <span class='ocrx_word' id='word_1_78' title='bbox 1863 976 1973 1033; x_wconf 89' lang='lat' dir='ltr'><strong>nisi</strong></span> <span class='ocrx_word' id='word_1_79' title='bbox 2002 974 2276 1034; x_wconf 89' lang='lat' dir='ltr'><strong>senatorii</strong></span> 
     </span>
    </p>

    <p class='ocr_par' dir='ltr' id='par_1_4' title="bbox 208 1055 2356 1469">
     <span class='ocr_line' id='line_1_11' title="bbox 208 1055 2277 1137; baseline -0.001 -20"><span class='ocrx_word' id='word_1_80' title='bbox 208 1075 264 1116; x_wconf 77' lang='grc' dir='ltr'><strong>ιο</strong></span> <span class='ocrx_word' id='word_1_81' title='bbox 285 1055 537 1131; x_wconf 87' lang='lat' dir='ltr'><strong>ordinis,</strong></span> <span class='ocrx_word' id='word_1_82' title='bbox 586 1058 800 1115; x_wconf 90' lang='lat' dir='ltr'><strong>ceteris</strong></span> <span class='ocrx_word' id='word_1_83' title='bbox 844 1066 1009 1117; x_wconf 88' lang='lat' dir='ltr'><strong>extra</strong></span> <span class='ocrx_word' id='word_1_84' title='bbox 1045 1059 1257 1118; x_wconf 90' lang='lat' dir='ltr'><strong>curiam</strong></span> <span class='ocrx_word' id='word_1_85' title='bbox 1291 1060 1457 1134; x_wconf 89' lang='lat' dir='ltr'><strong>signa</strong></span> <span class='ocrx_word' id='word_1_86' title='bbox 1490 1057 1968 1137; x_wconf 88' lang='lat' dir='ltr'><strong>agnoscentibus,</strong></span> <span class='ocrx_word' id='word_1_87' title='bbox 2012 1057 2277 1117; x_wconf 88' lang='lat' dir='ltr'><strong>recitavit</strong></span> 
     </span>
     <span class='ocr_line' id='line_1_12' title="bbox 287 1138 2273 1219; baseline 0.001 -20"><span class='ocrx_word' id='word_1_88' title='bbox 287 1158 396 1219; x_wconf 87' lang='lat' dir='ltr'><strong>per</strong></span> <span class='ocrx_word' id='word_1_89' title='bbox 423 1138 709 1198; x_wconf 89' lang='lat' dir='ltr'><strong>libertum.</strong></span> <span class='ocrx_word' id='word_1_90' title='bbox 772 1139 1124 1201; x_wconf 87' lang='lat' dir='ltr'><strong>Testamenti</strong></span> <span class='ocrx_word' id='word_1_91' title='bbox 1165 1142 1378 1200; x_wconf 89' lang='lat' dir='ltr'><strong>initium</strong></span> <span class='ocrx_word' id='word_1_92' title='bbox 1403 1142 1539 1204; x_wconf 87' lang='lat' dir='ltr'><strong>fuit:</strong></span> <span class='ocrx_word' id='word_1_93' title='bbox 1575 1140 1894 1216; x_wconf 81' lang='lat' dir='ltr'><strong>-Quom‘am</strong></span> <span class='ocrx_word' id='word_1_94' title='bbox 1927 1148 2117 1202; x_wconf 74' lang='lat' dir='ltr'><strong>atrox</strong></span> <span class='ocrx_word' id='word_1_95' title='bbox 2138 1140 2273 1218; x_wconf 80' lang='lat' dir='ltr'><strong>for·</strong></span> 
     </span>
     <span class='ocr_line' id='line_1_13' title="bbox 285 1221 2356 1304; baseline 0.002 -20"><span class='ocrx_word' id='word_1_96' title='bbox 285 1231 435 1284; x_wconf 77' lang='lat' dir='ltr'><strong>tuna</strong></span> <span class='ocrx_word' id='word_1_97' title='bbox 472 1221 693 1281; x_wconf 83' lang='lat' dir='ltr'><strong>Gaium</strong></span> <span class='ocrx_word' id='word_1_98' title='bbox 719 1229 781 1284; x_wconf 92' lang='lat' dir='ltr'><strong>et</strong></span> <span class='ocrx_word' id='word_1_99' title='bbox 807 1221 1063 1283; x_wconf 79' lang='lat' dir='ltr'><strong>Lucium</strong></span> <span class='ocrx_word' id='word_1_100' title='bbox 1097 1224 1265 1301; x_wconf 76' lang='lat' dir='ltr'><strong>filios</strong></span> <span class='ocrx_word' id='word_1_101' title='bbox 1304 1225 1453 1285; x_wconf 74' lang='lat' dir='ltr'><strong>mihi</strong></span> <span class='ocrx_word' id='word_1_102' title='bbox 1484 1226 1740 1304; x_wconf 78' lang='lat' dir='ltr'><strong>eripuit,</strong></span> <span class='ocrx_word' id='word_1_103' title='bbox 1802 1223 2083 1285; x_wconf 76' lang='lat' dir='ltr'><strong>Tiberius</strong></span> <span class='ocrx_word' id='word_1_104' title='bbox 2118 1221 2274 1284; x_wconf 82' lang='lat' dir='ltr'><strong>Cae·</strong></span> <span class='ocrx_word' id='word_1_105' title='bbox 2350 1282 2356 1288; x_wconf 87' lang='lat'><strong>.</strong></span> 
     </span>
     <span class='ocr_line' id='line_1_14' title="bbox 285 1304 2279 1383; baseline -0.001 -16"><span class='ocrx_word' id='word_1_106' title='bbox 285 1323 401 1367; x_wconf 83' lang='lat' dir='ltr'><strong>sar</strong></span> <span class='ocrx_word' id='word_1_107' title='bbox 443 1304 592 1366; x_wconf 78' lang='lat' dir='ltr'><strong>mihi</strong></span> <span class='ocrx_word' id='word_1_108' title='bbox 632 1324 712 1365; x_wconf 75' lang='lat' dir='ltr'><strong>ex</strong></span> <span class='ocrx_word' id='word_1_109' title='bbox 743 1315 933 1383; x_wconf 83' lang='lat' dir='ltr'><strong>parte</strong></span> <span class='ocrx_word' id='word_1_110' title='bbox 960 1305 1218 1368; x_wconf 76' lang='lat' dir='ltr'><strong>dimidia</strong></span> <span class='ocrx_word' id='word_1_111' title='bbox 1249 1314 1307 1368; x_wconf 92' lang='lat' dir='ltr'><strong>et</strong></span> <span class='ocrx_word' id='word_1_112' title='bbox 1336 1315 1618 1370; x_wconf 74' lang='lat' dir='ltr'><strong>sextante</strong></span> <span class='ocrx_word' id='word_1_113' title='bbox 1646 1308 1823 1369; x_wconf 70' lang='lat' dir='ltr'><strong>heres</strong></span> <span class='ocrx_word' id='word_1_114' title='bbox 1851 1314 1999 1369; x_wconf 85' lang='lat' dir='ltr'><strong>esto.</strong></span> <span class='ocrx_word' id='word_1_115' title='bbox 2062 1307 2189 1382; x_wconf 85' lang='lat' dir='ltr'><strong>Quo</strong></span> <span class='ocrx_word' id='word_1_116' title='bbox 2222 1314 2279 1365; x_wconf 88' lang='lat' dir='ltr'><strong>et</strong></span> 
     </span>
     <span class='ocr_line' id='line_1_15' title="bbox 286 1391 2278 1469; baseline -0.001 -20"><span class='ocrx_word' id='word_1_117' title='bbox 286 1391 417 1468; x_wconf 92' lang='lat' dir='ltr'><strong>ipso</strong></span> <span class='ocrx_word' id='word_1_118' title='bbox 453 1397 619 1449; x_wconf 88' lang='lat' dir='ltr'><strong>aucta</strong></span> <span class='ocrx_word' id='word_1_119' title='bbox 649 1391 890 1469; x_wconf 88' lang='lat' dir='ltr'><strong>suspitio</strong></span> <span class='ocrx_word' id='word_1_120' title='bbox 928 1399 1018 1450; x_wconf 89' lang='lat' dir='ltr'><strong>est</strong></span> <span class='ocrx_word' id='word_1_121' title='bbox 1044 1392 1413 1468; x_wconf 81' lang='lat' dir='ltr'><strong>opinantium,</strong></span> <span class='ocrx_word' id='word_1_122' title='bbox 1448 1410 1850 1452; x_wconf 86' lang='lat' dir='ltr'><strong>successorem</strong></span> <span class='ocrx_word' id='word_1_123' title='bbox 1878 1393 2117 1452; x_wconf 90' lang='lat' dir='ltr'><strong>ascitum</strong></span> <span class='ocrx_word' id='word_1_124' title='bbox 2152 1407 2278 1450; x_wconf 91' lang='lat' dir='ltr'><strong>eum</strong></span> 
     </span>
    </p>

    <p class='ocr_par' dir='ltr' id='par_1_5' title="bbox 210 1472 2276 1616">
     <span class='ocr_line' id='line_1_16' title="bbox 210 1472 2276 1555; baseline -0.001 -21"><span class='ocrx_word' id='word_1_125' title='bbox 210 1495 264 1534; x_wconf 68' lang='grc' dir='ltr'><strong>ιε</strong></span> <span class='ocrx_word' id='word_1_126' title='bbox 283 1472 637 1533; x_wconf 86' lang='lat' dir='ltr'><strong>necessitate</strong></span> <span class='ocrx_word' id='word_1_127' title='bbox 666 1474 852 1549; x_wconf 90' lang='lat' dir='ltr'><strong>magis</strong></span> <span class='ocrx_word' id='word_1_128' title='bbox 879 1490 1046 1552; x_wconf 88' lang='lat' dir='ltr'><strong>quam</strong></span> <span class='ocrx_word' id='word_1_129' title='bbox 1074 1473 1317 1550; x_wconf 90' lang='lat' dir='ltr'><strong>iudicio,</strong></span> <span class='ocrx_word' id='word_1_130' title='bbox 1351 1475 1577 1553; x_wconf 84' lang='lat' dir='ltr'><strong>quando</strong></span> <span class='ocrx_word' id='word_1_131' title='bbox 1609 1478 1686 1536; x_wconf 90' lang='lat' dir='ltr'><strong>ita</strong></span> <span class='ocrx_word' id='word_1_132' title='bbox 1719 1475 1970 1555; x_wconf 85' lang='lat' dir='ltr'><strong>praefari</strong></span> <span class='ocrx_word' id='word_1_133' title='bbox 1997 1492 2113 1535; x_wconf 87' lang='lat' dir='ltr'><strong>non</strong></span> <span class='ocrx_word' id='word_1_134' title='bbox 2148 1472 2276 1534; x_wconf 89' lang='lat' dir='ltr'><strong>abs-</strong></span> 
     </span>
     <span class='ocr_line' id='line_1_17' title="bbox 283 1558 532 1616; baseline -0.008 0"><span class='ocrx_word' id='word_1_135' title='bbox 283 1558 532 1616; x_wconf 86' lang='lat' dir='ltr'><strong>tinuerit.</strong></span> 
     </span>
    </p>
   </div>
   <div class='ocr_carea' id='block_1_3' title="bbox 208 1640 2368 3386">
    <p class='ocr_par' dir='ltr' id='par_1_6' title="bbox 288 1640 2363 1890">
     <span class='ocr_line' id='line_1_18' title="bbox 410 1640 2363 1721; baseline -0.002 -21"><span class='ocrx_word' id='word_1_136' title='bbox 410 1640 825 1718; x_wconf 88' lang='lat' dir='ltr'><strong>Principatum,</strong></span> <span class='ocrx_word' id='word_1_137' title='bbox 880 1642 1134 1717; x_wconf 86' lang='lat' dir='ltr'><strong>quamvis</strong></span> <span class='ocrx_word' id='word_1_138' title='bbox 1177 1659 1366 1721; x_wconf 87' lang='lat' dir='ltr'><strong>neque</strong></span> <span class='ocrx_word' id='word_1_139' title='bbox 1404 1658 1695 1720; x_wconf 87' lang='lat' dir='ltr'><strong>occupare</strong></span> <span class='ocrx_word' id='word_1_140' title='bbox 1740 1641 2045 1701; x_wconf 83' lang='lat' dir='ltr'><strong>confestim</strong></span> <span class='ocrx_word' id='word_1_141' title='bbox 2092 1645 2363 1717; x_wconf 83' lang='lat' dir='ltr'><strong>neque24</strong></span> 
     </span>
     <span class='ocr_line' id='line_1_19' title="bbox 289 1721 2279 1801; baseline -0.003 -16"><span class='ocrx_word' id='word_1_142' title='bbox 289 1741 469 1800; x_wconf 90' lang='lat' dir='ltr'><strong>agere</strong></span> <span class='ocrx_word' id='word_1_143' title='bbox 508 1721 859 1797; x_wconf 85' lang='lat' dir='ltr'><strong>dubitasset,</strong></span> <span class='ocrx_word' id='word_1_144' title='bbox 906 1731 964 1781; x_wconf 92' lang='lat' dir='ltr'><strong>et</strong></span> <span class='ocrx_word' id='word_1_145' title='bbox 1000 1725 1249 1784; x_wconf 87' lang='lat' dir='ltr'><strong>statione</strong></span> <span class='ocrx_word' id='word_1_146' title='bbox 1292 1725 1559 1801; x_wconf 90' lang='lat' dir='ltr'><strong>militum,</strong></span> <span class='ocrx_word' id='word_1_147' title='bbox 1611 1724 1722 1785; x_wconf 89' lang='lat' dir='ltr'><strong>hoc</strong></span> <span class='ocrx_word' id='word_1_148' title='bbox 1765 1733 1854 1785; x_wconf 88' lang='lat' dir='ltr'><strong>est</strong></span> <span class='ocrx_word' id='word_1_149' title='bbox 1896 1726 1950 1783; x_wconf 84' lang='lat' dir='ltr'><strong>vi</strong></span> <span class='ocrx_word' id='word_1_150' title='bbox 1992 1732 2050 1783; x_wconf 90' lang='lat' dir='ltr'><strong>et</strong></span> <span class='ocrx_word' id='word_1_151' title='bbox 2079 1723 2279 1801; x_wconf 89' lang='lat' dir='ltr'><strong>specie</strong></span> 
     </span>
     <span class='ocr_line' id='line_1_20' title="bbox 288 1805 2278 1890; baseline -0.003 -23"><span class='ocrx_word' id='word_1_152' title='bbox 288 1805 686 1867; x_wconf 89' lang='lat' dir='ltr'><strong>dominationis</strong></span> <span class='ocrx_word' id='word_1_153' title='bbox 718 1815 1042 1884; x_wconf 86' lang='lat' dir='ltr'><strong>assumpta,</strong></span> <span class='ocrx_word' id='word_1_154' title='bbox 1075 1806 1167 1866; x_wconf 91' lang='lat' dir='ltr'><strong>diu</strong></span> <span class='ocrx_word' id='word_1_155' title='bbox 1203 1816 1390 1868; x_wconf 88' lang='lat' dir='ltr'><strong>tamen</strong></span> <span class='ocrx_word' id='word_1_156' title='bbox 1422 1809 1747 1884; x_wconf 86' lang='lat' dir='ltr'><strong>recusavit,</strong></span> <span class='ocrx_word' id='word_1_157' title='bbox 1793 1806 2278 1890; x_wconf 85' lang='lat' dir='ltr'><strong>impudentissimo</strong></span> 
     </span>
    </p>

    <p class='ocr_par' dir='ltr' id='par_1_7' title="bbox 208 1887 2283 2305">
     <span class='ocr_line' id='line_1_21' title="bbox 208 1887 2282 1969; baseline -0.001 -19"><span class='ocrx_word' id='word_1_158' title='bbox 208 1918 267 1960; x_wconf 82' lang='lat'><strong>20</strong></span> <span class='ocrx_word' id='word_1_159' title='bbox 285 1894 458 1950; x_wconf 91' lang='lat' dir='ltr'><strong>mimo</strong></span> <span class='ocrx_word' id='word_1_160' title='bbox 493 1906 642 1947; x_wconf 88' lang='lat' dir='ltr'><strong>nunc</strong></span> <span class='ocrx_word' id='word_1_161' title='bbox 673 1887 1026 1949; x_wconf 86' lang='lat' dir='ltr'><strong>adhortantis</strong></span> <span class='ocrx_word' id='word_1_162' title='bbox 1058 1893 1613 1969; x_wconf 48' lang='lat' dir='ltr'><strong>amicos0increpans</strong></span> <span class='ocrx_word' id='word_1_163' title='bbox 1643 1901 1701 1950; x_wconf 91' lang='lat' dir='ltr'><strong>ut</strong></span> <span class='ocrx_word' id='word_1_164' title='bbox 1726 1892 2017 1969; x_wconf 65' lang='lat' dir='ltr'><strong>ignaros,</strong></span> <span class='ocrx_word' id='word_1_165' title='bbox 2050 1893 2282 1969; x_wconf 81' lang='lat' dir='ltr'><strong>quanta</strong></span> 
     </span>
     <span class='ocr_line' id='line_1_22' title="bbox 288 1972 2279 2055; baseline -0.003 -18"><span class='ocrx_word' id='word_1_166' title='bbox 288 1974 497 2037; x_wconf 83' lang='lat' dir='ltr'><strong>bellua</strong></span> <span class='ocrx_word' id='word_1_167' title='bbox 525 1977 688 2032; x_wconf 86' lang='lat' dir='ltr'><strong>esset</strong></span> <span class='ocrx_word' id='word_1_168' title='bbox 711 1972 1059 2051; x_wconf 74' lang='lat' dir='ltr'><strong>imperium,</strong></span> <span class='ocrx_word' id='word_1_169' title='bbox 1101 1994 1251 2036; x_wconf 91' lang='lat' dir='ltr'><strong>nunc</strong></span> <span class='ocrx_word' id='word_1_170' title='bbox 1285 1985 1618 2055; x_wconf 89' lang='lat' dir='ltr'><strong>precantem</strong></span> <span class='ocrx_word' id='word_1_171' title='bbox 1646 1984 1901 2035; x_wconf 88' lang='lat' dir='ltr'><strong>senatum</strong></span> <span class='ocrx_word' id='word_1_172' title='bbox 1932 1983 1989 2034; x_wconf 88' lang='lat' dir='ltr'><strong>et</strong></span> <span class='ocrx_word' id='word_1_173' title='bbox 2019 1990 2279 2052; x_wconf 89' lang='lat' dir='ltr'><strong>procum—</strong></span> 
     </span>
     <span class='ocr_line' id='line_1_23' title="bbox 286 2055 2279 2139; baseline -0.004 -18"><span class='ocrx_word' id='word_1_174' title='bbox 286 2059 520 2121; x_wconf 89' lang='lat' dir='ltr'><strong>bentem</strong></span> <span class='ocrx_word' id='word_1_175' title='bbox 555 2055 674 2120; x_wconf 79' lang='lat' dir='ltr'><strong>,sibi</strong></span> <span class='ocrx_word' id='word_1_176' title='bbox 713 2056 782 2115; x_wconf 90' lang='lat' dir='ltr'><strong>ad</strong></span> <span class='ocrx_word' id='word_1_177' title='bbox 826 2075 1017 2133; x_wconf 89' lang='lat' dir='ltr'><strong>genua</strong></span> <span class='ocrx_word' id='word_1_178' title='bbox 1059 2058 1340 2137; x_wconf 88' lang='lat' dir='ltr'><strong>ambiguis</strong></span> <span class='ocrx_word' id='word_1_179' title='bbox 1383 2061 1683 2139; x_wconf 89' lang='lat' dir='ltr'><strong>responsis</strong></span> <span class='ocrx_word' id='word_1_180' title='bbox 1726 2067 1785 2118; x_wconf 89' lang='lat' dir='ltr'><strong>et</strong></span> <span class='ocrx_word' id='word_1_181' title='bbox 1818 2057 2023 2118; x_wconf 90' lang='lat' dir='ltr'><strong>callida</strong></span> <span class='ocrx_word' id='word_1_182' title='bbox 2056 2064 2279 2117; x_wconf 89' lang='lat' dir='ltr'><strong>cuncta-</strong></span> 
     </span>
     <span class='ocr_line' id='line_1_24' title="bbox 286 2139 2281 2222; baseline -0.002 -20"><span class='ocrx_word' id='word_1_183' title='bbox 286 2144 444 2202; x_wconf 88' lang='lat' dir='ltr'><strong>tione</strong></span> <span class='ocrx_word' id='word_1_184' title='bbox 473 2139 860 2219; x_wconf 88' lang='lat' dir='ltr'><strong>suspendens;</strong></span> <span class='ocrx_word' id='word_1_185' title='bbox 897 2148 955 2198; x_wconf 91' lang='lat' dir='ltr'><strong>ut</strong></span> <span class='ocrx_word' id='word_1_186' title='bbox 984 2141 1211 2219; x_wconf 86' lang='lat' dir='ltr'><strong>quidam</strong></span> <span class='ocrx_word' id='word_1_187' title='bbox 1237 2144 1567 2222; x_wconf 88' lang='lat' dir='ltr'><strong>patientiam</strong></span> <span class='ocrx_word' id='word_1_188' title='bbox 1592 2150 1923 2221; x_wconf 89' lang='lat' dir='ltr'><strong>rumperent</strong></span> <span class='ocrx_word' id='word_1_189' title='bbox 1947 2150 2118 2221; x_wconf 88' lang='lat' dir='ltr'><strong>atque</strong></span> <span class='ocrx_word' id='word_1_190' title='bbox 2140 2157 2281 2200; x_wconf 91' lang='lat' dir='ltr'><strong>unus</strong></span> 
     </span>
     <span class='ocr_line' id='line_1_25' title="bbox 286 2223 2283 2305; baseline -0.002 -20"><span class='ocrx_word' id='word_1_191' title='bbox 286 2228 345 2285; x_wconf 92' lang='lat' dir='ltr'><strong>in</strong></span> <span class='ocrx_word' id='word_1_192' title='bbox 376 2223 610 2283; x_wconf 89' lang='lat' dir='ltr'><strong>tumultu</strong></span> <span class='ocrx_word' id='word_1_193' title='bbox 634 2223 1051 2301; x_wconf 88' lang='lat' dir='ltr'><strong>proclamaret:</strong></span> <span class='ocrx_word' id='word_1_194' title='bbox 1080 2224 1208 2286; x_wconf 83' lang='lat' dir='ltr'><strong>Aut</strong></span> <span class='ocrx_word' id='word_1_195' title='bbox 1235 2234 1415 2305; x_wconf 71' lang='lat' dir='ltr'><strong>aqat,</strong></span> <span class='ocrx_word' id='word_1_196' title='bbox 1455 2224 1565 2288; x_wconf 73' lang='lat' dir='ltr'><strong>au‘t</strong></span> <span class='ocrx_word' id='word_1_197' title='bbox 1589 2225 1885 2304; x_wconf 77' lang='lat' dir='ltr'><strong>desistat!</strong></span> <span class='ocrx_word' id='word_1_198' title='bbox 1910 2225 2056 2284; x_wconf 90' lang='lat' dir='ltr'><strong>alter</strong></span> <span class='ocrx_word' id='word_1_199' title='bbox 2090 2240 2283 2284; x_wconf 89' lang='lat' dir='ltr'><strong>coram</strong></span> 
     </span>
    </p>

    <p class='ocr_par' dir='ltr' id='par_1_8' title="bbox 211 2304 2289 2722">
     <span class='ocr_line' id='line_1_26' title="bbox 211 2304 2283 2387; baseline -0.001 -19"><span class='ocrx_word' id='word_1_200' title='bbox 211 2333 267 2374; x_wconf 81' lang='lat'><strong>25</strong></span> <span class='ocrx_word' id='word_1_201' title='bbox 291 2306 708 2387; x_wconf 86' lang='lat' dir='ltr'><strong>exprobraret,</strong></span> <span class='ocrx_word' id='word_1_202' title='bbox 740 2317 994 2383; x_wconf 90' lang='lat' dir='ltr'><strong>ceteros,</strong></span> <span class='ocrx_word' id='word_1_203' title='bbox 1026 2309 1179 2386; x_wconf 88' lang='lat' dir='ltr'><strong>quod</strong></span> <span class='ocrx_word' id='word_1_204' title='bbox 1209 2310 1453 2387; x_wconf 90' lang='lat' dir='ltr'><strong>polliciti</strong></span> <span class='ocrx_word' id='word_1_205' title='bbox 1485 2311 1596 2369; x_wconf 91' lang='lat' dir='ltr'><strong>sint</strong></span> <span class='ocrx_word' id='word_1_206' title='bbox 1628 2309 1792 2370; x_wconf 89' lang='lat' dir='ltr'><strong>tarde</strong></span> <span class='ocrx_word' id='word_1_207' title='bbox 1827 2317 2147 2387; x_wconf 90' lang='lat' dir='ltr'><strong>praestare,</strong></span> <span class='ocrx_word' id='word_1_208' title='bbox 2180 2304 2283 2367; x_wconf 89' lang='lat' dir='ltr'><strong>sed</strong></span> 
     </span>
     <span class='ocr_line' id='line_1_27' title="bbox 289 2389 2280 2472; baseline -0.002 -21"><span class='ocrx_word' id='word_1_209' title='bbox 289 2394 510 2471; x_wconf 89' lang='lat' dir='ltr'><strong>ipsum,</strong></span> <span class='ocrx_word' id='word_1_210' title='bbox 542 2389 693 2469; x_wconf 89' lang='lat' dir='ltr'><strong>quod</strong></span> <span class='ocrx_word' id='word_1_211' title='bbox 728 2399 988 2468; x_wconf 88' lang='lat' dir='ltr'><strong>praestet</strong></span> <span class='ocrx_word' id='word_1_212' title='bbox 1019 2392 1180 2452; x_wconf 90' lang='lat' dir='ltr'><strong>tarde</strong></span> <span class='ocrx_word' id='word_1_213' title='bbox 1211 2392 1501 2472; x_wconf 84' lang='lat' dir='ltr'><strong>polliceri.</strong></span> <span class='ocrx_word' id='word_1_214' title='bbox 1553 2392 1805 2453; x_wconf 87' lang='lat' dir='ltr'><strong>Tandem</strong></span> <span class='ocrx_word' id='word_1_215' title='bbox 1837 2393 1999 2470; x_wconf 89' lang='lat' dir='ltr'><strong>quasi</strong></span> <span class='ocrx_word' id='word_1_216' title='bbox 2027 2398 2280 2465; x_wconf 87' lang='lat' dir='ltr'><strong>coactus,</strong></span> 
     </span>
     <span class='ocr_line' id='line_1_28' title="bbox 290 2472 2280 2554; baseline -0.001 -19"><span class='ocrx_word' id='word_1_217' title='bbox 290 2484 350 2535; x_wconf 90' lang='lat' dir='ltr'><strong>et</strong></span> <span class='ocrx_word' id='word_1_218' title='bbox 394 2490 642 2552; x_wconf 88' lang='lat' dir='ltr'><strong>querens</strong></span> <span class='ocrx_word' id='word_1_219' title='bbox 684 2472 979 2534; x_wconf 76' lang='lat' dir='ltr'><strong>miseram</strong></span> <span class='ocrx_word' id='word_1_220' title='bbox 1018 2483 1077 2535; x_wconf 86' lang='lat' dir='ltr'><strong>et</strong></span> <span class='ocrx_word' id='word_1_221' title='bbox 1113 2493 1441 2537; x_wconf 79' lang='lat' dir='ltr'><strong>onerosam</strong></span> <span class='ocrx_word' id='word_1_222' title='bbox 1472 2476 1711 2554; x_wconf 74' lang='lat' dir='ltr'><strong>iniunyi</strong></span> <span class='ocrx_word' id='word_1_223' title='bbox 1747 2473 1871 2535; x_wconf 77' lang='lat' dir='ltr'><strong>sibi</strong></span> <span class='ocrx_word' id='word_1_224' title='bbox 1913 2474 2280 2549; x_wconf 79' lang='lat' dir='ltr'><strong>servitutem,</strong></span> 
     </span>
     <span class='ocr_line' id='line_1_29' title="bbox 289 2557 2283 2638; baseline -0.002 -20"><span class='ocrx_word' id='word_1_225' title='bbox 289 2558 517 2636; x_wconf 90' lang='lat' dir='ltr'><strong>recepit</strong></span> <span class='ocrx_word' id='word_1_226' title='bbox 553 2559 877 2635; x_wconf 67' lang='lat' dir='ltr'><strong>imperium</strong></span> <span class='ocrx_word' id='word_1_227' title='bbox 919 2576 1030 2617; x_wconf 90' lang='lat' dir='ltr'><strong>nec</strong></span> <span class='ocrx_word' id='word_1_228' title='bbox 1061 2567 1247 2620; x_wconf 86' lang='lat' dir='ltr'><strong>tamen</strong></span> <span class='ocrx_word' id='word_1_229' title='bbox 1282 2559 1468 2635; x_wconf 90' lang='lat' dir='ltr'><strong>aliter,</strong></span> <span class='ocrx_word' id='word_1_230' title='bbox 1499 2577 1665 2638; x_wconf 86' lang='lat' dir='ltr'><strong>quam</strong></span> <span class='ocrx_word' id='word_1_231' title='bbox 1695 2567 1755 2617; x_wconf 92' lang='lat' dir='ltr'><strong>ut</strong></span> <span class='ocrx_word' id='word_1_232' title='bbox 1799 2557 2188 2634; x_wconf 88' lang='lat' dir='ltr'><strong>depositurum</strong></span> <span class='ocrx_word' id='word_1_233' title='bbox 2219 2574 2283 2614; x_wconf 90' lang='lat' dir='ltr'><strong>se</strong></span> 
     </span>
     <span class='ocr_line' id='line_1_30' title="bbox 291 2637 2289 2722; baseline -0.002 -22"><span class='ocrx_word' id='word_1_234' title='bbox 291 2640 632 2720; x_wconf 85' lang='lat' dir='ltr'><strong>quandoque</strong></span> <span class='ocrx_word' id='word_1_235' title='bbox 664 2658 827 2718; x_wconf 89' lang='lat' dir='ltr'><strong>spem</strong></span> <span class='ocrx_word' id='word_1_236' title='bbox 856 2641 1098 2701; x_wconf 85' lang='lat' dir='ltr'><strong>faceret.</strong></span> <span class='ocrx_word' id='word_1_237' title='bbox 1128 2642 1317 2722; x_wconf 89' lang='lat' dir='ltr'><strong>Ipsius</strong></span> <span class='ocrx_word' id='word_1_238' title='bbox 1346 2642 1525 2703; x_wconf 83' lang='lat' dir='ltr'><strong>verba</strong></span> <span class='ocrx_word' id='word_1_239' title='bbox 1556 2650 1713 2702; x_wconf 91' lang='lat' dir='ltr'><strong>sunt:</strong></span> <span class='ocrx_word' id='word_1_240' title='bbox 1755 2640 1917 2700; x_wconf 86' lang='lat' dir='ltr'><strong>Dum</strong></span> <span class='ocrx_word' id='word_1_241' title='bbox 1937 2638 2178 2699; x_wconf 77' lang='lat' dir='ltr'><strong>veniam</strong></span> <span class='ocrx_word' id='word_1_242' title='bbox 2201 2637 2289 2698; x_wconf 82' lang='lat' dir='ltr'><strong>ad</strong></span> 
     </span>
    </p>

    <p class='ocr_par' dir='ltr' id='par_1_9' title="bbox 217 2721 2281 2888">
     <span class='ocr_line' id='line_1_31' title="bbox 217 2721 2281 2806; baseline -0.004 -17"><span class='ocrx_word' id='word_1_243' title='bbox 217 2748 272 2789; x_wconf 83' lang='lat' dir='ltr'><strong>so</strong></span> <span class='ocrx_word' id='word_1_244' title='bbox 291 2724 361 2785; x_wconf 76' lang='lat' dir='ltr'><strong>id</strong></span> <span class='ocrx_word' id='word_1_245' title='bbox 407 2730 673 2802; x_wconf 85' lang='lat' dir='ltr'><strong>tempus,</strong></span> <span class='ocrx_word' id='word_1_246' title='bbox 726 2740 844 2803; x_wconf 83' lang='lat' dir='ltr'><strong>quo</strong></span> <span class='ocrx_word' id='word_1_247' title='bbox 884 2723 1066 2785; x_wconf 76' lang='lat' dir='ltr'><strong>vobis</strong></span> <span class='ocrx_word' id='word_1_248' title='bbox 1096 2744 1355 2806; x_wconf 80' lang='lat' dir='ltr'><strong>aequum</strong></span> <span class='ocrx_word' id='word_1_249' title='bbox 1384 2726 1591 2804; x_wconf 81' lang='lat' dir='ltr'><strong>possit</strong></span> <span class='ocrx_word' id='word_1_250' title='bbox 1617 2724 1819 2785; x_wconf 78' lang='lat' dir='ltr'><strong>videri</strong></span> <span class='ocrx_word' id='word_1_251' title='bbox 1842 2723 1999 2784; x_wconf 83' lang='lat' dir='ltr'><strong>dare</strong></span> <span class='ocrx_word' id='word_1_252' title='bbox 2025 2739 2138 2783; x_wconf 82' lang='lat' dir='ltr'><strong>vos</strong></span> <span class='ocrx_word' id='word_1_253' title='bbox 2167 2721 2281 2781; x_wconf 74' lang='lat' dir='ltr'><strong>ali·</strong></span> 
     </span>
     <span class='ocr_line' id='line_1_32' title="bbox 290 2806 1304 2888; baseline 0.004 -21"><span class='ocrx_word' id='word_1_254' title='bbox 290 2825 475 2888; x_wconf 76' lang='lat' dir='ltr'><strong>quam</strong></span> <span class='ocrx_word' id='word_1_255' title='bbox 504 2806 798 2868; x_wconf 77' lang='lat' dir='ltr'><strong>senectuti</strong></span> <span class='ocrx_word' id='word_1_256' title='bbox 819 2825 992 2867; x_wconf 89' lang='lat' dir='ltr'><strong>meae</strong></span> <span class='ocrx_word' id='word_1_257' title='bbox 1017 2810 1304 2888; x_wconf 79' lang='lat' dir='ltr'><strong>requiem.</strong></span> 
     </span>
    </p>

    <p class='ocr_par' dir='ltr' id='par_1_10' title="bbox 291 2888 2368 3135">
     <span class='ocr_line' id='line_1_33' title="bbox 418 2888 2368 2972; baseline 0 -20"><span class='ocrx_word' id='word_1_258' title='bbox 418 2888 734 2952; x_wconf 85' lang='lat' dir='ltr'><strong>Cunctandi</strong></span> <span class='ocrx_word' id='word_1_259' title='bbox 781 2909 953 2951; x_wconf 90' lang='lat' dir='ltr'><strong>causa</strong></span> <span class='ocrx_word' id='word_1_260' title='bbox 988 2902 1113 2952; x_wconf 90' lang='lat' dir='ltr'><strong>erat</strong></span> <span class='ocrx_word' id='word_1_261' title='bbox 1158 2903 1342 2953; x_wconf 88' lang='lat' dir='ltr'><strong>metus</strong></span> <span class='ocrx_word' id='word_1_262' title='bbox 1372 2893 1620 2972; x_wconf 86' lang='lat' dir='ltr'><strong>undique</strong></span> <span class='ocrx_word' id='word_1_263' title='bbox 1655 2892 2060 2952; x_wconf 87' lang='lat' dir='ltr'><strong>imminentium</strong></span> <span class='ocrx_word' id='word_1_264' title='bbox 2089 2889 2284 2949; x_wconf 88' lang='lat' dir='ltr'><strong>discri-</strong></span> <span class='ocrx_word' id='word_1_265' title='bbox 2302 2899 2368 2952; x_wconf 77' lang='lat'><strong>25</strong></span> 
     </span>
     <span class='ocr_line' id='line_1_34' title="bbox 291 2972 2287 3053; baseline -0.002 -19"><span class='ocrx_word' id='word_1_266' title='bbox 291 2975 501 3034; x_wconf 88' lang='lat' dir='ltr'><strong>minum</strong></span> <span class='ocrx_word' id='word_1_267' title='bbox 523 3019 541 3050; x_wconf 96' lang='lat'><strong>,</strong></span> <span class='ocrx_word' id='word_1_268' title='bbox 577 2983 639 3033; x_wconf 90' lang='lat' dir='ltr'><strong>ut</strong></span> <span class='ocrx_word' id='word_1_269' title='bbox 675 2990 856 3052; x_wconf 90' lang='lat' dir='ltr'><strong>saepe</strong></span> <span class='ocrx_word' id='word_1_270' title='bbox 899 2974 1108 3053; x_wconf 83' lang='lat' dir='ltr'><strong>lupum</strong></span> <span class='ocrx_word' id='word_1_271' title='bbox 1137 2994 1206 3038; x_wconf 85' lang='lat' dir='ltr'><strong>se</strong></span> <span class='ocrx_word' id='word_1_272' title='bbox 1236 2975 1497 3037; x_wconf 79' lang='lat' dir='ltr'><strong>auribus</strong></span> <span class='ocrx_word' id='word_1_273' title='bbox 1526 2983 1728 3037; x_wconf 86' lang='lat' dir='ltr'><strong>tenere</strong></span> <span class='ocrx_word' id='word_1_274' title='bbox 1756 2974 1994 3035; x_wconf 88' lang='lat' dir='ltr'><strong>diceret.</strong></span> <span class='ocrx_word' id='word_1_275' title='bbox 2056 2972 2200 3032; x_wconf 92' lang='lat' dir='ltr'><strong>Nam</strong></span> <span class='ocrx_word' id='word_1_276' title='bbox 2229 2980 2287 3031; x_wconf 90' lang='lat' dir='ltr'><strong>et</strong></span> 
     </span>
     <span class='ocr_line' id='line_1_35' title="bbox 292 3054 2287 3135; baseline -0.001 -18"><span class='ocrx_word' id='word_1_277' title='bbox 292 3076 499 3117; x_wconf 81' lang='lat' dir='ltr'><strong>servus</strong></span> <span class='ocrx_word' id='word_1_278' title='bbox 527 3056 831 3135; x_wconf 87' lang='lat' dir='ltr'><strong>Agrippae</strong></span> <span class='ocrx_word' id='word_1_279' title='bbox 863 3054 1136 3118; x_wconf 88' lang='lat' dir='ltr'><strong>Clemens</strong></span> <span class='ocrx_word' id='word_1_280' title='bbox 1161 3062 1390 3120; x_wconf 89' lang='lat' dir='ltr'><strong>nomine</strong></span> <span class='ocrx_word' id='word_1_281' title='bbox 1421 3078 1537 3119; x_wconf 90' lang='lat' dir='ltr'><strong>non</strong></span> <span class='ocrx_word' id='word_1_282' title='bbox 1565 3056 2034 3119; x_wconf 87' lang='lat' dir='ltr'><strong>contemnendam</strong></span> <span class='ocrx_word' id='word_1_283' title='bbox 2065 3073 2287 3117; x_wconf 89' lang='lat' dir='ltr'><strong>manum</strong></span> 
     </span>
    </p>

    <p class='ocr_par' dir='ltr' id='par_1_11' title="bbox 219 3138 2289 3386">
     <span class='ocr_line' id='line_1_36' title="bbox 219 3138 2285 3221; baseline -0.002 -19"><span class='ocrx_word' id='word_1_284' title='bbox 219 3162 272 3203; x_wconf 77' lang='lat' dir='ltr'><strong>ss</strong></span> <span class='ocrx_word' id='word_1_285' title='bbox 294 3143 350 3200; x_wconf 89' lang='lat' dir='ltr'><strong>in</strong></span> <span class='ocrx_word' id='word_1_286' title='bbox 381 3140 655 3201; x_wconf 89' lang='lat' dir='ltr'><strong>ultionem</strong></span> <span class='ocrx_word' id='word_1_287' title='bbox 687 3138 896 3199; x_wconf 82' lang='lat' dir='ltr'><strong>domini</strong></span> <span class='ocrx_word' id='word_1_288' title='bbox 928 3152 1311 3221; x_wconf 89' lang='lat' dir='ltr'><strong>compararat,</strong></span> <span class='ocrx_word' id='word_1_289' title='bbox 1347 3152 1405 3202; x_wconf 91' lang='lat' dir='ltr'><strong>et</strong></span> <span class='ocrx_word' id='word_1_290' title='bbox 1432 3142 1492 3202; x_wconf 88' lang='lat' dir='ltr'><strong>L.</strong></span> <span class='ocrx_word' id='word_1_291' title='bbox 1528 3141 1862 3202; x_wconf 88' lang='lat' dir='ltr'><strong>Scribonius</strong></span> <span class='ocrx_word' id='word_1_292' title='bbox 1896 3140 2037 3200; x_wconf 91' lang='lat' dir='ltr'><strong>Libo</strong></span> <span class='ocrx_word' id='word_1_293' title='bbox 2069 3143 2157 3201; x_wconf 85' lang='lat' dir='ltr'><strong>vir</strong></span> <span class='ocrx_word' id='word_1_294' title='bbox 2184 3156 2285 3199; x_wconf 92' lang='lat' dir='ltr'><strong>no-</strong></span> 
     </span>
     <span class='ocr_line' id='line_1_37' title="bbox 291 3223 2289 3305; baseline -0.003 -21"><span class='ocrx_word' id='word_1_295' title='bbox 291 3224 427 3284; x_wconf 87' lang='lat' dir='ltr'><strong>bilis</strong></span> <span class='ocrx_word' id='word_1_296' title='bbox 456 3244 553 3285; x_wconf 90' lang='lat' dir='ltr'><strong>res</strong></span> <span class='ocrx_word' id='word_1_297' title='bbox 583 3241 765 3284; x_wconf 87' lang='lat' dir='ltr'><strong>novas</strong></span> <span class='ocrx_word' id='word_1_298' title='bbox 801 3223 945 3284; x_wconf 89' lang='lat' dir='ltr'><strong>clam</strong></span> <span class='ocrx_word' id='word_1_299' title='bbox 975 3226 1355 3303; x_wconf 88' lang='lat' dir='ltr'><strong>moliebatur,</strong></span> <span class='ocrx_word' id='word_1_300' title='bbox 1396 3235 1454 3286; x_wconf 89' lang='lat' dir='ltr'><strong>et</strong></span> <span class='ocrx_word' id='word_1_301' title='bbox 1485 3225 1700 3305; x_wconf 86' lang='lat' dir='ltr'><strong>duplex</strong></span> <span class='ocrx_word' id='word_1_302' title='bbox 1732 3224 1933 3285; x_wconf 90' lang='lat' dir='ltr'><strong>seditio</strong></span> <span class='ocrx_word' id='word_1_303' title='bbox 1966 3223 2199 3283; x_wconf 90' lang='lat' dir='ltr'><strong>militum</strong></span> <span class='ocrx_word' id='word_1_304' title='bbox 2233 3223 2289 3279; x_wconf 95' lang='lat' dir='ltr'><strong>in</strong></span> 
     </span>
     <span class='ocr_line' id='line_1_38' title="bbox 289 3304 2287 3386; baseline -0.004 -18"><span class='ocrx_word' id='word_1_305' title='bbox 289 3307 534 3383; x_wconf 76' lang='lat' dir='ltr'><strong>Illyrico</strong></span> <span class='ocrx_word' id='word_1_306' title='bbox 570 3316 630 3368; x_wconf 88' lang='lat' dir='ltr'><strong>et</strong></span> <span class='ocrx_word' id='word_1_307' title='bbox 657 3309 715 3366; x_wconf 90' lang='lat' dir='ltr'><strong>in</strong></span> <span class='ocrx_word' id='word_1_308' title='bbox 744 3305 1042 3368; x_wconf 85' lang='lat' dir='ltr'><strong>Germania</strong></span> <span class='ocrx_word' id='word_1_309' title='bbox 1074 3319 1276 3370; x_wconf 86' lang='lat' dir='ltr'><strong>exorta</strong></span> <span class='ocrx_word' id='word_1_310' title='bbox 1308 3319 1415 3370; x_wconf 88' lang='lat' dir='ltr'><strong>est.</strong></span> <span class='ocrx_word' id='word_1_311' title='bbox 1472 3307 1837 3386; x_wconf 88' lang='lat' dir='ltr'><strong>Flagitabant</strong></span> <span class='ocrx_word' id='word_1_312' title='bbox 1869 3307 2033 3367; x_wconf 89' lang='lat' dir='ltr'><strong>ambo</strong></span> <span class='ocrx_word' id='word_1_313' title='bbox 2065 3304 2287 3365; x_wconf 83' lang='lat' dir='ltr'><strong>exerci-</strong></span> 
     </span>
    </p>
   </div>
   <div class='ocr_carea' id='block_1_4' title="bbox 292 3383 2286 3537">
    <p class='ocr_par' dir='ltr' id='par_1_12' title="bbox 292 3383 2286 3537">
     <span class='ocr_line' id='line_1_39' title="bbox 292 3383 2286 3531; baseline -0.003 -80"><span class='ocrx_word' id='word_1_314' title='bbox 292 3401 385 3451; x_wconf 87' lang='lat' dir='ltr'><strong>tus</strong></span> <span class='ocrx_word' id='word_1_315' title='bbox 415 3392 591 3453; x_wconf 89' lang='lat' dir='ltr'><strong>multa</strong></span> <span class='ocrx_word' id='word_1_316' title='bbox 619 3397 783 3451; x_wconf 89' lang='lat' dir='ltr'><strong>extra</strong></span> <span class='ocrx_word' id='word_1_317' title='bbox 816 3389 1093 3469; x_wconf 89' lang='lat' dir='ltr'><strong>ordinem,</strong></span> <span class='ocrx_word' id='word_1_318' title='bbox 1126 3402 1256 3453; x_wconf 90' lang='lat' dir='ltr'><strong>ante</strong></span> <span class='ocrx_word' id='word_1_319' title='bbox 1287 3395 1474 3453; x_wconf 91' lang='lat' dir='ltr'><strong>omnia</strong></span> <span class='ocrx_word' id='word_1_320' title='bbox 1509 3400 1568 3451; x_wconf 89' lang='lat' dir='ltr'><strong>ut</strong></span> <span class='ocrx_word' id='word_1_321' title='bbox 1603 3400 1982 3531; x_wconf 41' lang='lat' dir='ltr'><strong>aequarentur</strong></span> <span class='ocrx_word' id='word_1_322' title='bbox 2004 3383 2286 3464; x_wconf 76' lang='lat' dir='ltr'><strong>stipendio</strong></span> 
     </span>
     <span class='ocr_line' id='line_1_40' title="bbox 397 3495 1329 3537; baseline -0.003 0"><span class='ocrx_word' id='word_1_323' title='bbox 397 3495 707 3537; x_wconf 69' lang='lat' dir='ltr'><strong>sussronms.</strong></span> <span class='ocrx_word' id='word_1_324' title='bbox 1321 3510 1329 3515; x_wconf 87' lang='lat'><em>·</em></span> 
     </span>
    </p>
   </div>
  </div>
 </body>
</html>
