<?xml version="1.0" encoding="UTF-8"?>
<!DOCTYPE html PUBLIC "-//W3C//DTD XHTML 1.0 Transitional//EN"
    "http://www.w3.org/TR/xhtml1/DTD/xhtml1-transitional.dtd">
<html xmlns="http://www.w3.org/1999/xhtml" xml:lang="en" lang="en">
 <head>
  <title>
</title>
<meta http-equiv="Content-Type" content="text/html;charset=utf-8" />
  <meta name='ocr-system' content='tesseract 3.04.00' />
  <meta name='ocr-capabilities' content='ocr_page ocr_carea ocr_par ocr_line ocrx_word'/>
</head>
<body>
  <div class='ocr_page' id='page_1' title='image "./csuetonitranqui06rothgoog_0125.png"; bbox 0 0 2553 3960; ppageno 0'>
   <div class='ocr_carea' id='block_1_1' title="bbox 931 204 2187 264">
    <p class='ocr_par' dir='ltr' id='par_1_1' title="bbox 931 204 2187 264">
     <span class='ocr_line' id='line_1_1' title="bbox 931 204 2187 264; baseline 0.002 -3"><span class='ocrx_word' id='word_1_1' title='bbox 931 212 1142 261; x_wconf 82' lang='lat' dir='ltr'><strong>mvus</strong></span> <span class='ocrx_word' id='word_1_2' title='bbox 1174 212 1429 261; x_wconf 75' lang='lat' dir='ltr'><strong>muns.</strong></span> <span class='ocrx_word' id='word_1_3' title='bbox 2108 204 2187 264; x_wconf 83' lang='lat'><strong>15</strong></span> 
     </span>
    </p>
   </div>
   <div class='ocr_carea' id='block_1_2' title="bbox 108 366 2268 3554">
    <p class='ocr_par' dir='ltr' id='par_1_2' title="bbox 306 366 2267 447">
     <span class='ocr_line' id='line_1_2' title="bbox 306 366 2267 447; baseline 0.003 -19"><span class='ocrx_word' id='word_1_4' title='bbox 306 367 443 428; x_wconf 79' lang='lat' dir='ltr'><strong>Cum</strong></span> <span class='ocrx_word' id='word_1_5' title='bbox 488 384 638 446; x_wconf 83' lang='lat' dir='ltr'><strong>ergo</strong></span> <span class='ocrx_word' id='word_1_6' title='bbox 682 366 968 428; x_wconf 87' lang='lat' dir='ltr'><strong>sublatam</strong></span> <span class='ocrx_word' id='word_1_7' title='bbox 1002 368 1359 428; x_wconf 88' lang='lat' dir='ltr'><strong>tribunorum</strong></span> <span class='ocrx_word' id='word_1_8' title='bbox 1392 366 1871 428; x_wconf 76' lang='lat' dir='ltr'><strong>intercessionem</strong></span> <span class='ocrx_word' id='word_1_9' title='bbox 1909 369 2189 447; x_wconf 89' lang='lat' dir='ltr'><strong>ipsosque</strong></span> <span class='ocrx_word' id='word_1_10' title='bbox 2205 378 2267 433; x_wconf 84' lang='lat'><strong>31</strong></span> 
     </span>
    </p>

    <p class='ocr_par' dir='ltr' id='par_1_3' title="bbox 108 449 2198 696">
     <span class='ocr_line' id='line_1_3' title="bbox 108 449 2198 531; baseline 0.002 -21"><span class='ocrx_word' id='word_1_11' title='bbox 108 505 113 510; x_wconf 83' lang='lat'><strong>.</strong></span> <span class='ocrx_word' id='word_1_12' title='bbox 194 453 324 515; x_wconf 87' lang='lat' dir='ltr'><strong>urbe</strong></span> <span class='ocrx_word' id='word_1_13' title='bbox 345 453 600 513; x_wconf 77' lang='lat' dir='ltr'><strong>cessisse</strong></span> <span class='ocrx_word' id='word_1_14' title='bbox 627 452 943 511; x_wconf 88' lang='lat' dir='ltr'><strong>nuntiatum</strong></span> <span class='ocrx_word' id='word_1_15' title='bbox 967 461 1078 529; x_wconf 87' lang='lat' dir='ltr'><strong>est,</strong></span> <span class='ocrx_word' id='word_1_16' title='bbox 1110 452 1447 531; x_wconf 81' lang='lat' dir='ltr'><strong>praemissis</strong></span> <span class='ocrx_word' id='word_1_17' title='bbox 1474 449 1781 510; x_wconf 82' lang='lat' dir='ltr'><strong>confestim</strong></span> <span class='ocrx_word' id='word_1_18' title='bbox 1806 451 1953 512; x_wconf 87' lang='lat' dir='ltr'><strong>clam</strong></span> <span class='ocrx_word' id='word_1_19' title='bbox 1979 452 2198 516; x_wconf 87' lang='lat' dir='ltr'><strong>cohor-.</strong></span> 
     </span>
     <span class='ocr_line' id='line_1_4' title="bbox 196 533 2189 614; baseline -0.001 -17"><span class='ocrx_word' id='word_1_20' title='bbox 196 537 356 612; x_wconf 88' lang='lat' dir='ltr'><strong>tibus,</strong></span> <span class='ocrx_word' id='word_1_21' title='bbox 395 555 469 596; x_wconf 92' lang='lat' dir='ltr'><strong>ne</strong></span> <span class='ocrx_word' id='word_1_22' title='bbox 505 553 624 614; x_wconf 84' lang='lat' dir='ltr'><strong>qua</strong></span> <span class='ocrx_word' id='word_1_23' title='bbox 652 536 911 613; x_wconf 90' lang='lat' dir='ltr'><strong>suspicio</strong></span> <span class='ocrx_word' id='word_1_24' title='bbox 944 544 1305 612; x_wconf 81' lang='lat' dir='ltr'><strong>moveretur,</strong></span> <span class='ocrx_word' id='word_1_25' title='bbox 1341 543 1399 595; x_wconf 92' lang='lat' dir='ltr'><strong>et</strong></span> <span class='ocrx_word' id='word_1_26' title='bbox 1429 534 1774 613; x_wconf 86' lang='lat' dir='ltr'><strong>spectaculo</strong></span> <span class='ocrx_word' id='word_1_27' title='bbox 1807 533 2042 613; x_wconf 91' lang='lat' dir='ltr'><strong>publico</strong></span> <span class='ocrx_word' id='word_1_28' title='bbox 2080 554 2189 614; x_wconf 90' lang='lat' dir='ltr'><strong>per</strong></span> 
     </span>
     <span class='ocr_line' id='line_1_5' title="bbox 198 617 2186 696; baseline -0.001 -15"><span class='ocrx_word' id='word_1_29' title='bbox 198 619 692 681; x_wconf 76' lang='lat' dir='ltr'><strong>dissimulationem</strong></span> <span class='ocrx_word' id='word_1_30' title='bbox 722 619 978 679; x_wconf 79' lang='lat' dir='ltr'><strong>interfuit</strong></span> <span class='ocrx_word' id='word_1_31' title='bbox 1006 627 1065 679; x_wconf 92' lang='lat' dir='ltr'><strong>et</strong></span> <span class='ocrx_word' id='word_1_32' title='bbox 1094 620 1366 696; x_wconf 80' lang='lat' dir='ltr'><strong>formam,</strong></span> <span class='ocrx_word' id='word_1_33' title='bbox 1406 636 1517 696; x_wconf 89' lang='lat' dir='ltr'><strong>qua</strong></span> <span class='ocrx_word' id='word_1_34' title='bbox 1559 617 1752 678; x_wconf 88' lang='lat' dir='ltr'><strong>ludum</strong></span> <span class='ocrx_word' id='word_1_35' title='bbox 1784 618 2186 695; x_wconf 83' lang='lat' dir='ltr'><strong>gladiatorium</strong></span> 
     </span>
    </p>

    <p class='ocr_par' dir='ltr' id='par_1_4' title="bbox 164 701 2187 1116">
     <span class='ocr_line' id='line_1_6' title="bbox 164 701 2186 780; baseline -0.001 -14"><span class='ocrx_word' id='word_1_36' title='bbox 164 714 309 766; x_wconf 73' lang='lat' dir='ltr'><strong>terat</strong></span> <span class='ocrx_word' id='word_1_37' title='bbox 326 704 755 780; x_wconf 85' lang='lat' dir='ltr'><strong>aedificaturus,</strong></span> <span class='ocrx_word' id='word_1_38' title='bbox 788 702 1176 764; x_wconf 84' lang='lat' dir='ltr'><strong>consideravit</strong></span> <span class='ocrx_word' id='word_1_39' title='bbox 1199 712 1257 762; x_wconf 88' lang='lat' dir='ltr'><strong>et</strong></span> <span class='ocrx_word' id='word_1_40' title='bbox 1283 721 1360 762; x_wconf 85' lang='lat' dir='ltr'><strong>ex</strong></span> <span class='ocrx_word' id='word_1_41' title='bbox 1384 701 1800 762; x_wconf 87' lang='lat' dir='ltr'><strong>consuetudine</strong></span> <span class='ocrx_word' id='word_1_42' title='bbox 1826 703 2094 762; x_wconf 86' lang='lat' dir='ltr'><strong>convivio</strong></span> <span class='ocrx_word' id='word_1_43' title='bbox 2121 721 2186 763; x_wconf 93' lang='lat' dir='ltr'><strong>se</strong></span> 
     </span>
     <span class='ocr_line' id='line_1_7' title="bbox 196 783 2185 866; baseline -0.001 -17"><span class='ocrx_word' id='word_1_44' title='bbox 196 788 459 866; x_wconf 74' lang='lat' dir='ltr'><strong>frequenti</strong></span> <span class='ocrx_word' id='word_1_45' title='bbox 501 786 682 846; x_wconf 82' lang='lat' dir='ltr'><strong>dedit.</strong></span> <span class='ocrx_word' id='word_1_46' title='bbox 767 785 917 846; x_wconf 89' lang='lat' dir='ltr'><strong>Dein</strong></span> <span class='ocrx_word' id='word_1_47' title='bbox 952 796 1089 866; x_wconf 88' lang='lat' dir='ltr'><strong>post</strong></span> <span class='ocrx_word' id='word_1_48' title='bbox 1124 786 1270 846; x_wconf 88' lang='lat' dir='ltr'><strong>solis</strong></span> <span class='ocrx_word' id='word_1_49' title='bbox 1301 803 1608 862; x_wconf 88' lang='lat' dir='ltr'><strong>occasum,</strong></span> <span class='ocrx_word' id='word_1_50' title='bbox 1651 784 1820 845; x_wconf 91' lang='lat' dir='ltr'><strong>mulis</strong></span> <span class='ocrx_word' id='word_1_51' title='bbox 1853 804 1887 845; x_wconf 92' lang='lat' dir='ltr'><strong>e</strong></span> <span class='ocrx_word' id='word_1_52' title='bbox 1920 783 2185 863; x_wconf 87' lang='lat' dir='ltr'><strong>proximo</strong></span> 
     </span>
     <span class='ocr_line' id='line_1_8' title="bbox 197 869 2184 950; baseline -0.001 -20"><span class='ocrx_word' id='word_1_53' title='bbox 197 873 415 950; x_wconf 86' lang='lat' dir='ltr'><strong>pistrino</strong></span> <span class='ocrx_word' id='word_1_54' title='bbox 451 871 525 931; x_wconf 87' lang='lat' dir='ltr'><strong>ad</strong></span> <span class='ocrx_word' id='word_1_55' title='bbox 553 870 886 931; x_wconf 86' lang='lat' dir='ltr'><strong>vehiculum</strong></span> <span class='ocrx_word' id='word_1_56' title='bbox 913 872 1154 947; x_wconf 91' lang='lat' dir='ltr'><strong>iunctis,</strong></span> <span class='ocrx_word' id='word_1_57' title='bbox 1197 870 1649 930; x_wconf 87' lang='lat' dir='ltr'><strong>occultissimum</strong></span> <span class='ocrx_word' id='word_1_58' title='bbox 1680 871 1791 929; x_wconf 90' lang='lat' dir='ltr'><strong>iter</strong></span> <span class='ocrx_word' id='word_1_59' title='bbox 1823 869 2054 929; x_wconf 91' lang='lat' dir='ltr'><strong>modico</strong></span> <span class='ocrx_word' id='word_1_60' title='bbox 2088 887 2184 931; x_wconf 87' lang='lat' dir='ltr'><strong>co-</strong></span> 
     </span>
     <span class='ocr_line' id='line_1_9' title="bbox 197 952 2187 1032; baseline 0 -19"><span class='ocrx_word' id='word_1_61' title='bbox 197 957 369 1014; x_wconf 88' lang='lat' dir='ltr'><strong>mitatu</strong></span> <span class='ocrx_word' id='word_1_62' title='bbox 406 956 715 1032; x_wconf 84' lang='lat' dir='ltr'><strong>ingressus</strong></span> <span class='ocrx_word' id='word_1_63' title='bbox 749 963 866 1023; x_wconf 88' lang='lat' dir='ltr'><strong>est;</strong></span> <span class='ocrx_word' id='word_1_64' title='bbox 920 965 978 1015; x_wconf 89' lang='lat' dir='ltr'><strong>et</strong></span> <span class='ocrx_word' id='word_1_65' title='bbox 1020 971 1146 1014; x_wconf 87' lang='lat' dir='ltr'><strong>cum</strong></span> <span class='ocrx_word' id='word_1_66' title='bbox 1191 952 1499 1013; x_wconf 76' lang='lat' dir='ltr'><strong>luminibus</strong></span> <span class='ocrx_word' id='word_1_67' title='bbox 1532 954 1799 1016; x_wconf 81' lang='lat' dir='ltr'><strong>extinctis</strong></span> <span class='ocrx_word' id='word_1_68' title='bbox 1829 953 2187 1014; x_wconf 83' lang='lat' dir='ltr'><strong>decessisset</strong></span> 
     </span>
     <span class='ocr_line' id='line_1_10' title="bbox 196 1037 2186 1116; baseline -0.001 -17"><span class='ocrx_word' id='word_1_69' title='bbox 196 1040 305 1114; x_wconf 83' lang='lat' dir='ltr'><strong>via,</strong></span> <span class='ocrx_word' id='word_1_70' title='bbox 350 1038 439 1098; x_wconf 93' lang='lat' dir='ltr'><strong>diu</strong></span> <span class='ocrx_word' id='word_1_71' title='bbox 486 1037 880 1115; x_wconf 84' lang='lat' dir='ltr'><strong>errabundus,</strong></span> <span class='ocrx_word' id='word_1_72' title='bbox 927 1038 1156 1112; x_wconf 65' lang='lat' dir='ltr'><strong>tandem</strong></span> <span class='ocrx_word' id='word_1_73' title='bbox 1204 1039 1276 1098; x_wconf 91' lang='lat' dir='ltr'><strong>ad</strong></span> <span class='ocrx_word' id='word_1_74' title='bbox 1327 1038 1516 1098; x_wconf 88' lang='lat' dir='ltr'><strong>lucem</strong></span> <span class='ocrx_word' id='word_1_75' title='bbox 1562 1037 1711 1098; x_wconf 89' lang='lat' dir='ltr'><strong>duce</strong></span> <span class='ocrx_word' id='word_1_76' title='bbox 1759 1046 2030 1116; x_wconf 88' lang='lat' dir='ltr'><strong>reperto,</strong></span> <span class='ocrx_word' id='word_1_77' title='bbox 2079 1056 2186 1116; x_wconf 88' lang='lat' dir='ltr'><strong>per</strong></span> 
     </span>
    </p>

    <p class='ocr_par' dir='ltr' id='par_1_5' title="bbox 147 1122 2188 1537">
     <span class='ocr_line' id='line_1_11' title="bbox 147 1122 2183 1201; baseline 0 -21"><span class='ocrx_word' id='word_1_78' title='bbox 147 1139 185 1181; x_wconf 81' lang='grc' dir='ltr'><strong>ιο</strong></span> <span class='ocrx_word' id='word_1_79' title='bbox 198 1124 623 1199; x_wconf 78' lang='lat' dir='ltr'><strong>angustissimos</strong></span> <span class='ocrx_word' id='word_1_80' title='bbox 652 1124 911 1183; x_wconf 82' lang='lat' dir='ltr'><strong>tramites</strong></span> <span class='ocrx_word' id='word_1_81' title='bbox 943 1123 1189 1201; x_wconf 86' lang='lat' dir='ltr'><strong>pedibus</strong></span> <span class='ocrx_word' id='word_1_82' title='bbox 1221 1123 1440 1191; x_wconf 87' lang='lat' dir='ltr'><strong>evasit;</strong></span> <span class='ocrx_word' id='word_1_83' title='bbox 1478 1130 1942 1200; x_wconf 85' lang='lat' dir='ltr'><strong>consecutusque</strong></span> <span class='ocrx_word' id='word_1_84' title='bbox 1975 1122 2183 1182; x_wconf 86' lang='lat' dir='ltr'><strong>eohor-</strong></span> 
     </span>
     <span class='ocr_line' id='line_1_12' title="bbox 199 1206 2183 1285; baseline 0.001 -20"><span class='ocrx_word' id='word_1_85' title='bbox 199 1207 262 1265; x_wconf 87' lang='lat' dir='ltr'><strong>tis</strong></span> <span class='ocrx_word' id='word_1_86' title='bbox 284 1207 349 1266; x_wconf 91' lang='lat' dir='ltr'><strong>ad</strong></span> <span class='ocrx_word' id='word_1_87' title='bbox 374 1206 738 1267; x_wconf 86' lang='lat' dir='ltr'><strong>Rubiconem</strong></span> <span class='ocrx_word' id='word_1_88' title='bbox 766 1207 1007 1283; x_wconf 85' lang='lat' dir='ltr'><strong>flumen,</strong></span> <span class='ocrx_word' id='word_1_89' title='bbox 1040 1208 1136 1284; x_wconf 87' lang='lat' dir='ltr'><strong>qui</strong></span> <span class='ocrx_word' id='word_1_90' title='bbox 1166 1206 1506 1285; x_wconf 80' lang='lat' dir='ltr'><strong>provinciae</strong></span> <span class='ocrx_word' id='word_1_91' title='bbox 1538 1207 1662 1266; x_wconf 91' lang='lat' dir='ltr'><strong>eius</strong></span> <span class='ocrx_word' id='word_1_92' title='bbox 1695 1206 1823 1265; x_wconf 85' lang='lat' dir='ltr'><strong>finis</strong></span> <span class='ocrx_word' id='word_1_93' title='bbox 1855 1214 2014 1282; x_wconf 92' lang='lat' dir='ltr'><strong>erat,</strong></span> <span class='ocrx_word' id='word_1_94' title='bbox 2046 1224 2183 1284; x_wconf 89' lang='lat' dir='ltr'><strong>pau-</strong></span> 
     </span>
     <span class='ocr_line' id='line_1_13' title="bbox 198 1289 2187 1369; baseline 0.001 -21"><span class='ocrx_word' id='word_1_95' title='bbox 198 1289 294 1348; x_wconf 88' lang='lat' dir='ltr'><strong>lum</strong></span> <span class='ocrx_word' id='word_1_96' title='bbox 329 1292 616 1367; x_wconf 88' lang='lat' dir='ltr'><strong>constitit,</strong></span> <span class='ocrx_word' id='word_1_97' title='bbox 661 1309 731 1350; x_wconf 90' lang='lat' dir='ltr'><strong>ac</strong></span> <span class='ocrx_word' id='word_1_98' title='bbox 772 1300 1049 1369; x_wconf 87' lang='lat' dir='ltr'><strong>reputans</strong></span> <span class='ocrx_word' id='word_1_99' title='bbox 1083 1299 1352 1368; x_wconf 88' lang='lat' dir='ltr'><strong>quantum</strong></span> <span class='ocrx_word' id='word_1_100' title='bbox 1381 1290 1713 1366; x_wconf 84' lang='lat' dir='ltr'><strong>moliretur,</strong></span> <span class='ocrx_word' id='word_1_101' title='bbox 1760 1307 2080 1350; x_wconf 87' lang='lat' dir='ltr'><strong>conversus</strong></span> <span class='ocrx_word' id='word_1_102' title='bbox 2113 1290 2187 1351; x_wconf 87' lang='lat' dir='ltr'><strong>ad</strong></span> 
     </span>
     <span class='ocr_line' id='line_1_14' title="bbox 199 1372 2188 1453; baseline 0.001 -22"><span class='ocrx_word' id='word_1_103' title='bbox 199 1375 470 1449; x_wconf 83' lang='lat' dir='ltr'><strong>proximos</strong></span> <span class='ocrx_word' id='word_1_104' title='bbox 516 1372 734 1434; x_wconf 79' lang='lat' dir='ltr'><strong>Etiam</strong></span> <span class='ocrx_word' id='word_1_105' title='bbox 776 1392 938 1435; x_wconf 77' lang='lat' dir='ltr'><strong>nunc</strong></span> <span class='ocrx_word' id='word_1_106' title='bbox 987 1375 1168 1452; x_wconf 80' lang='lat' dir='ltr'><strong>inquit</strong></span> <span class='ocrx_word' id='word_1_107' title='bbox 1218 1372 1470 1453; x_wconf 73' lang='lat' dir='ltr'><strong>reqredi</strong></span> <span class='ocrx_word' id='word_1_108' title='bbox 1500 1391 1874 1452; x_wconf 75' lang='lat' dir='ltr'><strong>possumus;</strong></span> <span class='ocrx_word' id='word_1_109' title='bbox 1918 1374 2087 1452; x_wconf 79' lang='lat' dir='ltr'><strong>quod</strong></span> <span class='ocrx_word' id='word_1_110' title='bbox 2128 1375 2188 1433; x_wconf 74' lang='lat' dir='ltr'><strong>si</strong></span> 
     </span>
     <span class='ocr_line' id='line_1_15' title="bbox 195 1457 2179 1537; baseline 0 -20"><span class='ocrx_word' id='word_1_111' title='bbox 195 1459 545 1533; x_wconf 79' lang='lat' dir='ltr'><strong>ponticulum</strong></span> <span class='ocrx_word' id='word_1_112' title='bbox 615 1458 1046 1518; x_wconf 73' lang='lat' dir='ltr'><strong>transierimus</strong></span> <span class='ocrx_word' id='word_1_113' title='bbox 1065 1502 1082 1532; x_wconf 90' lang='lat'><strong>,</strong></span> <span class='ocrx_word' id='word_1_114' title='bbox 1150 1458 1358 1518; x_wconf 80' lang='lat' dir='ltr'><strong>omnia</strong></span> <span class='ocrx_word' id='word_1_115' title='bbox 1419 1458 1616 1518; x_wconf 77' lang='lat' dir='ltr'><strong>armis</strong></span> <span class='ocrx_word' id='word_1_116' title='bbox 1678 1457 1924 1537; x_wconf 75' lang='lat' dir='ltr'><strong>ayenda</strong></span> <span class='ocrx_word' id='word_1_117' title='bbox 1985 1464 2179 1518; x_wconf 79' lang='lat' dir='ltr'><strong>erunt.</strong></span> 
     </span>
    </p>

    <p class='ocr_par' dir='ltr' id='par_1_6' title="bbox 148 1538 2268 1958">
     <span class='ocr_line' id='line_1_16' title="bbox 148 1538 2268 1618; baseline 0 -19"><span class='ocrx_word' id='word_1_118' title='bbox 148 1558 185 1600; x_wconf 78' lang='lat' dir='ltr'><strong>n</strong></span> <span class='ocrx_word' id='word_1_119' title='bbox 201 1538 475 1602; x_wconf 86' lang='lat' dir='ltr'><strong>Cunctanti</strong></span> <span class='ocrx_word' id='word_1_120' title='bbox 510 1551 802 1602; x_wconf 83' lang='lat' dir='ltr'><strong>ostentum</strong></span> <span class='ocrx_word' id='word_1_121' title='bbox 845 1542 961 1601; x_wconf 91' lang='lat' dir='ltr'><strong>tale</strong></span> <span class='ocrx_word' id='word_1_122' title='bbox 992 1542 1200 1602; x_wconf 84' lang='lat' dir='ltr'><strong>factum</strong></span> <span class='ocrx_word' id='word_1_123' title='bbox 1239 1550 1348 1601; x_wconf 89' lang='lat' dir='ltr'><strong>est.</strong></span> <span class='ocrx_word' id='word_1_124' title='bbox 1437 1541 1679 1617; x_wconf 84' lang='lat' dir='ltr'><strong>Quidam</strong></span> <span class='ocrx_word' id='word_1_125' title='bbox 1720 1542 1928 1600; x_wconf 86' lang='lat' dir='ltr'><strong>eximia</strong></span> <span class='ocrx_word' id='word_1_126' title='bbox 1969 1542 2184 1618; x_wconf 83' lang='lat' dir='ltr'><strong>magni-</strong></span> <span class='ocrx_word' id='word_1_127' title='bbox 2198 1554 2268 1608; x_wconf 75' lang='lat'><strong>32</strong></span> 
     </span>
     <span class='ocr_line' id='line_1_17' title="bbox 201 1624 2182 1705; baseline 0 -22"><span class='ocrx_word' id='word_1_128' title='bbox 201 1626 369 1685; x_wconf 85' lang='lat' dir='ltr'><strong>tudine</strong></span> <span class='ocrx_word' id='word_1_129' title='bbox 400 1636 456 1686; x_wconf 91' lang='lat' dir='ltr'><strong>et</strong></span> <span class='ocrx_word' id='word_1_130' title='bbox 497 1627 691 1687; x_wconf 84' lang='lat' dir='ltr'><strong>forma</strong></span> <span class='ocrx_word' id='word_1_131' title='bbox 723 1628 781 1685; x_wconf 93' lang='lat' dir='ltr'><strong>in</strong></span> <span class='ocrx_word' id='word_1_132' title='bbox 820 1627 1088 1705; x_wconf 85' lang='lat' dir='ltr'><strong>proximo</strong></span> <span class='ocrx_word' id='word_1_133' title='bbox 1120 1624 1334 1686; x_wconf 89' lang='lat' dir='ltr'><strong>sedens</strong></span> <span class='ocrx_word' id='word_1_134' title='bbox 1361 1634 1607 1704; x_wconf 88' lang='lat' dir='ltr'><strong>repente</strong></span> <span class='ocrx_word' id='word_1_135' title='bbox 1640 1625 1933 1702; x_wconf 88' lang='lat' dir='ltr'><strong>apparuit,</strong></span> <span class='ocrx_word' id='word_1_136' title='bbox 1978 1624 2182 1685; x_wconf 88' lang='lat' dir='ltr'><strong>harun-</strong></span> 
     </span>
     <span class='ocr_line' id='line_1_18' title="bbox 202 1708 2181 1788; baseline 0.001 -22"><span class='ocrx_word' id='word_1_137' title='bbox 202 1708 312 1767; x_wconf 87' lang='lat' dir='ltr'><strong>dine</strong></span> <span class='ocrx_word' id='word_1_138' title='bbox 339 1728 589 1778; x_wconf 89' lang='lat' dir='ltr'><strong>canens;</strong></span> <span class='ocrx_word' id='word_1_139' title='bbox 637 1709 707 1769; x_wconf 90' lang='lat' dir='ltr'><strong>ad</strong></span> <span class='ocrx_word' id='word_1_140' title='bbox 749 1728 919 1788; x_wconf 88' lang='lat' dir='ltr'><strong>quem</strong></span> <span class='ocrx_word' id='word_1_141' title='bbox 949 1709 1289 1770; x_wconf 87' lang='lat' dir='ltr'><strong>audiendum</strong></span> <span class='ocrx_word' id='word_1_142' title='bbox 1321 1727 1449 1768; x_wconf 90' lang='lat' dir='ltr'><strong>cum</strong></span> <span class='ocrx_word' id='word_1_143' title='bbox 1480 1717 1715 1787; x_wconf 87' lang='lat' dir='ltr'><strong>praeter</strong></span> <span class='ocrx_word' id='word_1_144' title='bbox 1747 1716 2017 1786; x_wconf 85' lang='lat' dir='ltr'><strong>pastores</strong></span> <span class='ocrx_word' id='word_1_145' title='bbox 2059 1708 2181 1787; x_wconf 92' lang='lat' dir='ltr'><strong>plu-</strong></span> 
     </span>
     <span class='ocr_line' id='line_1_19' title="bbox 200 1793 2182 1870; baseline 0 -19"><span class='ocrx_word' id='word_1_146' title='bbox 200 1793 305 1851; x_wconf 82' lang='lat' dir='ltr'><strong>rimi</strong></span> <span class='ocrx_word' id='word_1_147' title='bbox 341 1795 508 1854; x_wconf 88' lang='lat' dir='ltr'><strong>etiam</strong></span> <span class='ocrx_word' id='word_1_148' title='bbox 551 1812 634 1855; x_wconf 87' lang='lat' dir='ltr'><strong>ex</strong></span> <span class='ocrx_word' id='word_1_149' title='bbox 673 1794 1014 1854; x_wconf 89' lang='lat' dir='ltr'><strong>stationibus</strong></span> <span class='ocrx_word' id='word_1_150' title='bbox 1054 1794 1266 1853; x_wconf 89' lang='lat' dir='ltr'><strong>milites</strong></span> <span class='ocrx_word' id='word_1_151' title='bbox 1298 1794 1728 1853; x_wconf 81' lang='lat' dir='ltr'><strong>concurrissent</strong></span> <span class='ocrx_word' id='word_1_152' title='bbox 1767 1793 2032 1870; x_wconf 89' lang='lat' dir='ltr'><strong>interque</strong></span> <span class='ocrx_word' id='word_1_153' title='bbox 2077 1810 2182 1852; x_wconf 91' lang='lat' dir='ltr'><strong>eos</strong></span> 
     </span>
     <span class='ocr_line' id='line_1_20' title="bbox 203 1876 2181 1958; baseline 0 -24"><span class='ocrx_word' id='word_1_154' title='bbox 203 1885 250 1935; x_wconf 86' lang='lat' dir='ltr'><strong>et</strong></span> <span class='ocrx_word' id='word_1_155' title='bbox 274 1887 650 1955; x_wconf 83' lang='lat' dir='ltr'><strong>aeneatores,</strong></span> <span class='ocrx_word' id='word_1_156' title='bbox 691 1887 857 1958; x_wconf 87' lang='lat' dir='ltr'><strong>rapta</strong></span> <span class='ocrx_word' id='word_1_157' title='bbox 900 1877 972 1938; x_wconf 89' lang='lat' dir='ltr'><strong>ab</strong></span> <span class='ocrx_word' id='word_1_158' title='bbox 1004 1895 1116 1938; x_wconf 92' lang='lat' dir='ltr'><strong>uno</strong></span> <span class='ocrx_word' id='word_1_159' title='bbox 1162 1878 1300 1939; x_wconf 86' lang='lat' dir='ltr'><strong>tuba</strong></span> <span class='ocrx_word' id='word_1_160' title='bbox 1333 1876 1621 1956; x_wconf 84' lang='lat' dir='ltr'><strong>prosilivit</strong></span> <span class='ocrx_word' id='word_1_161' title='bbox 1662 1876 1732 1936; x_wconf 88' lang='lat' dir='ltr'><strong>ad</strong></span> <span class='ocrx_word' id='word_1_162' title='bbox 1774 1876 1981 1936; x_wconf 85' lang='lat' dir='ltr'><strong>flumen</strong></span> <span class='ocrx_word' id='word_1_163' title='bbox 2014 1885 2071 1936; x_wconf 90' lang='lat' dir='ltr'><strong>et</strong></span> <span class='ocrx_word' id='word_1_164' title='bbox 2102 1878 2181 1934; x_wconf 88' lang='lat' dir='ltr'><strong>in·</strong></span> 
     </span>
    </p>

    <p class='ocr_par' dir='ltr' id='par_1_7' title="bbox 152 1960 2267 2377">
     <span class='ocr_line' id='line_1_21' title="bbox 152 1960 2179 2042; baseline 0.001 -25"><span class='ocrx_word' id='word_1_165' title='bbox 152 1963 338 2036; x_wconf 64' lang='lat' dir='ltr'><strong>agenti</strong></span> <span class='ocrx_word' id='word_1_166' title='bbox 379 1964 589 2041; x_wconf 87' lang='lat' dir='ltr'><strong>spiritu</strong></span> <span class='ocrx_word' id='word_1_167' title='bbox 634 1962 940 2024; x_wconf 91' lang='lat' dir='ltr'><strong>classicum</strong></span> <span class='ocrx_word' id='word_1_168' title='bbox 983 1979 1231 2023; x_wconf 86' lang='lat' dir='ltr'><strong>exorsus</strong></span> <span class='ocrx_word' id='word_1_169' title='bbox 1265 1961 1556 2042; x_wconf 87' lang='lat' dir='ltr'><strong>pertendit</strong></span> <span class='ocrx_word' id='word_1_170' title='bbox 1587 1960 1661 2022; x_wconf 89' lang='lat' dir='ltr'><strong>ad</strong></span> <span class='ocrx_word' id='word_1_171' title='bbox 1702 1960 1941 2021; x_wconf 89' lang='lat' dir='ltr'><strong>alteram</strong></span> <span class='ocrx_word' id='word_1_172' title='bbox 1973 1962 2179 2039; x_wconf 86' lang='lat' dir='ltr'><strong>ripam.</strong></span> 
     </span>
     <span class='ocr_line' id='line_1_22' title="bbox 204 2043 2178 2126; baseline 0.002 -24"><span class='ocrx_word' id='word_1_173' title='bbox 204 2043 339 2104; x_wconf 88' lang='lat' dir='ltr'><strong>Tunc</strong></span> <span class='ocrx_word' id='word_1_174' title='bbox 380 2046 606 2108; x_wconf 86' lang='lat' dir='ltr'><strong>Caesar</strong></span> <span class='ocrx_word' id='word_1_175' title='bbox 646 2045 853 2107; x_wconf 83' lang='lat' dir='ltr'><strong>Eatur</strong></span> <span class='ocrx_word' id='word_1_176' title='bbox 892 2048 1098 2125; x_wconf 89' lang='lat' dir='ltr'><strong>inquit,</strong></span> <span class='ocrx_word' id='word_1_177' title='bbox 1143 2065 1262 2126; x_wconf 79' lang='lat' dir='ltr'><strong>quo</strong></span> <span class='ocrx_word' id='word_1_178' title='bbox 1311 2047 1565 2107; x_wconf 77' lang='lat' dir='ltr'><strong>deorum</strong></span> <span class='ocrx_word' id='word_1_179' title='bbox 1607 2051 1849 2107; x_wconf 81' lang='lat' dir='ltr'><strong>ostenta</strong></span> <span class='ocrx_word' id='word_1_180' title='bbox 1891 2051 1948 2105; x_wconf 85' lang='lat' dir='ltr'><strong>et</strong></span> <span class='ocrx_word' id='word_1_181' title='bbox 1981 2045 2178 2105; x_wconf 77' lang='lat' dir='ltr'><strong>inimi·</strong></span> 
     </span>
     <span class='ocr_line' id='line_1_23' title="bbox 204 2128 2267 2210; baseline 0.002 -24"><span class='ocrx_word' id='word_1_182' title='bbox 204 2144 386 2188; x_wconf 80' lang='lat' dir='ltr'><strong>corum</strong></span> <span class='ocrx_word' id='word_1_183' title='bbox 424 2131 728 2210; x_wconf 72' lang='lat' dir='ltr'><strong>iniquitas</strong></span> <span class='ocrx_word' id='word_1_184' title='bbox 756 2138 959 2192; x_wconf 83' lang='lat' dir='ltr'><strong>vocat.</strong></span> <span class='ocrx_word' id='word_1_185' title='bbox 1032 2129 1224 2192; x_wconf 81' lang='lat' dir='ltr'><strong>Jaeta</strong></span> <span class='ocrx_word' id='word_1_186' title='bbox 1258 2131 1404 2191; x_wconf 86' lang='lat' dir='ltr'><strong>alea</strong></span> <span class='ocrx_word' id='word_1_187' title='bbox 1434 2137 1557 2205; x_wconf 80' lang='lat' dir='ltr'><strong>est,</strong></span> <span class='ocrx_word' id='word_1_188' title='bbox 1603 2131 1803 2209; x_wconf 89' lang='lat' dir='ltr'><strong>inquit.</strong></span> <span class='ocrx_word' id='word_1_189' title='bbox 1877 2128 2071 2208; x_wconf 89' lang='lat' dir='ltr'><strong>Atque</strong></span> <span class='ocrx_word' id='word_1_190' title='bbox 2104 2131 2267 2190; x_wconf 79' lang='lat' dir='ltr'><strong>ita33</strong></span> 
     </span>
     <span class='ocr_line' id='line_1_24' title="bbox 203 2213 2179 2294; baseline 0.003 -26"><span class='ocrx_word' id='word_1_191' title='bbox 203 2213 420 2273; x_wconf 87' lang='lat' dir='ltr'><strong>traiecto</strong></span> <span class='ocrx_word' id='word_1_192' title='bbox 462 2218 759 2292; x_wconf 89' lang='lat' dir='ltr'><strong>exercitu,</strong></span> <span class='ocrx_word' id='word_1_193' title='bbox 803 2214 1069 2275; x_wconf 86' lang='lat' dir='ltr'><strong>adhibitis</strong></span> <span class='ocrx_word' id='word_1_194' title='bbox 1101 2215 1344 2275; x_wconf 89' lang='lat' dir='ltr'><strong>tribunis</strong></span> <span class='ocrx_word' id='word_1_195' title='bbox 1377 2215 1601 2294; x_wconf 87' lang='lat' dir='ltr'><strong>plebis,</strong></span> <span class='ocrx_word' id='word_1_196' title='bbox 1652 2215 1749 2293; x_wconf 80' lang='lat' dir='ltr'><strong>qui</strong></span> <span class='ocrx_word' id='word_1_197' title='bbox 1793 2214 1944 2292; x_wconf 89' lang='lat' dir='ltr'><strong>pulsi</strong></span> <span class='ocrx_word' id='word_1_198' title='bbox 1979 2231 2179 2293; x_wconf 88' lang='lat' dir='ltr'><strong>super-</strong></span> 
     </span>
     <span class='ocr_line' id='line_1_25' title="bbox 204 2299 2180 2377; baseline 0.003 -26"><span class='ocrx_word' id='word_1_199' title='bbox 204 2307 483 2375; x_wconf 85' lang='lat' dir='ltr'><strong>venerant,</strong></span> <span class='ocrx_word' id='word_1_200' title='bbox 517 2315 632 2377; x_wconf 91' lang='lat' dir='ltr'><strong>pro</strong></span> <span class='ocrx_word' id='word_1_201' title='bbox 667 2300 938 2360; x_wconf 88' lang='lat' dir='ltr'><strong>contione</strong></span> <span class='ocrx_word' id='word_1_202' title='bbox 962 2299 1130 2358; x_wconf 85' lang='lat' dir='ltr'><strong>fidem</strong></span> <span class='ocrx_word' id='word_1_203' title='bbox 1152 2299 1389 2359; x_wconf 89' lang='lat' dir='ltr'><strong>militum</strong></span> <span class='ocrx_word' id='word_1_204' title='bbox 1412 2299 1559 2360; x_wconf 84' lang='lat' dir='ltr'><strong>flens</strong></span> <span class='ocrx_word' id='word_1_205' title='bbox 1590 2317 1660 2359; x_wconf 88' lang='lat' dir='ltr'><strong>ac</strong></span> <span class='ocrx_word' id='word_1_206' title='bbox 1688 2307 1852 2358; x_wconf 84' lang='lat' dir='ltr'><strong>veste</strong></span> <span class='ocrx_word' id='word_1_207' title='bbox 1877 2316 1910 2358; x_wconf 90' lang='lat' dir='ltr'><strong>a</strong></span> <span class='ocrx_word' id='word_1_208' title='bbox 1937 2306 2180 2377; x_wconf 88' lang='lat' dir='ltr'><strong>pectore</strong></span> 
     </span>
    </p>

    <p class='ocr_par' dir='ltr' id='par_1_8' title="bbox 154 2376 2182 2795">
     <span class='ocr_line' id='line_1_26' title="bbox 154 2376 2180 2463; baseline 0.003 -30"><span class='ocrx_word' id='word_1_209' title='bbox 154 2376 419 2441; x_wconf 63' lang='lat' dir='ltr'><strong>adiecissa</strong></span> <span class='ocrx_word' id='word_1_210' title='bbox 451 2384 768 2443; x_wconf 87' lang='lat' dir='ltr'><strong>invocavit.</strong></span> <span class='ocrx_word' id='word_1_211' title='bbox 857 2382 1230 2442; x_wconf 76' lang='lat' dir='ltr'><strong>Existimetur</strong></span> <span class='ocrx_word' id='word_1_212' title='bbox 1258 2385 1428 2444; x_wconf 89' lang='lat' dir='ltr'><strong>etiam</strong></span> <span class='ocrx_word' id='word_1_213' title='bbox 1471 2390 1777 2463; x_wconf 89' lang='lat' dir='ltr'><strong>equestres</strong></span> <span class='ocrx_word' id='word_1_214' title='bbox 1809 2400 2019 2443; x_wconf 87' lang='lat' dir='ltr'><strong>census</strong></span> <span class='ocrx_word' id='word_1_215' title='bbox 2053 2381 2180 2460; x_wconf 87' lang='lat' dir='ltr'><strong>pol-</strong></span> 
     </span>
     <span class='ocr_line' id='line_1_27' title="bbox 204 2460 2182 2547; baseline 0.002 -28"><span class='ocrx_word' id='word_1_216' title='bbox 204 2460 369 2524; x_wconf 85' lang='lat' dir='ltr'><strong>licitus</strong></span> <span class='ocrx_word' id='word_1_217' title='bbox 409 2467 685 2544; x_wconf 79' lang='lat' dir='ltr'><strong>singnlis3</strong></span> <span class='ocrx_word' id='word_1_218' title='bbox 732 2467 888 2544; x_wconf 90' lang='lat' dir='ltr'><strong>quod</strong></span> <span class='ocrx_word' id='word_1_219' title='bbox 932 2466 1140 2527; x_wconf 87' lang='lat' dir='ltr'><strong>accidit</strong></span> <span class='ocrx_word' id='word_1_220' title='bbox 1180 2468 1454 2547; x_wconf 91' lang='lat' dir='ltr'><strong>opinione</strong></span> <span class='ocrx_word' id='word_1_221' title='bbox 1506 2469 1672 2529; x_wconf 81' lang='lat' dir='ltr'><strong>falsa.</strong></span> <span class='ocrx_word' id='word_1_222' title='bbox 1758 2466 1903 2526; x_wconf 87' lang='lat' dir='ltr'><strong>Nam</strong></span> <span class='ocrx_word' id='word_1_223' title='bbox 1954 2484 2080 2526; x_wconf 88' lang='lat' dir='ltr'><strong>cum</strong></span> <span class='ocrx_word' id='word_1_224' title='bbox 2123 2466 2182 2523; x_wconf 94' lang='lat' dir='ltr'><strong>in</strong></span> 
     </span>
     <span class='ocr_line' id='line_1_28' title="bbox 206 2544 2180 2630; baseline 0.002 -26"><span class='ocrx_word' id='word_1_225' title='bbox 206 2544 544 2626; x_wconf 80' lang='lat' dir='ltr'><strong>adloquendo</strong></span> <span class='ocrx_word' id='word_1_226' title='bbox 606 2550 1082 2629; x_wconf 84' lang='lat' dir='ltr'><strong>exhortandoque</strong></span> <span class='ocrx_word' id='word_1_227' title='bbox 1140 2552 1374 2630; x_wconf 89' lang='lat' dir='ltr'><strong>saepius</strong></span> <span class='ocrx_word' id='word_1_228' title='bbox 1426 2550 1663 2628; x_wconf 83' lang='lat' dir='ltr'><strong>digitum</strong></span> <span class='ocrx_word' id='word_1_229' title='bbox 1715 2548 1921 2609; x_wconf 85' lang='lat' dir='ltr'><strong>laevae</strong></span> <span class='ocrx_word' id='word_1_230' title='bbox 1980 2567 2180 2608; x_wconf 91' lang='lat' dir='ltr'><strong>manus</strong></span> 
     </span>
     <span class='ocr_line' id='line_1_29' title="bbox 207 2631 2180 2711; baseline 0.002 -24"><span class='ocrx_word' id='word_1_231' title='bbox 207 2638 473 2694; x_wconf 85' lang='lat' dir='ltr'><strong>ostentans</strong></span> <span class='ocrx_word' id='word_1_232' title='bbox 514 2634 878 2711; x_wconf 83' lang='lat' dir='ltr'><strong>adfirmaret,</strong></span> <span class='ocrx_word' id='word_1_233' title='bbox 932 2653 996 2694; x_wconf 90' lang='lat' dir='ltr'><strong>se</strong></span> <span class='ocrx_word' id='word_1_234' title='bbox 1054 2634 1125 2696; x_wconf 85' lang='lat' dir='ltr'><strong>ad</strong></span> <span class='ocrx_word' id='word_1_235' title='bbox 1168 2637 1309 2695; x_wconf 88' lang='lat' dir='ltr'><strong>satis</strong></span> <span class='ocrx_word' id='word_1_236' title='bbox 1355 2633 1681 2695; x_wconf 81' lang='lat' dir='ltr'><strong>faciendum</strong></span> <span class='ocrx_word' id='word_1_237' title='bbox 1724 2631 2016 2709; x_wconf 89' lang='lat' dir='ltr'><strong>omnibus,</strong></span> <span class='ocrx_word' id='word_1_238' title='bbox 2071 2650 2180 2710; x_wconf 90' lang='lat' dir='ltr'><strong>per</strong></span> 
     </span>
     <span class='ocr_line' id='line_1_30' title="bbox 209 2717 2178 2795; baseline 0.003 -24"><span class='ocrx_word' id='word_1_239' title='bbox 209 2728 334 2789; x_wconf 84' lang='lat' dir='ltr'><strong>quos</strong></span> <span class='ocrx_word' id='word_1_240' title='bbox 354 2717 686 2794; x_wconf 80' lang='lat' dir='ltr'><strong>dignitatem</strong></span> <span class='ocrx_word' id='word_1_241' title='bbox 709 2737 867 2778; x_wconf 86' lang='lat' dir='ltr'><strong>suam</strong></span> <span class='ocrx_word' id='word_1_242' title='bbox 894 2718 1237 2778; x_wconf 80' lang='lat' dir='ltr'><strong>defensurus</strong></span> <span class='ocrx_word' id='word_1_243' title='bbox 1262 2729 1453 2795; x_wconf 89' lang='lat' dir='ltr'><strong>esset,</strong></span> <span class='ocrx_word' id='word_1_244' title='bbox 1484 2718 1709 2778; x_wconf 90' lang='lat' dir='ltr'><strong>anulum</strong></span> <span class='ocrx_word' id='word_1_245' title='bbox 1734 2733 1966 2794; x_wconf 90' lang='lat' dir='ltr'><strong>quoque</strong></span> <span class='ocrx_word' id='word_1_246' title='bbox 1987 2733 2178 2793; x_wconf 87' lang='lat' dir='ltr'><strong>aequo</strong></span> 
     </span>
    </p>

    <p class='ocr_par' dir='ltr' id='par_1_9' title="bbox 156 2799 2180 3132">
     <span class='ocr_line' id='line_1_31' title="bbox 156 2799 2178 2881; baseline 0.003 -30"><span class='ocrx_word' id='word_1_247' title='bbox 156 2799 370 2858; x_wconf 61' lang='lat' dir='ltr'><strong>»animo</strong></span> <span class='ocrx_word' id='word_1_248' title='bbox 399 2802 784 2863; x_wconf 81' lang='lat' dir='ltr'><strong>detracturum</strong></span> <span class='ocrx_word' id='word_1_249' title='bbox 818 2802 954 2881; x_wconf 82' lang='lat' dir='ltr'><strong>sibi,</strong></span> <span class='ocrx_word' id='word_1_250' title='bbox 999 2812 1254 2863; x_wconf 87' lang='lat' dir='ltr'><strong>extrema</strong></span> <span class='ocrx_word' id='word_1_251' title='bbox 1288 2805 1511 2879; x_wconf 89' lang='lat' dir='ltr'><strong>contio,</strong></span> <span class='ocrx_word' id='word_1_252' title='bbox 1555 2804 1643 2863; x_wconf 92' lang='lat' dir='ltr'><strong>cui</strong></span> <span class='ocrx_word' id='word_1_253' title='bbox 1682 2801 1910 2861; x_wconf 87' lang='lat' dir='ltr'><strong>facilius</strong></span> <span class='ocrx_word' id='word_1_254' title='bbox 1942 2808 2067 2860; x_wconf 85' lang='lat' dir='ltr'><strong>erat</strong></span> <span class='ocrx_word' id='word_1_255' title='bbox 2096 2801 2178 2859; x_wconf 83' lang='lat' dir='ltr'><strong>vi-</strong></span> 
     </span>
     <span class='ocr_line' id='line_1_32' title="bbox 208 2877 2180 2966; baseline 0.004 -30"><span class='ocrx_word' id='word_1_256' title='bbox 208 2877 325 2941; x_wconf 89' lang='lat' dir='ltr'><strong>dere</strong></span> <span class='ocrx_word' id='word_1_257' title='bbox 353 2889 772 2947; x_wconf 86' lang='lat' dir='ltr'><strong>contionantem</strong></span> <span class='ocrx_word' id='word_1_258' title='bbox 795 2905 963 2965; x_wconf 86' lang='lat' dir='ltr'><strong>quam</strong></span> <span class='ocrx_word' id='word_1_259' title='bbox 987 2887 1218 2964; x_wconf 89' lang='lat' dir='ltr'><strong>audire,</strong></span> <span class='ocrx_word' id='word_1_260' title='bbox 1250 2905 1360 2966; x_wconf 91' lang='lat' dir='ltr'><strong>pro</strong></span> <span class='ocrx_word' id='word_1_261' title='bbox 1391 2887 1544 2947; x_wconf 86' lang='lat' dir='ltr'><strong>dicto</strong></span> <span class='ocrx_word' id='word_1_262' title='bbox 1569 2886 1829 2964; x_wconf 88' lang='lat' dir='ltr'><strong>accepit,</strong></span> <span class='ocrx_word' id='word_1_263' title='bbox 1868 2884 2024 2963; x_wconf 86' lang='lat' dir='ltr'><strong>quod</strong></span> <span class='ocrx_word' id='word_1_264' title='bbox 2053 2885 2180 2944; x_wconf 88' lang='lat' dir='ltr'><strong>visu</strong></span> 
     </span>
     <span class='ocr_line' id='line_1_33' title="bbox 209 2968 2178 3063; baseline 0.001 -36"><span class='ocrx_word' id='word_1_265' title='bbox 209 2968 610 3063; x_wconf 59' lang='lat' dir='ltr'><strong>suspicabatum</strong></span> <span class='ocrx_word' id='word_1_266' title='bbox 658 2972 1131 3050; x_wconf 89' lang='lat' dir='ltr'><strong>promissumque·</strong></span> <span class='ocrx_word' id='word_1_267' title='bbox 1160 2972 1249 3031; x_wconf 91' lang='lat' dir='ltr'><strong>ius</strong></span> <span class='ocrx_word' id='word_1_268' title='bbox 1290 2971 1591 3032; x_wconf 88' lang='lat' dir='ltr'><strong>anulorum</strong></span> <span class='ocrx_word' id='word_1_269' title='bbox 1622 2989 1749 3033; x_wconf 90' lang='lat' dir='ltr'><strong>cum</strong></span> <span class='ocrx_word' id='word_1_270' title='bbox 1783 2969 2013 3028; x_wconf 90' lang='lat' dir='ltr'><strong>milibus</strong></span> <span class='ocrx_word' id='word_1_271' title='bbox 2042 2985 2178 3045; x_wconf 86' lang='lat' dir='ltr'><strong>qua-</strong></span> 
     </span>
     <span class='ocr_line' id='line_1_34' title="bbox 210 3045 944 3132; baseline 0.004 -21"><span class='ocrx_word' id='word_1_272' title='bbox 210 3045 501 3132; x_wconf 78' lang='lat' dir='ltr'><strong>dungenis,</strong></span> <span class='ocrx_word' id='word_1_273' title='bbox 532 3055 683 3115; x_wconf 84' lang='lat' dir='ltr'><strong>fama</strong></span> <span class='ocrx_word' id='word_1_274' title='bbox 711 3055 944 3115; x_wconf 87' lang='lat' dir='ltr'><strong>distulit.</strong></span> 
     </span>
    </p>

    <p class='ocr_par' dir='ltr' id='par_1_10' title="bbox 157 3135 2265 3554">
     <span class='ocr_line' id='line_1_35' title="bbox 319 3135 2265 3217; baseline 0.001 -23"><span class='ocrx_word' id='word_1_275' title='bbox 319 3135 468 3198; x_wconf 88' lang='lat' dir='ltr'><strong>Ordo</strong></span> <span class='ocrx_word' id='word_1_276' title='bbox 502 3148 562 3198; x_wconf 91' lang='lat' dir='ltr'><strong>et</strong></span> <span class='ocrx_word' id='word_1_277' title='bbox 592 3158 808 3199; x_wconf 85' lang='lat' dir='ltr'><strong>summa</strong></span> <span class='ocrx_word' id='word_1_278' title='bbox 841 3158 1067 3215; x_wconf 87' lang='lat' dir='ltr'><strong>rerum,</strong></span> <span class='ocrx_word' id='word_1_279' title='bbox 1113 3157 1258 3217; x_wconf 86' lang='lat' dir='ltr'><strong>quas</strong></span> <span class='ocrx_word' id='word_1_280' title='bbox 1290 3140 1570 3217; x_wconf 89' lang='lat' dir='ltr'><strong>deinceps</strong></span> <span class='ocrx_word' id='word_1_281' title='bbox 1601 3139 1823 3215; x_wconf 83' lang='lat' dir='ltr'><strong>gessit,</strong></span> <span class='ocrx_word' id='word_1_282' title='bbox 1871 3138 1957 3198; x_wconf 91' lang='lat' dir='ltr'><strong>sic</strong></span> <span class='ocrx_word' id='word_1_283' title='bbox 1987 3156 2054 3198; x_wconf 91' lang='lat' dir='ltr'><strong>se</strong></span> <span class='ocrx_word' id='word_1_284' title='bbox 2081 3137 2177 3197; x_wconf 87' lang='lat' dir='ltr'><strong>ha·</strong></span> <span class='ocrx_word' id='word_1_285' title='bbox 2196 3152 2265 3206; x_wconf 80' lang='lat'><strong>34</strong></span> 
     </span>
     <span class='ocr_line' id='line_1_36' title="bbox 157 3212 2179 3300; baseline 0.006 -31"><span class='ocrx_word' id='word_1_286' title='bbox 157 3212 340 3278; x_wconf 74' lang='lat' dir='ltr'><strong>tsbent.</strong></span> <span class='ocrx_word' id='word_1_287' title='bbox 423 3222 693 3283; x_wconf 87' lang='lat' dir='ltr'><strong>Picenum</strong></span> <span class='ocrx_word' id='word_1_288' title='bbox 723 3223 1015 3286; x_wconf 85' lang='lat' dir='ltr'><strong>Umbriam</strong></span> <span class='ocrx_word' id='word_1_289' title='bbox 1050 3223 1335 3284; x_wconf 88' lang='lat' dir='ltr'><strong>Etruriam</strong></span> <span class='ocrx_word' id='word_1_290' title='bbox 1377 3224 1718 3300; x_wconf 84' lang='lat' dir='ltr'><strong>occupavit,</strong></span> <span class='ocrx_word' id='word_1_291' title='bbox 1768 3231 1826 3282; x_wconf 90' lang='lat' dir='ltr'><strong>et</strong></span> <span class='ocrx_word' id='word_1_292' title='bbox 1857 3221 2035 3283; x_wconf 90' lang='lat' dir='ltr'><strong>Lucio</strong></span> <span class='ocrx_word' id='word_1_293' title='bbox 2063 3221 2179 3281; x_wconf 92' lang='lat' dir='ltr'><strong>Do-</strong></span> 
     </span>
     <span class='ocr_line' id='line_1_37' title="bbox 209 3300 2181 3386; baseline 0.004 -30"><span class='ocrx_word' id='word_1_294' title='bbox 209 3300 372 3379; x_wconf 89' lang='lat' dir='ltr'><strong>mitio,</strong></span> <span class='ocrx_word' id='word_1_295' title='bbox 424 3308 520 3384; x_wconf 88' lang='lat' dir='ltr'><strong>qui</strong></span> <span class='ocrx_word' id='word_1_296' title='bbox 558 3326 667 3386; x_wconf 89' lang='lat' dir='ltr'><strong>per</strong></span> <span class='ocrx_word' id='word_1_297' title='bbox 707 3307 1001 3367; x_wconf 91' lang='lat' dir='ltr'><strong>tumultum</strong></span> <span class='ocrx_word' id='word_1_298' title='bbox 1042 3325 1354 3368; x_wconf 90' lang='lat' dir='ltr'><strong>successor</strong></span> <span class='ocrx_word' id='word_1_299' title='bbox 1401 3308 1458 3367; x_wconf 91' lang='lat' dir='ltr'><strong>ei</strong></span> <span class='ocrx_word' id='word_1_300' title='bbox 1505 3310 1826 3368; x_wconf 87' lang='lat' dir='ltr'><strong>nominatus</strong></span> <span class='ocrx_word' id='word_1_301' title='bbox 1872 3304 2181 3366; x_wconf 83' lang='lat' dir='ltr'><strong>Corfinium</strong></span> 
     </span>
     <span class='ocr_line' id='line_1_38' title="bbox 212 3389 2179 3471; baseline 0.001 -27"><span class='ocrx_word' id='word_1_302' title='bbox 212 3389 475 3458; x_wconf 82' lang='lat' dir='ltr'><strong>praesidio</strong></span> <span class='ocrx_word' id='word_1_303' title='bbox 504 3391 772 3470; x_wconf 87' lang='lat' dir='ltr'><strong>tenebat,</strong></span> <span class='ocrx_word' id='word_1_304' title='bbox 808 3394 865 3451; x_wconf 91' lang='lat' dir='ltr'><strong>in</strong></span> <span class='ocrx_word' id='word_1_305' title='bbox 898 3391 1180 3453; x_wconf 87' lang='lat' dir='ltr'><strong>dicionem</strong></span> <span class='ocrx_word' id='word_1_306' title='bbox 1211 3392 1453 3453; x_wconf 88' lang='lat' dir='ltr'><strong>redacto</strong></span> <span class='ocrx_word' id='word_1_307' title='bbox 1485 3401 1657 3471; x_wconf 89' lang='lat' dir='ltr'><strong>atque</strong></span> <span class='ocrx_word' id='word_1_308' title='bbox 1689 3391 1943 3467; x_wconf 87' lang='lat' dir='ltr'><strong>dimiss0,</strong></span> <span class='ocrx_word' id='word_1_309' title='bbox 1976 3406 2179 3449; x_wconf 89' lang='lat' dir='ltr'><strong>secun·</strong></span> 
     </span>
     <span class='ocr_line' id='line_1_39' title="bbox 212 3464 2177 3554; baseline -0.001 -26"><span class='ocrx_word' id='word_1_310' title='bbox 212 3464 322 3528; x_wconf 78' lang='lat' dir='ltr'><strong>dum</strong></span> <span class='ocrx_word' id='word_1_311' title='bbox 351 3474 627 3550; x_wconf 89' lang='lat' dir='ltr'><strong>Superum</strong></span> <span class='ocrx_word' id='word_1_312' title='bbox 664 3494 822 3536; x_wconf 88' lang='lat' dir='ltr'><strong>mare</strong></span> <span class='ocrx_word' id='word_1_313' title='bbox 857 3475 1215 3537; x_wconf 86' lang='lat' dir='ltr'><strong>Brundisium</strong></span> <span class='ocrx_word' id='word_1_314' title='bbox 1246 3475 1524 3552; x_wconf 90' lang='lat' dir='ltr'><strong>tetendit,</strong></span> <span class='ocrx_word' id='word_1_315' title='bbox 1571 3494 1687 3554; x_wconf 88' lang='lat' dir='ltr'><strong>quo</strong></span> <span class='ocrx_word' id='word_1_316' title='bbox 1713 3474 1986 3536; x_wconf 88' lang='lat' dir='ltr'><strong>consules</strong></span> <span class='ocrx_word' id='word_1_317' title='bbox 2015 3472 2177 3530; x_wconf 88' lang='lat' dir='ltr'><strong>Pom·</strong></span> 
     </span>
    </p>
   </div>
  </div>
 </body>
</html>
