2553 3960
1121 269 1332 318 NERO.
2120 257 2238 320 189

241 440 592 505 quandoque
624 443 656 485 e
689 444 756 487 re
788 444 845 505 p.
876 444 947 486 ac
977 427 1308 505 provincias
1341 434 1399 486 et
1443 427 1734 486 exercitus
1764 426 1942 504 equiti
1967 426 2040 486 R.
2071 445 2141 486 ac
2170 426 2237 487 li-

241 508 427 570 bertis
463 510 895 588 permissurum.
960 508 1135 571 Certe
1178 528 1371 589 neque
1418 510 1734 570 adveniens
1773 529 1965 588 neque
2006 511 2237 588 prolici-

242 611 418 654 scens
448 610 791 672 quemquam
829 595 1041 661 ,osculo
1084 595 1389 672 impertiit,
1433 612 1505 654 ac
1545 613 1620 653 ne
1660 595 2071 654 resalutatione
2114 595 2236 672 qui·

242 676 402 746 dem;
451 686 509 736 et
550 679 606 737 in
639 677 992 755 auspicando
1028 696 1210 758 opere
1243 677 1441 738 Isthmi
1479 696 1687 755 magna
1724 678 2048 755 frequentia
2081 678 2236 738 clare

196 759 452 834 „utsibi
474 761 899 840 acpopulolt.
926 759 1199 823 hencres
1220 768 1488 822 verteret
1507 763 1748 842 optavit,
1770 761 2119 821 dissimulata
2147 781 2236 822 se-

242 853 411 905 natus
448 846 758 905 mentione.

371 928 489 989 Sed
535 946 647 989 nec
679 929 901 1008 populo
940 937 1035 988 aut
1064 929 1367 1023 moenibus
1397 930 1620 1008 patriae
1649 924 1936 1009 pepercit.
1991 928 2323 993 Dicente38

246 1012 541 1091 quodam
524 1032 580 1073 1n
611 1031 881 1074 sermone
916 1011 1223 1074 communi:

536 1089 724 1176 Ἐμοῦ
760 1090 1055 1170 θανόντος
1080 1102 1223 1176 γαῖα
1247 1091 1522 1176 μιχθήτω
1550 1097 1732 1176 πυρί]

175 1205 226 1247 ιο
244 1178 467 1260 Immo,
501 1182 709 1260 inquit,
742 1176 907 1262 ἐμοῦ
935 1177 1210 1256 ζῶντοςὶ
1253 1183 1544 1262 planeque
1572 1183 1650 1241 ita
1681 1181 1840 1242 fecit.
1897 1180 2044 1242 Nam
2076 1182 2240 1260 quasi

245 1265 501 1327 offensus
533 1266 896 1329 deformitate
927 1275 1185 1326 veterum
1217 1267 1609 1327 aedificiorum
1653 1275 1709 1325 et
1749 1268 2030 1344 angustiis
2060 1266 2238 1326 flexu·

241 1350 441 1430 risque
473 1351 755 1430 vicorum,
788 1353 1041 1414 incendit
1072 1350 1273 1414 urbem
1310 1360 1425 1415 tam
1459 1351 1678 1434 palam,
1711 1360 1769 1410 ut
1803 1350 2066 1429 plerique
2104 1367 2237 1409 con-

245 1435 473 1495 sulares
511 1435 898 1498 cubicularios
945 1438 1103 1515 eius,
1151 1457 1278 1497 cum
1318 1447 1528 1518 stuppa
1569 1434 1857 1515 taedaque
1897 1434 1956 1495 in
1987 1433 2238 1514 praediis

245 1521 365 1579 suis
396 1518 832 1599 deprehensoS,
878 1539 996 1582 non
1040 1523 1368 1599 attigerint3
1416 1531 1474 1580 et
1520 1520 1802 1599 quaedam
1842 1519 2053 1579 horrea
2084 1521 2237 1579 cIrca

172 1625 224 1667 ιιι
245 1604 475 1665 domum
513 1602 800 1681 Auream,
866 1622 1108 1682 quorum
1154 1606 1398 1683 spatium
1449 1605 1695 1664 maxime
1740 1601 2137 1679 desiderabat,
2180 1610 2240 1660 ut

242 1688 472 1747 bellicis
503 1687 781 1747 machinis
807 1687 1096 1748 labefacta
1128 1696 1303 1765 atque
1331 1686 1673 1747 inflammata
1703 1688 1835 1764 sint,
1870 1685 2024 1764 quod
2057 1702 2237 1744 saxeo

240 1787 406 1831 muro
453 1778 781 1831 constructa
820 1778 1001 1830 erant.
1062 1770 1210 1839 Per
1216 1789 1325 1830 sex
1367 1771 1491 1831 dies
1530 1780 1876 1848 septemque
1921 1779 2127 1828 noctes
2171 1786 2237 1828 ea

244 1847 436 1916 clade
446 1853 726 1913 saevitum
758 1862 875 1931 est,
909 1853 980 1914 ad
1012 1864 1506 1916 monumentorum
1533 1854 1948 1932 bustorumque
1978 1853 2238 1913 diverso-

240 1940 327 2001 ria
358 1938 533 2019 plebe
562 1937 877 2018 compulsa.
942 1938 1103 2000 Tunc
1132 1949 1368 2019 praeter
1396 1940 1729 1999 immensum
1761 1956 2054 1998 numerum
2088 1938 2239 1996 insu·

168 2024 423 2085 aularum
452 2022 653 2083 domus
680 2025 1001 2103 priscorum
1034 2024 1240 2085 ducum
1273 2031 1542 2085 arserunt
1562 2022 1870 2084 hostilibus
1895 2021 2080 2082 adhuc
2104 2038 2237 2101 spo-

239 2108 331 2169 liis
362 2107 701 2186 adornatae,
746 2108 1099 2189 deorumque
1144 2108 1322 2170 aedes
1363 2108 1435 2169 ab
1466 2108 1708 2185 regibus
1739 2126 1810 2168 ac
1836 2105 2043 2166 deinde
2073 2106 2237 2165 Puni-

242 2194 326 2253 cis
358 2200 416 2252 et
450 2190 688 2253 Gallicis
729 2191 902 2252 bellis
942 2202 1117 2253 votae
1156 2192 1608 2270 dedicataeque‚
1655 2200 1713 2253 et
1743 2190 2014 2271 quidquid
2049 2192 2237 2249 visen-

129 2337 134 2338 .
240 2276 371 2336 dum
399 2284 569 2355 atque
600 2276 975 2338 memorabile
1005 2295 1081 2337 ex
1114 2277 1448 2355 antiquitate
1494 2275 1818 2336 duraverat.
1873 2274 2002 2335 Hoc
2044 2276 2238 2333 incen-

241 2360 391 2420 dium
424 2377 458 2417 e
500 2367 657 2418 turre
687 2360 1119 2421 Maecenatiana
1155 2369 1544 2440 prospectans
1588 2360 1889 2440 laetusque
1928 2356 2236 2437 flammae,

166 2462 224 2503 π
243 2452 304 2503 ut
336 2440 556 2518 aiebat,
593 2443 1052 2520 pulchritudine
1078 2443 1319 2505 Halosin
1347 2444 1438 2504 Ilii
1473 2445 1530 2502 in
1559 2444 1662 2504 illo
1697 2461 1801 2503 suo
1833 2445 2105 2504 scaenico
2139 2441 2235 2502 ha-

238 2526 361 2588 bitu
407 2525 751 2587 decantavit.
842 2526 934 2587 Ac
979 2546 1053 2587 ne
1095 2546 1210 2588 non
1257 2527 1392 2587 hinc
1442 2544 1675 2607 quoque
1718 2536 1987 2606 quantum
2033 2535 2238 2606 posset

240 2610 496 2691 praedae
537 2618 594 2669 et
634 2609 1021 2670 manubiarum
1061 2610 1391 2689 invaderet,
1447 2611 1742 2691 pollicitus
1795 2610 2138 2671 cadaverum
2182 2620 2238 2667 et

239 2695 510 2756 ruderum
553 2696 857 2771 gratuitam
903 2696 1301 2773 egestionem,
1353 2697 1562 2755 nemini
1611 2695 1684 2756 ad
1727 2696 2006 2776 reliquias
2046 2712 2236 2754 rerum

245 2795 471 2839 suarum
507 2776 667 2837 adire
697 2780 985 2857 permisit;
1031 2778 1568 2858 conlationibusque
1611 2797 1726 2840 non
1766 2780 2025 2860 receptis
2063 2777 2235 2838 modo

168 2879 442 2925 severum
473 2869 531 2921 et
559 2861 891 2941 efflagitatis
934 2864 1265 2941 provincias
1300 2865 1768 2943 privatorumque
1807 2883 2013 2925 census
2048 2880 2233 2942 prope

241 2945 526 3009 exhausit.
592 2945 993 3007 Accesserant
1031 2948 1204 3007 tantis
1246 2967 1322 3007 ex
1368 2950 1631 3029 principe
1674 2949 1839 3010 malis
1887 2946 2234 3047 probrisque
2253 2954 2322 3011 39

242 3028 522 3111 quaedam
552 3038 609 3089 et
638 3030 904 3091 fortuita:
944 3031 1276 3109 pestilentia
1316 3034 1480 3092 unius
1524 3034 1805 3111 autumni,
1850 3049 1964 3111 quo
2006 3032 2238 3109 triginta

239 3115 503 3176 funerum
532 3115 733 3175 milia·
717 3134 772 3174 ιιι
801 3117 1080 3175 rationem
1108 3115 1390 3176 Libitinae
1434 3127 1745 3186 venerunt;
1791 3116 1988 3177 clades
2017 3114 2236 3177 Britan-

243 3200 402 3276 nica,
450 3217 562 3278 qua
603 3197 715 3259 duo
760 3201 1075 3280 praecipua
1108 3199 1325 3280 oppida
1354 3218 1563 3278 magna
1595 3202 1804 3261 civium
1832 3201 2236 3279 sociorumque

170 3281 427 3344 sscaede
478 3283 703 3362 direpta
747 3292 903 3355 sunt;
960 3286 1269 3363 ignominIa
1312 3285 1382 3345 ad
1423 3284 1746 3363 Orientem,
1798 3284 2128 3363 legionibus
2180 3285 2236 3342 in

244 3366 517 3427 Armenia
562 3366 667 3426 sub
711 3370 906 3445 iugum
945 3370 1137 3428 missis
1178 3387 1481 3447 aegreque
1520 3369 1687 3443 Syria
1727 3377 1973 3429 retenta.
2031 3368 2237 3430 Mirum

245 3459 304 3511 et
336 3450 429 3510 vel
461 3453 777 3530 praecipue
807 3451 1064 3514 notabile
1095 3454 1243 3512 inter
1269 3452 1416 3512 haec
1445 3452 1653 3530 fuerit,
1686 3452 1827 3513 nihil
1859 3471 1985 3512 eum
2014 3451 2233 3530 patien-

243 3542 357 3595 nus
388 3551 555 3615 quam
585 3535 890 3597 maledicta
934 3546 991 3598 et
1038 3537 1287 3597 convitia
1333 3536 1621 3597 hominum
1666 3538 1898 3616 tulisse,
1943 3551 2131 3615 neque
2174 3532 2232 3591 in
