2553 3960
915 236 1126 297 'nurus
1172 248 1553 299 AUGUSTUS.
2147 240 2246 304 85

228 404 496 465 discincti
530 403 892 484 pedibusque
923 402 1110 480 nudis,
1142 422 1211 463 ac
1232 404 1537 467 Mausoleo
1572 404 1969 466 condiderunt.
2007 405 2072 466 Id
2097 424 2247 486 opus

226 490 378 549 inter
406 489 746 549 Flaminiam
783 489 933 548 viam
977 489 1283 568 ripamque
1314 488 1543 551 Tiberis
1586 499 1755 550 sexto
1801 506 1909 550 suo
1947 490 2247 552 consulatu

230 582 567 634 extruxerat
611 574 1130 651 circumiectasque
1170 573 1352 634 silvas
1398 582 1456 634 et
1499 572 1920 635 ambulationes
1971 576 2028 634 in
2083 594 2245 635 usum

225 658 430 739 populi
460 660 571 717 iam
606 666 723 717 tum
753 656 1093 736 publicarat.

181 756 207 796 5
355 741 807 819 Testamentum,
837 741 899 801 L.
925 739 1141 801 Planco
1169 738 1234 800 G.
1260 740 1405 801 Silio
1438 758 1602 803 cons.
1630 741 1731 803 111.
1762 741 1914 802 Non.
1939 742 2201 822 Apriles,
2230 756 2326 811 101

228 835 361 888 ante
409 844 613 886 annum
656 835 715 886 et
753 834 1022 905 quattuor
1062 842 1297 885 menses
1331 843 1499 904 quam
1531 826 1882 904 decederet,
1926 827 2140 888 factum
2170 827 2243 887 ab
2277 848 2283 852 ·

229 928 303 972 eo
337 928 407 971 ac
437 910 659 971 duobus
693 909 1024 986 codicibus,
1069 909 1281 989 partim
1309 911 1493 988 ipsius
1522 913 1731 990 partim
1760 910 2100 971 libertorum
2132 911 2242 973 Po-

223 995 346 1071 lybi
384 1005 440 1055 et
470 995 785 1055 Hilarionis
819 1012 1017 1070 manu,
1060 995 1339 1073 scriptum
1369 993 1814 1074 depositumque
1844 994 1998 1074 apud
2030 1014 2096 1056 se
2130 997 2243 1055 vir-

224 1082 397 1159 gines
424 1079 700 1141 Vestales
747 1097 875 1139 cum
918 1077 1103 1138 tribus
1138 1078 1383 1156 signatis
1413 1096 1603 1159 aeque
1629 1079 2017 1140 voluminibus
2043 1087 2242 1159 protu-

157 1177 206 1219 10
224 1163 434 1225 lerunt.
505 1164 668 1239 Quae
718 1164 905 1223 omnia
955 1163 1013 1221 in
1069 1171 1271 1223 senatu
1325 1173 1530 1243 aperta
1582 1173 1757 1244 atque
1807 1164 2051 1225 recitata
2092 1174 2243 1225 sunt.

222 1247 490 1309 Heredes
532 1248 772 1307 instituit
813 1249 1063 1327 primos:
1110 1245 1403 1308 Tiberium
1444 1266 1520 1308 ex
1561 1258 1728 1327 parte
1760 1246 1989 1319 dimidia
2022 1257 2081 1308 et
2111 1268 2243 1309 sex·

223 1340 412 1411 tante,
467 1332 684 1392 Liviam
743 1350 818 1391 ex
862 1339 1029 1410 parte
1077 1332 1282 1407 tertia,
1336 1349 1486 1411 quos
1528 1342 1586 1393 et
1624 1334 1784 1393 ferre
1826 1350 2037 1394 nomen
2083 1351 2246 1394 suum

223 1418 422 1494 iussit,
458 1415 779 1477 secundos:
811 1415 1059 1475 Drusum
1083 1414 1282 1477 Tiberi
1306 1416 1482 1476 filium
1512 1435 1587 1477 ex
1618 1418 1849 1494 triente,
1884 1435 1959 1477 ex
1983 1417 2245 1496 partibus

223 1502 467 1581 reliquis
501 1500 899 1562 Germanicum
934 1499 1272 1578 liberosque
1310 1501 1436 1560 eius
1469 1508 1593 1561 tres
1621 1519 1797 1561 sexus
1826 1501 2034 1578 viriliS,
2068 1502 2243 1561 tertio

151 1597 203 1637 ¹5
222 1585 442 1665 gradu:
477 1586 844 1664 propinquos
875 1585 1215 1663 amicosque
1247 1584 1583 1663 compluris.
1641 1584 1886 1662 Legavit
1918 1585 2140 1664 populo
2169 1586 2242 1645 R.

222 1669 731 1750 quadringenties,
775 1668 1040 1729 tribubus
1080 1670 1284 1728 tricies
1334 1670 1637 1748 quinquies
1671 1669 2027 1745 sestertium,
2072 1686 2242 1749 prae·

216 1754 465 1815 torianis
494 1753 767 1814 militibus
803 1753 1029 1831 singula
1051 1752 1209 1814 milia
1231 1769 1604 1833 nummorum,
1641 1752 1979 1814 cohortibus
2006 1753 2243 1814 urbanis

220 1841 582 1918 quingenos,
628 1838 947 1915 legionaris
993 1846 1269 1899 trecenos
1298 1854 1589 1900 nummos:
1636 1856 1804 1917 quam
1849 1854 2121 1898 summam
2151 1855 2241 1897 re-

218 1925 588 2004 praesentari
631 1923 827 2002 iussit,
869 1941 1000 1984 nam
1041 1932 1098 1984 et
1135 1924 1510 1985 confiscatam
1541 1941 1776 2004 semper
1806 1923 2243 2003 repositamque

146 2008 525 2069 zohabuerat.
588 2007 837 2088 Reliqua
877 2008 1074 2087 legata
1115 2009 1280 2069 varie
1328 2006 1484 2068 dedit
1524 2009 1915 2089 produxitque
1960 2007 2244 2087 quaedam

218 2092 294 2153 ad
322 2093 509 2153 vicies
541 2094 894 2170 sestertium,
928 2091 1138 2172 quibus
1170 2092 1473 2153 solvendis
1503 2111 1747 2155 annuum
1773 2093 1925 2154 diem
1945 2093 2108 2171 finiit,
2140 2110 2241 2152 ex-

219 2185 426 2238 cusata
470 2179 556 2237 rei
596 2176 896 2238 familiaris
934 2176 1369 2255 mediocritate,
1419 2196 1533 2239 nec
1561 2178 1693 2258 plus
1727 2185 2139 2258 perventurum
2170 2176 2243 2237 ad

216 2260 477 2322 heredes
516 2279 654 2322 suos
681 2280 850 2341 quam
881 2261 1074 2322 milies
1108 2270 1167 2320 et
1204 2262 1572 2341 quingenties
1605 2263 1911 2342 professus
1930 2307 1948 2340 ‚
1979 2263 2242 2342 quamvis

217 2346 432 2424 viginti
459 2346 740 2425 proximis
770 2347 936 2406 annis
967 2345 1374 2424 quaterdecies
1398 2347 1587 2407 milies
1617 2366 1693 2407 ex
1719 2347 2075 2407 testamentis
2107 2346 2241 2406 ami·

148 2453 199 2493 25
222 2447 429 2490 corum
472 2431 877 2509 percepisset,
923 2429 1077 2509 quod
1121 2448 1311 2508 paene
1354 2448 1523 2491 omne
1563 2449 1690 2492 cum
1726 2430 1950 2492 duobus
1983 2430 2242 2510 paternis

218 2515 586 2593 patrimoniis
635 2515 966 2593 ceterisque
1011 2513 1430 2575 hereditatibus
1471 2517 1529 2575 in
1572 2534 1695 2575 rem
1731 2533 1790 2594 p.
1840 2514 2239 2575 absumsisset.

219 2598 399 2660 Iulias
427 2598 598 2659 filiam
623 2607 977 2677 neptemque
995 2645 1013 2675 ,
1045 2600 1094 2658 si
1120 2598 1257 2677 quid
1286 2600 1358 2658 iis
1386 2597 1720 2676 accidisset,
1753 2601 1936 2658 vetuit
1963 2598 2242 2677 sepulcro

224 2699 330 2741 suo
364 2682 586 2742 inferri.
647 2681 857 2742 Tribus
888 2682 1304 2761 voluminibus,
1351 2700 1469 2743 uno
1499 2682 1767 2743 mandata
1796 2681 1868 2742 de
1900 2683 2105 2741 funere
2134 2697 2241 2741 suo

225 2765 572 2846 complexus
611 2775 733 2843 est,
778 2766 965 2827 altero
1005 2766 1254 2827 indicem
1294 2785 1487 2828 rerum
1528 2785 1561 2828 a
1593 2785 1659 2828 se
1695 2774 2019 2844 gestarum,
2071 2783 2243 2845 quem

152 2851 408 2911 sovellet
450 2849 623 2910 incidi
667 2851 725 2909 in
766 2851 964 2911 aeneis
1004 2851 1248 2928 tabulis,
1295 2870 1444 2931 quae
1476 2860 1607 2912 ante
1637 2850 1997 2913 Mausoleum
2029 2859 2239 2910 statue-

221 2944 445 3012 rentur,
480 2935 654 2994 tertio
686 2933 1037 2995 breviarium
1066 2937 1242 2996 totius
1272 2937 1533 3015 imperii,
1568 2946 1839 3016 quantum
1870 2936 2109 2996 militum
2132 2933 2239 2996 sub

223 3019 407 3096 signis
442 3018 658 3097 ubique
690 3027 882 3095 esset,
927 3028 1195 3099 quantum
1224 3023 1512 3099 pecuniae
1543 3023 1601 3081 in
1637 3022 1866 3082 aerario
1903 3029 1962 3081 et
1992 3021 2153 3081 fiscis
2183 3027 2241 3080 et

221 3103 669 3181 vectigaliorum
712 3102 983 3163 residuis.
1053 3102 1290 3164 Adiecit
1332 3112 1390 3165 et
1437 3105 1778 3168 libertorum
1821 3122 2241 3186 servorumque

220 3189 491 3265 nomina,
523 3205 557 3248 a
588 3185 797 3267 quibus
825 3189 975 3279 ratip
1008 3188 1167 3265 exigi
1200 3196 1426 3267 posset.
