2553 3960
1164 215 1371 265 NERO.
2157 203 2281 267 183

401 370 575 431 Suam
607 369 835 450 quidem
868 369 1194 450 pudicitiam
1225 390 1406 450 usque
1442 373 1590 433 adeo
1621 374 1934 452 prostituit,
1979 382 2036 433 ut
2081 381 2276 432 conta·
2294 381 2366 437 29

275 456 500 516 minatis
532 472 722 535 paene
756 455 1017 515 omnibus
1048 455 1321 514 membris
1353 457 1665 517 novissime
1700 457 1863 536 quasi
1895 473 2081 532 genus
2115 456 2277 516 lusus

277 541 666 617 excogitaret,
700 556 815 619 quo
858 539 1020 599 ferae
1067 538 1224 617 pelle
1268 549 1570 600 contectus
1618 541 1976 600 emitteretur
2017 558 2051 599 e
2096 557 2277 599 cavea

235 626 644 703 ·virorumque
689 642 759 683 ac
803 623 1140 683 feminarum
1184 623 1255 685 ad
1307 624 1557 703 stipitem
1611 624 1996 701 deligatorum
2046 624 2277 699 inguina

234 706 597 784 sinvaderet,
630 716 687 767 et
732 726 858 768 cum
895 708 1107 768 affatim
1151 705 1539 786 desaevisset,
1582 710 1968 769 conficeretur
2007 725 2041 767 a
2087 706 2275 781 Dory·

277 792 467 871 phoro
496 790 739 862 liberto;
776 793 867 851 cui
898 793 1088 868 etiam,
1123 792 1273 851 sicut
1306 794 1419 871 ipsi
1451 793 1698 871 Sporus,
1731 795 1806 852 ita
1830 794 1959 870 ipse
1985 791 2274 869 denupsit,

275 893 461 936 voces
492 893 725 955 quoque
757 884 816 935 et
843 875 1128 936 heiulatus
1156 877 1270 935 vim
1309 877 1641 955 patientium
1684 876 1969 953 virginum
2009 875 2273 934 imitatus.

274 959 369 1019 Ex
394 960 685 1019 nonnullis
704 961 966 1038 comperi
990 961 1489 1038 persuasissimum
1513 960 1786 1021 habuisse
1810 977 1961 1036 eum,
1982 959 2278 1020 neminem

274 1043 572 1105 hominem
597 1043 892 1122 pudicum
918 1049 1031 1104 aut
1052 1044 1185 1104 ulla
1212 1045 1500 1123 corporis
1518 1051 1707 1123 parte
1726 1062 1954 1122 purum
1988 1060 2142 1119 esse,
2171 1059 2272 1102 ve·

207 1151 258 1194 ιο
274 1147 412 1188 rum
465 1128 798 1207 plerosque
847 1127 1245 1189 dissimulare
1291 1128 1506 1190 vitium
1559 1135 1619 1189 et
1670 1128 1898 1190 callide
1947 1133 2276 1206 opteyere5

273 1212 523 1292 ideoque
557 1212 846 1291 professis
876 1212 1028 1292 apud
1062 1231 1128 1274 se
1162 1214 1582 1274 obscenitatem
1625 1222 1822 1274 cetera
1864 1229 2094 1291 quoque
2140 1228 2275 1271 con-

277 1297 531 1358 cessisse
562 1296 793 1357 delicta.

398 1380 734 1440 Divitiarum
767 1390 825 1441 et
852 1383 1138 1460 pecuniae
1168 1381 1413 1442 fructum
1450 1398 1565 1441 non
1609 1381 1777 1441 alium
1826 1379 2061 1460 putabat
2102 1396 2269 1458 quam
2291 1384 2363 1440 30

278 1463 694 1542 profusionem,
726 1465 1024 1526 sordidos
1056 1482 1135 1526 ac
1162 1464 1474 1543 deparcos
1517 1482 1654 1525 esse
1697 1462 1922 1544 quibus
1964 1463 2272 1540 impensa·

205 1571 256 1612 15
273 1566 410 1608 rum
447 1547 615 1608 ratio
663 1554 995 1624 constaret,
1032 1549 1410 1626 praelautos
1460 1564 1723 1626 vereque
1771 1545 2135 1626 maqnificos
2174 1545 2280 1624 qui

275 1631 678 1692 abuterentur
708 1648 787 1692 ac
813 1631 1161 1708 perderent.
1251 1630 1543 1691 Laudabat
1572 1630 1994 1710 mirabaturque
2025 1646 2274 1688 avuncu-

273 1715 389 1775 lum
424 1714 620 1776 Gaium
652 1713 810 1773 nullo
841 1716 1024 1791 magis
1060 1717 1314 1792 nomine,
1344 1733 1514 1795 quam
1554 1714 1707 1793 quod
1751 1715 2002 1791 ingentis
2038 1731 2070 1772 a
2105 1711 2274 1773 Tibe-

272 1799 364 1858 rio
410 1797 649 1858 relictas
693 1815 841 1876 opes
883 1799 940 1857 in
978 1797 1144 1858 brevi
1192 1800 1381 1877 spatio
1431 1798 1823 1878 prodegisset.
1914 1798 2107 1873 Quare
2163 1812 2276 1878 nec

274 1881 562 1959 largiendi
593 1900 703 1941 nec
734 1881 1066 1942 absumendi
1098 1883 1327 1943 modum
1361 1884 1559 1943 tenuit.
1645 1881 1710 1941 In
1744 1881 2084 1958 Tiridatem,
2121 1878 2276 1960 quod

203 1987 256 2028 20
277 1968 374 2027 vix
409 1966 689 2027 credibile
728 1966 1007 2044 videatur,
1038 1969 1351 2045 octingena
1383 1985 1665 2027 nummum
1682 1966 1860 2030 ,milia
1905 1966 2102 2026 diurna
2146 1979 2273 2023 ero-

273 2053 435 2129 gavit
467 2051 817 2129 abeuntique
847 2069 1025 2130 super
1054 2053 1381 2112 sestertium
1411 2052 1600 2111 milies
1633 2049 1890 2112 contulit.
1977 2049 2275 2110 Menecra-

273 2145 371 2195 ten
404 2136 794 2198 citharoedum
824 2144 883 2195 et
914 2135 1210 2214 Spiculum
1232 2135 1654 2211 myrmillonem
1678 2133 2097 2213 triumphalium
2123 2133 2274 2192 viro·

173 2262 206 2279 ,
271 2239 396 2281 rum
426 2221 780 2299 patrimoniis
825 2219 1179 2300 aedibusque
1223 2220 1476 2280 donavit.
1567 2218 2054 2298 cercopithecum
2093 2215 2274 2277 Pane-

273 2313 460 2365 rotem
490 2304 901 2382 feneratorem,
937 2314 995 2365 et
1025 2304 1256 2365 urbanis
1288 2306 1635 2383 rusticisque
1666 2303 1919 2383 praediis
1950 2300 2273 2379 locupleta·

206 2412 258 2453 25
278 2397 414 2465 tum,
447 2406 635 2467 prope
668 2392 835 2465 regio
870 2389 1074 2449 extulit
1104 2388 1328 2449 funere.
1413 2387 1644 2449 Nullam
1674 2397 1898 2448 vestem
1941 2386 2030 2446 bis
2072 2384 2272 2444 induit.

280 2470 707 2549 Quadringenis
736 2474 792 2531 in
824 2482 1096 2552 punctum
1129 2474 1416 2532 sestertiis
1449 2472 1636 2533 aleam
1665 2473 1819 2533 lusit.
1891 2469 2152 2531 Piscatus
2186 2476 2276 2527 est

275 2565 402 2616 rete
440 2566 637 2616 aurato
670 2566 728 2617 et
760 2575 1014 2637 purpura
1059 2574 1363 2634 coccoque
1408 2556 1638 2616 funibus
1683 2558 1868 2616 nexiS.
1954 2553 2273 2630 Numquam

275 2640 460 2698 minus
486 2639 646 2700 mille
682 2642 936 2702 carrucis
967 2641 1182 2701 fecisse
1213 2641 1325 2699 iter
1352 2640 1622 2715 traditur,
1665 2641 1845 2700 soleis
1880 2638 2155 2697 mularum
2186 2654 2272 2693 ar—

277 2724 527 2800 genteis,
577 2726 923 2785 canusinatis
963 2724 1329 2801 mulionibuS,
1366 2723 1645 2785 armillata
1684 2724 2044 2802 falerataque
2087 2719 2274 2780 Maza-

204 2827 257 2870 so
280 2825 408 2866 cum
435 2807 599 2867 turba
633 2818 805 2887 atque
837 2827 1152 2870 cursorum.

403 2889 535 2951 Non
563 2893 619 2951 in
650 2891 762 2953 alia
793 2912 857 2954 re
886 2904 1073 2954 tamen
1104 2894 1432 2954 damnosior
1461 2912 1628 2974 quam
1660 2893 1717 2951 in
1750 2888 2132 2964 aedificando,
2166 2886 2265 2946 do·
2289 2886 2360 2950 31

276 2994 427 3035 mum
460 2993 491 3036 a
521 2974 740 3038 Palatio
769 2976 1061 3056 Esquilias
1090 2997 1273 3056 usque
1306 2977 1468 3054 fecit,
1502 2996 1668 3056 quam
1702 2977 1885 3054 primo
1924 2973 2271 3034 transito-

275 3064 484 3136 riam,
517 3079 653 3121 mox
679 3062 945 3122 incendio
979 3061 1334 3141 absumptam
1364 3064 1802 3139 restitutamque
1842 3074 2132 3118 auream
2174 3072 2273 3113 no-

275 3146 526 3205 minavit.
598 3144 687 3204 De
721 3148 881 3206 cuius
906 3147 1095 3225 spatio
1121 3155 1290 3225 atque
1317 3146 1468 3206 cultu
1495 3145 1791 3206 suffecerit
1814 3144 1961 3203 haec
1985 3140 2275 3200 retulisse.

208 3228 639 3290 &Vestibulum
671 3232 795 3290 eius
829 3232 948 3308 fuit,
985 3231 1041 3289 in
1072 3248 1187 3310 quo
1221 3230 1489 3291 colossus
1523 3228 1683 3290 CXX
1713 3227 1922 3307 pedum
1963 3233 2144 3284 staret
2189 3224 2275 3300 ip-

278 3314 397 3374 sius
445 3314 673 3391 effigie;
716 3323 867 3376 tanta
899 3314 1128 3391 laxitaS,
1161 3323 1221 3373 ut
1252 3316 1513 3394 porticus
1559 3313 1822 3392 triplices
1866 3309 2136 3369 miliarias
2176 3306 2274 3364 ha-

277 3395 472 3468 hcret;
504 3398 640 3457 item
677 3408 937 3477 stagnum
961 3399 1134 3458 maris
1163 3399 1361 3475 instar,
1395 3400 1873 3476 circumsaeptum
1902 3390 2180 3453 aediliciis
2204 3387 2277 3483 ad

278 3480 499 3541 urbium
530 3485 812 3562 speciem;
845 3500 980 3543 rura
1010 3482 1283 3563 insuper,
1317 3483 1473 3543 arvis
1515 3492 1686 3561 atque
1728 3480 1936 3542 vinetis
1991 3483 2048 3533 et
2080 3486 2277 3566 pascls
