2553 3960
1124 256 1332 305 mtno.
2110 249 2232 311 191

225 412 389 488 nior,
433 410 726 472 Britannia
759 411 1153 490 Armeniaque
1184 411 1394 472 amissa
1426 430 1495 473 ac
1538 431 1738 473 rursus
1782 424 2024 494 utraque
2063 433 2234 476 rece·

228 505 349 576 pta,
382 494 712 554 defunctum
743 513 809 554 se
839 496 1111 556 fatalibus
1142 495 1307 556 malis
1339 497 1722 559 existimabat.
1786 498 1866 560 Ut
1894 516 2063 576 vero,
2095 516 2233 559 con-

232 580 384 640 sulto
414 578 664 657 Delphis
704 579 1016 658 Apolline,
1072 583 1603 659 septuagensimum
1647 599 1717 642 ac
1754 582 1983 642 tertium
2026 601 2233 643 annum

232 662 549 725 cavendum
593 662 702 722 sibi
744 663 987 741 audivit,
1029 666 1192 742 quasi
1238 681 1311 724 eo
1355 664 1578 724 demum
1632 665 1918 744 obiturus,
1973 684 2045 727 ac
2092 667 2231 727 nihil

176 769 205 809 a
235 748 571 809 coniectans
611 747 683 807 de
731 756 918 808 aetate
950 747 1216 825 Galbae,
1253 756 1406 808 tanta
1450 748 1658 809 fiducia
1698 768 1815 811 non
1848 750 2021 810 modo
2065 768 2229 810 sene·

234 843 381 895 ctam
422 831 526 890 sed
572 833 742 891 etiam
784 841 1124 911 perpetuam
1164 832 1631 912 singularemque
1678 837 1948 914 concepit
1986 833 2233 894 felicita-

230 927 383 995 tem,
425 925 486 976 nt
522 917 746 975 amissis
788 916 1091 993 naufragio
1123 918 1556 996 pretiosissimis
1584 917 1762 978 rebus
1789 936 1906 979 non
1937 916 2232 978 dubitave-

229 1004 305 1073 rit
333 1005 482 1061 inter
513 1018 652 1060 suos
685 1000 916 1077 dicere,
944 1001 1154 1078 pisces
1185 1019 1298 1061 eas
1328 999 1453 1061 sibi
1478 1003 1813 1064 relaturos,

350 1084 602 1165 Neapoli
634 1085 706 1144 de
735 1094 893 1145 motu
921 1084 1228 1146 Galliarum
1256 1089 1536 1163 cognovit
1562 1087 1656 1147 die
1685 1089 1815 1166 ipso
1848 1104 1961 1167 quo
1994 1095 2232 1147 matrem

161 1193 213 1236 ιο
235 1171 564 1248 occiderat,
613 1170 877 1248 adeoque
923 1169 1078 1230 lente
1122 1189 1191 1230 ac
1235 1188 1445 1231 secure
1484 1171 1611 1232 tulit
1637 1180 1698 1232 nt
1727 1171 2031 1249 gaudentis
2063 1172 2235 1231 etiam

233 1257 614 1336 suspitionem
654 1253 993 1333 praeberet,
1048 1264 1331 1334 tamquam
1377 1259 1691 1317 occasione
1733 1265 1865 1316 nata
1905 1254 2232 1336 spolianda·

232 1360 358 1402 rum
396 1340 520 1399 iure
561 1337 701 1398 belli
743 1339 1307 1417 opulentissimarum
1336 1342 1791 1419 provinciarum
1838 1342 2140 1420 statimque
2177 1340 2235 1397 in

234 1425 592 1503 gymnasium
621 1440 1005 1500 progressus,
1046 1424 1321 1483 certantis
1364 1423 1611 1484 athletas
1656 1425 2001 1484 effusissimo
2045 1422 2233 1483 studio

235 1508 542 1589 spectavit.
606 1504 1116 1585 Caenae'quoque
1160 1515 1425 1585 tempore
1475 1507 1878 1586 interpellatus
1930 1505 2234 1566 tumultuo-

164 1618 217 1661 1⁵
237 1591 484 1654 sioribus
522 1591 766 1665 litteris,
817 1589 1096 1649 hactenus
1142 1588 1487 1666 excanduit,
1532 1599 1595 1648 ut
1637 1589 1843 1650 malum
1889 1591 1959 1648 iis
2005 1591 2099 1667 qui
2136 1588 2233 1647 de-

237 1679 486 1738 scissent
535 1677 866 1733 minaretur.
949 1672 1214 1750 Denique
1258 1690 1367 1751 per
1411 1682 1547 1733 octo
1596 1675 1899 1733 continuos
1942 1673 2068 1733 dies
2119 1689 2238 1732 non

235 1757 569 1822 rescribere
605 1759 897 1834 cuiquam,
941 1773 1057 1815 non
1088 1755 1357 1816 mandare
1390 1757 1524 1835 quid
1558 1765 1653 1816 aut
1687 1758 2030 1836 praecipere
2064 1773 2235 1816 cona-

236 1855 363 1919 tuS,
410 1859 532 1901 rem
571 1841 803 1900 silentio
849 1838 1220 1900 oblitteravit.
1280 1839 1501 1900 Edictis
1542 1840 1770 1900 tandem
1805 1841 2067 1901 Vindicis
2099 1854 2321 1910 con-41

234 1926 556 1990 tumeliosis
592 1933 650 1985 et
687 1922 1083 2004 frequentibus
1126 1929 1452 2004 permotuS,
1499 1932 1756 1985 senatum
1790 1925 2036 2004 epistula
2066 1926 2122 1984 in
2154 1923 2237 1983 ul-

161 2033 217 2074 20
235 2015 450 2075 tionem
483 2012 568 2070 sui
601 2011 801 2088 reique
836 2008 1107 2088 publicae
1140 2008 1474 2069 adhortatus
1500 2018 1607 2086 est,
1642 2018 1922 2069 excusato
1950 2008 2240 2087 languore

234 2097 518 2171 faucium,
559 2103 807 2173 propter
836 2111 1004 2172 quem
1028 2111 1141 2153 non
1180 2093 1430 2154 adesset.
1489 2093 1645 2153 Nihil
1690 2102 1877 2154 antem
1915 2111 2102 2171 aeque
2135 2090 2238 2152 do-

233 2182 371 2257 luit,
420 2197 587 2258 quam
637 2187 696 2238 ut
724 2177 932 2237 malum
974 2195 1038 2236 se
1074 2176 1468 2239 citharoedum
1504 2180 1846 2257 increpitum
1882 2197 1949 2238 ac
1981 2194 2089 2256 pro
2121 2175 2237 2236 Ne-

235 2283 378 2326 rone
421 2261 834 2332 Aenobarbum
876 2262 1247 2340 appellatum.
1334 2260 1411 2321 Et
1459 2280 1667 2322 nomen
1720 2262 1948 2341 quidem
1994 2260 2238 2339 gentile,

240 2348 396 2429 quod
442 2347 551 2406 sibi
592 2365 702 2426 per
732 2345 1136 2406 contumeliam
1182 2345 1672 2424 exprobraretur,
1720 2355 2140 2425 resumpturum
2171 2361 2239 2404 se

166 2451 220 2491 25
238 2432 541 2513 professus
577 2437 695 2508 est,
744 2429 1016 2508 deposito
1054 2428 1362 2509 adoptivo,
1409 2438 1608 2490 cetera
1651 2432 1932 2507 convitia,
1979 2438 2039 2488 ut
2067 2428 2239 2504 falsa,

238 2536 354 2579 non
387 2515 502 2576 alio
535 2523 875 2591 argumento
905 2512 1250 2591 refellebat,
1291 2532 1460 2591 quam
1492 2513 1646 2593 quod
1678 2517 1846 2575 etiam
1874 2515 2100 2574 inscitia
2128 2510 2241 2572 sibi

238 2610 396 2663 tanto
444 2616 626 2679 opere
673 2597 1008 2659 elaboratae
1051 2597 1470 2677 perfectaeque
1515 2616 1547 2657 a
1591 2616 1655 2657 se
1703 2599 1840 2659 artis
1887 2597 2239 2674 obiceretur,

240 2684 500 2762 singulos
547 2681 786 2742 subinde
817 2683 1079 2760 rogitans
1098 2727 1113 2758 ,
1157 2687 1488 2743 nossentne
1515 2700 1873 2762 quemquam
1898 2687 2235 2761 praestan-

241 2770 475 2831 tiorem.
562 2766 680 2826 Sed
724 2766 1059 2845 urgentibus
1098 2765 1225 2826 aliis
1268 2784 1446 2844 super
1498 2766 1646 2826 alios
1698 2768 1941 2842 nuntiiS,
1993 2766 2240 2826 Romam

170 2868 222 2911 ao
242 2849 648 2933 praetrepidus
678 2851 880 2920 rediit;
913 2850 1238 2929 leviterque
1269 2848 1442 2911 modo
1473 2851 1529 2909 in
1558 2850 1764 2911 itinere
1795 2850 2010 2911 frivolo
2048 2848 2238 2926 auspi-

244 2940 334 2997 cio
371 2945 562 2996 mente
606 2944 902 3011 recreata,
953 2952 1080 2994 cum
1113 2932 1445 2994 adnotasset
1484 2935 1830 3013 insculptum
1871 2940 2239 2994 monumento

238 3022 471 3083 militem
503 3018 732 3081 Gallum
774 3020 845 3080 ab
894 3019 1085 3097 equite
1127 3018 1200 3078 R.
1254 3036 1601 3097 oppressum
1642 3019 1787 3078 trahi
1831 3017 2117 3092 crinibuS,
2167 3014 2240 3075 ad

242 3126 366 3167 eam
399 3105 659 3184 speciem
689 3104 888 3164 exiluit
920 3102 1133 3180 gaudio
1168 3102 1506 3182 caelumque
1537 3102 1813 3181 adoravit.
1873 3100 1965 3161 Ac
1994 3120 2069 3161 ne
2103 3109 2240 3161 tunc

242 3191 467 3269 quidem
510 3198 608 3248 aut
649 3197 850 3248 senatu
882 3195 976 3247 aut
1012 3185 1234 3265 populo
1274 3204 1468 3246 coram
1511 3186 1841 3266 appellato,
1890 3184 2172 3266 quosdam
2203 3202 2238 3245 e

177 3273 586 3353 asprimoribus
628 3273 767 3333 viris
816 3271 1041 3331 domum
1084 3272 1389 3347 evocavit,
1430 3279 1833 3350 transactaque
1863 3271 2069 3350 raptim
2103 3286 2236 3329 con-

241 3359 581 3433 sultatione,
628 3356 908 3435 reliquam
941 3355 1055 3415 diei
1090 3362 1315 3434 partem
1343 3373 1451 3434 per
1484 3372 1703 3432 organa
1735 3353 2071 3429 hydraulica
2102 3350 2239 3410 novi

244 3451 300 3501 et
329 3445 514 3521 ignoti
542 3442 781 3519 generis
822 3438 1230 3515 circumduxit,
1275 3438 1706 3517 ostendensque
1739 3437 2001 3516 singula,
2044 3435 2116 3495 de
2147 3450 2237 3493 ra·

243 3526 398 3587 tione
430 3545 501 3589 ac
521 3525 866 3587 ‘difficultate
899 3526 1175 3605 cuiusque
1205 3524 1535 3601 disserens,
1561 3523 1685 3584 iam
1718 3517 1788 3585 s‘e
1812 3522 1994 3584 etiam
2013 3516 2233 3599 prola-
