2553 3960
504 210 628 256 xvl
1199 209 1614 258 PRAEFATIO.

518 384 625 439 que
657 374 893 424 aetatem
927 385 1104 440 usque
1145 370 1216 426 ad
1245 369 1467 442 imperii
1498 368 1658 426 initia
1695 383 1960 424 annorum
1994 368 2190 424 ordine
2225 386 2328 424 ex-

514 457 718 522 ponat,
763 457 874 506 tum
905 468 1043 508 vero
1085 469 1270 509 mores
1312 469 1416 525 per
1460 453 1779 508 universum
1825 451 2047 523 imperii
2090 453 2327 524 spatium

515 535 738 606 publice
769 534 1139 608 privatimque
1178 536 1436 608 proditos
1475 535 1800 605 singillatim
1828 551 2011 606 neque
2051 552 2152 608 per
2186 543 2330 592 tem-

514 634 653 690 pora
704 618 806 674 sed
847 635 950 689 per
983 619 1208 691 species
1238 619 1501 675 virtutum
1548 619 1639 674 vel
1681 618 1943 675 vitiorum
1987 626 2329 690 exsequatur

514 703 595 773 (p.
627 706 714 769 20,
746 709 832 762 13.
866 707 968 770 41,
1001 709 1097 767 183
1126 708 1227 773 65,
1262 701 1362 778 17)
1396 702 1636 773 denique
1667 718 1861 757 rursus
1891 708 2196 773 temporum
2229 719 2328 758 or-

514 784 700 840 dinem
729 801 969 855 sequens
999 785 1207 843 indicia
1239 802 1369 842 mox
1398 786 1618 841 futurae
1650 785 1843 842 mortis
1877 785 2169 856 ipsumque
2202 787 2330 842 obi-

514 874 625 924 tum
657 886 778 924 cum
811 870 1125 929 testamenti
1159 870 1484 940 quibusdam
1517 869 1796 941 capitibus
1827 876 2069 924 enarret.
2133 868 2329 941 Neque

515 958 693 1009 tamen
743 953 975 1007 eundem
1017 970 1239 1025 semper
1286 953 1539 1009 ordinem
1579 953 1636 1007 in
1686 952 2034 1023 explicandis
2078 954 2328 1009 moribus

515 1035 798 1104 servavit,
841 1036 942 1091 sed
988 1037 1082 1091 ubi
1124 1054 1216 1092 res
1250 1037 1536 1108 postulare
1568 1036 1690 1093 visa
1725 1043 1845 1105 est,
1880 1035 1975 1092 vel
2013 1052 2043 1091 a
2082 1036 2330 1108 publicis

514 1119 606 1174 vel
643 1135 674 1174 a
704 1118 938 1190 privatis
972 1120 1219 1176 moribus
1251 1120 1470 1176 initium
1504 1120 1738 1191 sumpsit
1769 1120 2114 1191 primumque
2144 1120 2331 1175 locum

514 1202 605 1257 vel
628 1202 935 1258 minoribns
958 1204 1049 1258 vel
1080 1203 1384 1260 maioribus
1414 1204 1584 1259 rebus
1614 1203 1787 1259 dedit.
1852 1201 1958 1258 Per
1980 1202 2160 1259 omnia
2181 1205 2331 1259 hanc

514 1285 622 1340 sibi
658 1286 841 1356 legem
869 1286 1172 1358 scripsisse
1199 1287 1453 1357 videtur,
1497 1303 1566 1341 ne
1596 1287 1708 1343 ulla
1749 1285 1808 1341 in
1841 1303 1906 1342 re
1938 1286 2204 1342 incertam
2234 1292 2331 1342 aut

514 1385 669 1425 suam
699 1375 792 1425 aut
822 1369 1057 1426 aliorum
1086 1370 1405 1442 opinionem
1449 1375 1783 1441 sequeretur
1809 1384 1991 1440 neque
2022 1369 2330 1442 interposi-

514 1453 587 1507 tis
622 1452 1089 1524 disputationibus
1117 1454 1388 1511 lectorum
1422 1454 1634 1510 animos
1657 1457 2044 1526 praepararet,
2077 1454 2178 1509 sed
2203 1452 2330 1510 ubi-

516 1552 622 1607 que
655 1537 908 1608 exempla
952 1537 1230 1595 luculenta
1260 1543 1606 1610 proponeret
1647 1554 1852 1609 resque
1894 1536 2063 1594 rebus
2095 1537 2329 1593 coniun-

514 1625 693 1690 geret.
782 1619 944 1676 Adde
984 1621 1176 1678 miram
1215 1621 1500 1678 scribendi
1541 1620 1873 1677 brevitatem
1917 1621 2326 1692 verborumque

510 1704 936 1775 parcimoniam,
969 1711 1025 1760 et
1053 1706 1341 1775 intelliges
1371 1710 1527 1760 recte
1564 1703 1678 1760 dici
1712 1704 1936 1772 solere,
1966 1705 2173 1759 nullum
2202 1705 2325 1760 fere

510 1787 843 1859 scriptorem
872 1795 979 1844 tam
1023 1790 1230 1860 exiguo
1265 1788 1415 1844 libro
1448 1794 1651 1844 tantam
1691 1803 1877 1842 rerum
1922 1787 2324 1842 multitudinem

510 1885 576 1925 ac
607 1874 690 1925 tot
712 1871 990 1940 exquisita
1016 1872 1222 1927 veteris
1246 1871 1518 1927 historiae
1552 1877 1608 1926 et
1628 1872 1779 1927 vitae
1813 1871 2140 1927 documenta
2173 1886 2326 1926 com-

508 1954 894 2025 prehendisse.

632 2038 865 2095 Dicendi
895 2056 1105 2110 genere
1135 2056 1268 2095 usus
1307 2046 1392 2096 est
1426 2038 1667 2111 simplici
1688 2055 1754 2096 ac
1775 2056 1940 2111 puro,
1972 2040 2178 2095 nullam
2202 2039 2323 2093 fere

515 2120 830 2192 elegantiae
863 2123 1082 2179 laudem
1125 2122 1420 2179 affectante
1465 2123 1572 2178 nisi
1607 2122 1845 2193 singulis
1877 2123 1933 2178 in
1967 2124 2156 2180 verbis
2189 2138 2323 2193 pro-

515 2204 830 2277 prietatem,
866 2205 921 2261 in
950 2206 1152 2262 iunctis
1182 2206 1660 2278 perspicuitatem.
1751 2206 2038 2263 Praesenti
2072 2213 2323 2277 tempore

515 2290 585 2344 de
614 2290 939 2360 praeteritis
969 2290 1136 2346 rebus
1171 2289 1458 2346 rarissime
1493 2306 1625 2345 usus
1655 2295 1771 2359 est,
1802 2297 1862 2345 ut
1893 2307 1950 2361 p.
1983 2296 2050 2358 9,
2083 2297 2166 2348 11.
2196 2294 2322 2358 207,

419 2389 424 2395 ·
511 2378 599 2432 27.
670 2372 781 2427 Sed
811 2372 947 2428 nulli
977 2373 1166 2429 virtuti
1197 2390 1376 2445 aeque
1413 2390 1480 2429 ac
1507 2373 1772 2430 brevitati
1804 2372 2042 2429 inservit
2072 2374 2144 2429 ob
2176 2389 2325 2428 eam-

513 2472 620 2526 que
652 2472 872 2512 causam
901 2456 1022 2512 eius
1056 2457 1337 2525 Caesaris,
1369 2456 1526 2512 cuius
1552 2456 1721 2513 vitam
1750 2456 1969 2524 scribit,
2007 2473 2202 2512 nomen
2233 2473 2321 2512 ra-

514 2539 736 2596 rissime
764 2539 921 2611 ponit
944 2546 998 2595 et
1029 2540 1325 2612 participia
1350 2557 1489 2595 unus
1517 2541 1755 2596 omnium
1784 2539 2020 2595 maxime
2051 2554 2161 2595 non
2187 2555 2324 2596 con-

512 2623 804 2680 temnenda
840 2629 957 2679 arte
991 2624 1324 2695 frequentat.

197 2701 494 2795 ssssfflifflffii‘,
638 2707 736 2763 His
771 2707 944 2777 igitur
975 2708 1269 2763 virtutibus
1301 2723 1421 2762 cum
1448 2705 1824 2762 Suetonianae
1844 2704 2145 2762 Caesarum
2172 2706 2326 2761 vitae

305 2804 387 2845 tio.
516 2791 1060 2862 commendarentur,
1135 2791 1437 2846 mirandum
1495 2805 1606 2844 non
1670 2795 1757 2846 est
1822 2804 2023 2860 magno
2084 2788 2328 2844 omnium

516 2874 715 2945 plausu
765 2889 891 2928 esse
928 2880 1214 2946 exceptas,
1293 2872 1427 2928 Nam
1459 2888 1568 2927 non
1607 2873 1770 2929 modo
1801 2873 2127 2944 frequenter
2160 2872 2330 2927 lecti-

517 2963 663 3013 tatae
707 2962 762 3011 et
802 2974 832 3012 a
874 2958 1285 3028 posterioribus
1342 2954 1666 3026 historicis,
1726 2956 1847 3012 sive
1888 2951 2159 3027 pristinae
2203 2955 2329 3011 sive

519 3040 865 3096 Christianae
912 3040 1176 3111 religioni
1216 3038 1423 3095 addicti
1458 3039 1713 3109 fuerunt,
1752 3044 2056 3114 ezcerptae
2107 3045 2163 3093 et
2205 3038 2332 3093 imi-

517 3125 685 3180 tando
716 3140 1020 3195 expressae
1053 3128 1198 3193 sunt,
1230 3123 1334 3179 sed
1364 3122 1457 3178 vel
1489 3123 1559 3178 ad
1587 3122 1830 3178 Graecos
1859 3127 2240 3195 pervenerunt
2276 3128 2334 3177 et

516 3223 619 3278 per
666 3213 833 3263 totam
876 3206 1108 3263 mediam
1160 3211 1396 3262 aetatem
1440 3205 1495 3260 in
1542 3223 1645 3262 usu
1693 3222 1821 3262 esse
1862 3222 1971 3263 non
2021 3204 2328 3261 desierunt.

520 3289 821 3360 colligenti
867 3295 1116 3346 veterum
1159 3290 1494 3361 scriptorum
1540 3290 1699 3345 locos
1742 3290 1832 3345 vel
1875 3287 2195 3346 nominatim
2239 3288 2332 3343 vel

518 3371 686 3426 tacite
712 3373 1031 3444 Tranquillo
1057 3373 1278 3430 debitos
1308 3372 1619 3444 apparebit,
1651 3374 1856 3429 nullam
1887 3374 2006 3429 fere
2031 3371 2332 3428 Caesarum

518 3453 775 3524 paginam
837 3457 1170 3513 testimoniis
1232 3454 1641 3527 insequentium
1697 3458 2029 3530 scriptorum
2084 3453 2331 3510 destitui.
