2553 3960
914 258 1009 303 DE
1046 258 1509 307 nnn'romssUS.
2097 247 2212 308 271

203 413 534 489 hmreinem,
568 411 680 472 sed
704 413 972 474 materia
996 411 1213 490 facilis
1247 413 1313 472 in
1352 419 1409 473 te
1443 414 1589 474 etin
1618 421 1759 474 tuos
1792 414 1962 474 dicta
1992 414 2216 475 dicere.

204 497 288 559 At
320 505 553 578 quanta
587 514 821 558 merces
853 496 1090 557 rhetori
1117 503 1211 557 est
1237 495 1428 557 data!
1460 495 1718 574 Audite,
1763 497 2008 574 audite,
2043 497 2110 557 P.
2147 496 2215 558 C.

206 588 264 642 el
297 581 647 660 coquoscite
690 582 786 641 rei
820 599 885 660 p.
932 580 1212 641 vulnera.
1287 580 1430 642 Duo
1479 580 1654 642 milia
1700 582 1977 661 iuyerum
2016 582 2225 660 campi

205 665 488 726 Leontini
526 662 675 725 Sex.
714 663 933 725 Clodio
972 665 1210 725 rhetori
1246 665 1594 744 assiynasti
1627 672 1684 726 et
1715 665 1954 745 quidem
2005 666 2213 726 immu-

159 767 183 806 5
205 751 343 825 nia,
375 756 442 810 ut
470 754 644 809 tanta
673 749 955 810 mercede
984 748 1138 808 nihil
1166 767 1396 827 sapere
1440 747 1737 811 discere-5.

332 831 398 893 C.
442 831 724 892 Albucius
767 833 954 909 Snus,
998 832 1407 911 Novarieqsis,
1465 853 1592 895 cum
1621 833 1915 896 aedilitate
1946 834 2003 893 in
2033 836 2218 913 patria
2241 837 2276 893 6

202 917 571 994 fungeretur,
608 936 733 977 cum
762 917 915 976 forte
944 918 1031 977 ius
1064 916 1323 994 diceret,
1356 917 1429 980 ab
1456 920 1526 979 iis
1560 927 1761 979 contra
1794 935 1941 997 quos
1968 935 2214 998 pronun·

202 1000 379 1061 tiabat
414 999 658 1080 pedibus
690 1019 723 1060 e
755 1000 1022 1061 tribunali
1059 1000 1352 1063 detractus
1389 1013 1496 1063 est.
1550 1002 1720 1078 Quod
1749 1002 1983 1080 indigne
2002 1002 2217 1078 serens,

202 1094 389 1145 statlm
424 1085 721 1145 contendit
765 1085 836 1145 ad
869 1094 1090 1164 portam
1134 1094 1192 1145 et
1219 1087 1356 1148 inde
1403 1087 1676 1165 Romam,
1721 1095 2120 1166 receptusque
2161 1087 2218 1144 in

134 1182 181 1224 to
203 1170 398 1230 Planci
431 1172 681 1230 oratoris
704 1169 1165 1247 contubernium,
1204 1173 1294 1230 cui
1326 1169 1718 1232 declamaturo
1745 1188 1870 1230 mos
1908 1170 2216 1249 eratxprius

197 1255 446 1332 aliquem
481 1256 575 1332 qui
608 1263 737 1314 ante
771 1253 993 1315 diceret
1018 1255 1311 1332 excitare,
1343 1257 1606 1335 suscepit
1639 1273 1740 1315 eas
1774 1264 2003 1335 partes,
2042 1262 2215 1334 atque

197 1340 275 1398 ita
318 1337 581 1416 implevit
623 1346 683 1398 ut
720 1338 937 1399 Planco
985 1340 1271 1399 silentium
1315 1342 1677 1418 imponeret,
1725 1356 1840 1399 non
1886 1339 2116 1399 audenti
2160 1342 2217 1400 in

201 1423 693 1500 comparationem
726 1439 791 1480 se
815 1422 1134 1481 demittere.
1197 1423 1315 1483 Sed
1340 1442 1414 1483 ex
1434 1443 1506 1485 eo
1534 1424 1726 1484 clarus
1743 1469 1759 1501 ,
1792 1426 2034 1504 propria
2060 1422 2214 1483 audi-

199 1507 346 1565 toria
387 1506 654 1583 instituit,
689 1504 896 1564 solitus
928 1507 1231 1584 proposita
1265 1509 1668 1567 controversia
1693 1507 1906 1567 sedens
1932 1509 2214 1584 incipere,

132 1607 179 1648 ὦ
200 1598 258 1649 et
299 1589 497 1649 calore
542 1588 765 1648 demum
812 1598 1124 1666 provectus
1160 1607 1521 1668 consurgere
1565 1609 1634 1650 ac
1663 1608 1978 1670 perorare,
2022 1590 2214 1650 decla-

197 1692 355 1733 mare
402 1681 591 1732 autem
632 1690 853 1750 genere
895 1675 1094 1733 vario:
1140 1672 1313 1733 modo
1357 1674 1659 1752 splendide
1699 1683 1873 1754 atque
1915 1674 2216 1751 adornate,

198 1766 346 1833 tum,
379 1774 450 1815 ne
483 1774 666 1834 nsque
704 1773 931 1835 quaque
958 1755 1346 1817 scholasticus
1378 1759 1837 1834 existimaretur,
1872 1759 2214 1835 circumcise

199 1860 267 1903 ac
303 1839 537 1900 sordide
577 1849 635 1900 et
666 1848 881 1899 tantum
910 1857 1025 1900 non
1061 1841 1384 1901 trivialibus
1415 1842 1630 1902 verbis.
1709 1841 1849 1919 Egit
1897 1851 1956 1901 et
1988 1859 2216 1918 causas,

195 1943 397 1986 verum
428 1925 644 2002 rariuS,
680 1923 810 1984 dum
839 1924 1248 2004 amplissimam
1278 1944 1563 2005 quamque
1588 1934 1877 2003 sectatur,
1908 1944 2019 1987 nec
2043 1925 2214 1986 alium

122 2022 177 2063 20
196 2011 253 2070 in
287 2009 402 2068 ulla
433 2009 623 2068 locum
660 2027 826 2088 quam
870 2010 1201 2088 perorandi.
1272 2011 1485 2071 Postea
1526 2012 1872 2071 renuntiavit
1914 2010 2047 2070 foro
2084 2027 2213 2089 par-

196 2096 293 2154 tim
325 2093 581 2173 pudore,
617 2095 822 2172 partim
843 2102 1026 2163 metm
1070 2112 1197 2154 nam
1228 2112 1355 2154 cum
1389 2095 1446 2154 in
1484 2094 1583 2154 lite
1627 2093 1869 2175 quadam
1901 2095 2213 2154 centumvi-

193 2178 333 2254 rali,
365 2176 736 2254 adversario,
782 2196 951 2257 quem
992 2187 1052 2238 ut
1082 2178 1312 2258 impium
1361 2197 1504 2256 erga
1543 2188 1816 2257 parentes
1857 2177 2212 2253 incessebat,

193 2264 280 2322 ius
311 2263 601 2321 iurandum
635 2264 797 2341 quasi
833 2280 939 2341 per
972 2262 1211 2340 figuram
1244 2264 1331 2322 sic
1375 2263 1712 2342 optulisset:
1759 2260 1915 2323 Iura
1943 2280 2061 2340 per
2088 2278 2210 2340 pa-

196 2346 310 2407 tris
364 2345 704 2424 matrisque
757 2346 1029 2423 cinerea,
1084 2346 1191 2425 qui
1225 2345 1527 2408 inconditi
1581 2346 1828 2408 iacent!
1887 2355 1944 2405 et
1995 2345 2103 2405 alia
2158 2347 2214 2405 in

117 2440 175 2480 ²5
195 2430 344 2488 hunc
369 2429 625 2503 modum,
664 2429 975 2507 arripiente
1002 2447 1073 2489 eo
1104 2430 1488 2491 conditionem
1508 2477 1524 2507 ,
1558 2449 1669 2491 nec
1698 2429 1979 2489 iudicibus
2013 2447 2212 2507 asper-

195 2512 493 2591 nantibus,
548 2529 664 2572 non
706 2512 829 2572 sine
867 2531 1076 2591 magna
1121 2516 1206 2573 sui
1249 2515 1460 2575 invidia
1501 2516 1794 2592 negotium
1837 2513 2058 2573 afflixit.
2140 2513 2214 2572 Et

194 2616 391 2657 rursus
434 2600 489 2656 in
533 2597 868 2674 cognitione
906 2595 1100 2656 caedis
1139 2597 1451 2659 Mediolani
1501 2599 1651 2677 apud
1680 2598 1740 2658 L.
1776 2598 2044 2658 Pisonem
2078 2613 2212 2675 pro·

195 2681 495 2741 consulem
541 2679 860 2740 defendens
913 2697 1103 2757 reum,
1152 2699 1280 2741 cum
1335 2682 1676 2742 cohiberent
1727 2682 1968 2741 lictores
2014 2681 2214 2739 nimias

194 2764 539 2825 laudantium
586 2780 800 2839 voces,
845 2772 903 2823 et
945 2765 1021 2824 ita
1062 2765 1502 2843 excanduisset,
1556 2774 1616 2824 ut
1654 2765 1959 2843 deplorato
2011 2763 2212 2824 Italiae

118 2867 173 2910 so
197 2856 383 2923 statu,
418 2846 603 2927 quasi
639 2845 856 2909 iterum
895 2845 1246 2927 informant
1272 2849 1641 2929 provinciae
1672 2848 2092 2927 rediqeretur,
2133 2846 2210 2908 Μ.

195 2934 434 3010 insuper
474 2930 735 3009 Brutum,
794 2932 953 2992 cuius
995 2941 1181 2994 statua
1229 2934 1284 2993 in
1333 2942 1652 3013 conspectu
1697 2942 1854 3008 erat,
1908 2931 2214 2990 invocaret

191 3018 393 3095 leyum
417 3034 496 3077 ac
523 3015 831 3077 libertatis
860 3022 1176 3078 auctorem
1200 3023 1257 3078 et
1276 3018 1613 3093 vindicm,
1652 3035 1799 3097 pene
1837 3032 2060 3093 poenas
2085 3013 2208 3073 luit.

192 3101 311 3162 Iam
345 3110 530 3161 autem
562 3101 759 3161 senior
794 3099 870 3159 ob
902 3100 1096 3160 vitium
1122 3103 1384 3162 vomicae
1416 3102 1728 3163 Novariam
1760 3098 1956 3177 rediit,
1996 3115 2209 3159 convo-

198 3193 440 3264 cataque
472 3184 650 3264 plebe
682 3186 906 3260 causis,
949 3193 1193 3265 propter
1218 3204 1360 3265 quas
1390 3186 1535 3245 mori
1585 3186 1964 3261 destinasset,
2015 3182 2107 3243 diu
2141 3200 2211 3243 ac

197 3286 360 3328 more
388 3268 783 3329 concionantis
813 3268 1087 3346 redditiS‚
1123 3268 1393 3329 abstinuit
1426 3268 1577 3329 cibo.

1076 3438 1105 3476 *
1194 3439 1223 3476 ¹&
1314 3439 1344 3475 ’Β
