<?xml version="1.0" encoding="UTF-8"?>
<!DOCTYPE html PUBLIC "-//W3C//DTD XHTML 1.0 Transitional//EN"
    "http://www.w3.org/TR/xhtml1/DTD/xhtml1-transitional.dtd">
<html xmlns="http://www.w3.org/1999/xhtml" xml:lang="en" lang="en">
 <head>
  <title>
</title>
<meta http-equiv="Content-Type" content="text/html;charset=utf-8" />
  <meta name='ocr-system' content='tesseract 3.04.00' />
  <meta name='ocr-capabilities' content='ocr_page ocr_carea ocr_par ocr_line ocrx_word'/>
</head>
<body>
  <div class='ocr_page' id='page_1' title='image "./csuetonitranqui06rothgoog_0327.png"; bbox 0 0 2553 3960; ppageno 0'>
   <div class='ocr_carea' id='block_1_1' title="bbox 1005 248 2264 313">
    <p class='ocr_par' dir='ltr' id='par_1_1' title="bbox 1005 248 2264 313">
     <span class='ocr_line' id='line_1_1' title="bbox 1005 248 2264 313; baseline -0.002 -2"><span class='ocrx_word' id='word_1_1' title='bbox 1005 264 1562 313; x_wconf 82' lang='lat' dir='ltr'><strong>VITELLIUS.</strong></span> <span class='ocrx_word' id='word_1_2' title='bbox 2139 248 2264 311; x_wconf 81' lang='lat'><strong>215</strong></span> 
     </span>
    </p>
   </div>
   <div class='ocr_carea' id='block_1_2' title="bbox 999 690 1512 749">
    <p class='ocr_par' dir='ltr' id='par_1_2' title="bbox 999 690 1512 749">
     <span class='ocr_line' id='line_1_2' title="bbox 999 690 1512 749; baseline 0.002 -2"><span class='ocrx_word' id='word_1_3' title='bbox 999 690 1512 749; x_wconf 70' lang='lat' dir='ltr'><strong>vlwnmlus.</strong></span> 
     </span>
    </p>
   </div>
   <div class='ocr_carea' id='block_1_3' title="bbox 201 848 2338 3623">
    <p class='ocr_par' dir='ltr' id='par_1_3' title="bbox 270 848 2325 1183">
     <span class='ocr_line' id='line_1_3' title="bbox 394 848 2325 930; baseline 0.002 -20"><span class='ocrx_word' id='word_1_4' title='bbox 394 849 763 910; x_wconf 81' lang='lat' dir='ltr'><strong>Vitelliorum</strong></span> <span class='ocrx_word' id='word_1_5' title='bbox 792 851 1073 928; x_wconf 73' lang='lat' dir='ltr'><strong>originem</strong></span> <span class='ocrx_word' id='word_1_6' title='bbox 1107 848 1205 910; x_wconf 91' lang='lat' dir='ltr'><strong>alii</strong></span> <span class='ocrx_word' id='word_1_7' title='bbox 1235 851 1406 910; x_wconf 90' lang='lat' dir='ltr'><strong>aliam</strong></span> <span class='ocrx_word' id='word_1_8' title='bbox 1447 859 1504 910; x_wconf 92' lang='lat' dir='ltr'><strong>et</strong></span> <span class='ocrx_word' id='word_1_9' title='bbox 1547 852 1778 930; x_wconf 87' lang='lat' dir='ltr'><strong>quidem</strong></span> <span class='ocrx_word' id='word_1_10' title='bbox 1821 851 2269 914; x_wconf 86' lang='lat' dir='ltr'><strong>diversissimam</strong></span> <span class='ocrx_word' id='word_1_11' title='bbox 2299 862 2325 913; x_wconf 86' lang='lat'>1</span> 
     </span>
     <span class='ocr_line' id='line_1_4' title="bbox 270 933 2270 1014; baseline -0.001 -19"><span class='ocrx_word' id='word_1_12' title='bbox 270 933 529 1012; x_wconf 88' lang='lat' dir='ltr'><strong>tradunt,</strong></span> <span class='ocrx_word' id='word_1_13' title='bbox 574 936 782 1014; x_wconf 90' lang='lat' dir='ltr'><strong>partim</strong></span> <span class='ocrx_word' id='word_1_14' title='bbox 812 944 1073 994; x_wconf 86' lang='lat' dir='ltr'><strong>veterem</strong></span> <span class='ocrx_word' id='word_1_15' title='bbox 1107 943 1165 994; x_wconf 91' lang='lat' dir='ltr'><strong>et</strong></span> <span class='ocrx_word' id='word_1_16' title='bbox 1196 933 1489 1012; x_wconf 89' lang='lat' dir='ltr'><strong>nobilem,</strong></span> <span class='ocrx_word' id='word_1_17' title='bbox 1527 937 1732 1013; x_wconf 91' lang='lat' dir='ltr'><strong>partim</strong></span> <span class='ocrx_word' id='word_1_18' title='bbox 1772 954 1919 1014; x_wconf 86' lang='lat' dir='ltr'><strong>vero</strong></span> <span class='ocrx_word' id='word_1_19' title='bbox 1958 952 2167 995; x_wconf 87' lang='lat' dir='ltr'><strong>novam</strong></span> <span class='ocrx_word' id='word_1_20' title='bbox 2211 944 2270 994; x_wconf 89' lang='lat' dir='ltr'><strong>et</strong></span> 
     </span>
     <span class='ocr_line' id='line_1_5' title="bbox 273 1018 2270 1099; baseline 0 -20"><span class='ocrx_word' id='word_1_21' title='bbox 273 1018 578 1079; x_wconf 83' lang='lat' dir='ltr'>obscuram</span> <span class='ocrx_word' id='word_1_22' title='bbox 620 1028 796 1098; x_wconf 90' lang='lat' dir='ltr'><strong>atque</strong></span> <span class='ocrx_word' id='word_1_23' title='bbox 842 1020 1012 1079; x_wconf 87' lang='lat' dir='ltr'><strong>etiam</strong></span> <span class='ocrx_word' id='word_1_24' title='bbox 1055 1018 1380 1087; x_wconf 89' lang='lat' dir='ltr'><strong>sordidam;</strong></span> <span class='ocrx_word' id='word_1_25' title='bbox 1429 1020 1583 1096; x_wconf 90' lang='lat' dir='ltr'><strong>quod</strong></span> <span class='ocrx_word' id='word_1_26' title='bbox 1625 1036 1739 1098; x_wconf 88' lang='lat' dir='ltr'><strong>ego</strong></span> <span class='ocrx_word' id='word_1_27' title='bbox 1786 1038 1895 1099; x_wconf 91' lang='lat' dir='ltr'><strong>per</strong></span> <span class='ocrx_word' id='word_1_28' title='bbox 1936 1019 2270 1080; x_wconf 84' lang='lat' dir='ltr'><strong>adulatores</strong></span> 
     </span>
     <span class='ocr_line' id='line_1_6' title="bbox 271 1101 2271 1183; baseline -0.001 -20"><span class='ocrx_word' id='word_1_29' title='bbox 271 1103 822 1182; x_wconf 81' lang='lat' dir='ltr'><strong>obtrectatoresque</strong></span> <span class='ocrx_word' id='word_1_30' title='bbox 854 1103 1221 1182; x_wconf 86' lang='lat' dir='ltr'><strong>imperatoris</strong></span> <span class='ocrx_word' id='word_1_31' title='bbox 1251 1101 1455 1162; x_wconf 88' lang='lat' dir='ltr'><strong>Vitelli</strong></span> <span class='ocrx_word' id='word_1_32' title='bbox 1498 1105 1768 1164; x_wconf 84' lang='lat' dir='ltr'><strong>evenisse</strong></span> <span class='ocrx_word' id='word_1_33' title='bbox 1814 1106 2116 1183; x_wconf 79' lang='lat' dir='ltr'><strong>opinarer,</strong></span> <span class='ocrx_word' id='word_1_34' title='bbox 2164 1103 2271 1163; x_wconf 91' lang='lat' dir='ltr'><strong>nisi</strong></span> 
     </span>
    </p>

    <p class='ocr_par' dir='ltr' id='par_1_4' title="bbox 221 1185 2271 1603">
     <span class='ocr_line' id='line_1_7' title="bbox 221 1185 2269 1267; baseline -0 -22"><span class='ocrx_word' id='word_1_35' title='bbox 221 1205 249 1245; x_wconf 69' lang='grc' dir='ltr'><strong>ε</strong></span> <span class='ocrx_word' id='word_1_36' title='bbox 274 1187 566 1266; x_wconf 87' lang='lat' dir='ltr'><strong>aliquanto</strong></span> <span class='ocrx_word' id='word_1_37' title='bbox 590 1189 747 1267; x_wconf 89' lang='lat' dir='ltr'><strong>prius</strong></span> <span class='ocrx_word' id='word_1_38' title='bbox 770 1188 843 1248; x_wconf 92' lang='lat' dir='ltr'><strong>de</strong></span> <span class='ocrx_word' id='word_1_39' title='bbox 867 1188 1118 1248; x_wconf 82' lang='lat' dir='ltr'><strong>familiae</strong></span> <span class='ocrx_word' id='word_1_40' title='bbox 1142 1187 1473 1248; x_wconf 82' lang='lat' dir='ltr'><strong>conditione</strong></span> <span class='ocrx_word' id='word_1_41' title='bbox 1497 1189 1774 1248; x_wconf 80' lang='lat' dir='ltr'><strong>variatum</strong></span> <span class='ocrx_word' id='word_1_42' title='bbox 1801 1197 1981 1248; x_wconf 87' lang='lat' dir='ltr'><strong>esset.</strong></span> <span class='ocrx_word' id='word_1_43' title='bbox 2003 1185 2182 1247; x_wconf 79' lang='lat' dir='ltr'><strong>&#39;Extat</strong></span> <span class='ocrx_word' id='word_1_44' title='bbox 2197 1185 2269 1260; x_wconf 84' lang='lat' dir='ltr'><strong>Q.</strong></span> 
     </span>
     <span class='ocr_line' id='line_1_8' title="bbox 270 1269 2270 1354; baseline -0.001 -22"><span class='ocrx_word' id='word_1_45' title='bbox 270 1271 445 1350; x_wconf 88' lang='lat' dir='ltr'><strong>Elogi</strong></span> <span class='ocrx_word' id='word_1_46' title='bbox 469 1273 542 1333; x_wconf 90' lang='lat' dir='ltr'><strong>ad</strong></span> <span class='ocrx_word' id='word_1_47' title='bbox 569 1271 838 1354; x_wconf 85' lang='lat' dir='ltr'><strong>Quintum</strong></span> <span class='ocrx_word' id='word_1_48' title='bbox 858 1271 1156 1333; x_wconf 90' lang='lat' dir='ltr'><strong>Vitellium</strong></span> <span class='ocrx_word' id='word_1_49' title='bbox 1179 1269 1314 1330; x_wconf 76' lang='lat' dir='ltr'><strong>Divi</strong></span> <span class='ocrx_word' id='word_1_50' title='bbox 1336 1271 1586 1349; x_wconf 81' lang='lat' dir='ltr'><strong>Augusti</strong></span> <span class='ocrx_word' id='word_1_51' title='bbox 1611 1281 1987 1351; x_wconf 83' lang='lat' dir='ltr'><strong>quaestorem</strong></span> <span class='ocrx_word' id='word_1_52' title='bbox 2013 1271 2270 1350; x_wconf 84' lang='lat' dir='ltr'><strong>libellus,</strong></span> 
     </span>
     <span class='ocr_line' id='line_1_9' title="bbox 273 1354 2270 1435; baseline -0.001 -20"><span class='ocrx_word' id='word_1_53' title='bbox 273 1372 388 1434; x_wconf 90' lang='lat' dir='ltr'><strong>qno</strong></span> <span class='ocrx_word' id='word_1_54' title='bbox 422 1358 766 1433; x_wconf 83' lang='lat' dir='ltr'><strong>continetur,</strong></span> <span class='ocrx_word' id='word_1_55' title='bbox 796 1356 1071 1417; x_wconf 83' lang='lat' dir='ltr'><strong>Vitellios</strong></span> <span class='ocrx_word' id='word_1_56' title='bbox 1104 1354 1302 1416; x_wconf 88' lang='lat' dir='ltr'><strong>Fauno</strong></span> <span class='ocrx_word' id='word_1_57' title='bbox 1332 1355 1714 1434; x_wconf 80' lang='lat' dir='ltr'><strong>Aboriginum</strong></span> <span class='ocrx_word' id='word_1_58' title='bbox 1743 1374 1887 1435; x_wconf 86' lang='lat' dir='ltr'><strong>rege</strong></span> <span class='ocrx_word' id='word_1_59' title='bbox 1923 1366 1982 1417; x_wconf 88' lang='lat' dir='ltr'><strong>et</strong></span> <span class='ocrx_word' id='word_1_60' title='bbox 2009 1354 2270 1432; x_wconf 87' lang='lat' dir='ltr'><strong>Vitellia,</strong></span> 
     </span>
     <span class='ocr_line' id='line_1_10' title="bbox 272 1438 2271 1520; baseline -0.002 -20"><span class='ocrx_word' id='word_1_61' title='bbox 272 1457 422 1519; x_wconf 91' lang='lat' dir='ltr'><strong>quae</strong></span> <span class='ocrx_word' id='word_1_62' title='bbox 452 1440 644 1500; x_wconf 90' lang='lat' dir='ltr'><strong>multis</strong></span> <span class='ocrx_word' id='word_1_63' title='bbox 677 1440 826 1500; x_wconf 86' lang='lat' dir='ltr'><strong>locis</strong></span> <span class='ocrx_word' id='word_1_64' title='bbox 860 1458 969 1520; x_wconf 91' lang='lat' dir='ltr'><strong>pro</strong></span> <span class='ocrx_word' id='word_1_65' title='bbox 999 1441 1228 1499; x_wconf 89' lang='lat' dir='ltr'><strong>numine</strong></span> <span class='ocrx_word' id='word_1_66' title='bbox 1263 1440 1583 1516; x_wconf 84' lang='lat' dir='ltr'><strong>coleretur,</strong></span> <span class='ocrx_word' id='word_1_67' title='bbox 1619 1449 1782 1500; x_wconf 89' lang='lat' dir='ltr'><strong>ortos</strong></span> <span class='ocrx_word' id='word_1_68' title='bbox 1813 1450 1937 1501; x_wconf 91' lang='lat' dir='ltr'><strong>toto</strong></span> <span class='ocrx_word' id='word_1_69' title='bbox 1970 1438 2132 1499; x_wconf 86' lang='lat' dir='ltr'><strong>Latio</strong></span> <span class='ocrx_word' id='word_1_70' title='bbox 2172 1440 2271 1497; x_wconf 90' lang='lat' dir='ltr'><strong>im-</strong></span> 
     </span>
     <span class='ocr_line' id='line_1_11' title="bbox 271 1521 2271 1603; baseline -0.002 -19"><span class='ocrx_word' id='word_1_71' title='bbox 271 1541 547 1603; x_wconf 87' lang='lat' dir='ltr'><strong>perasse;</strong></span> <span class='ocrx_word' id='word_1_72' title='bbox 592 1523 796 1584; x_wconf 89' lang='lat' dir='ltr'><strong>horum</strong></span> <span class='ocrx_word' id='word_1_73' title='bbox 845 1525 1135 1585; x_wconf 84' lang='lat' dir='ltr'><strong>residuam</strong></span> <span class='ocrx_word' id='word_1_74' title='bbox 1181 1524 1421 1601; x_wconf 87' lang='lat' dir='ltr'><strong>stirpem</strong></span> <span class='ocrx_word' id='word_1_75' title='bbox 1465 1543 1540 1583; x_wconf 88' lang='lat' dir='ltr'><strong>ex</strong></span> <span class='ocrx_word' id='word_1_76' title='bbox 1571 1523 1799 1584; x_wconf 82' lang='lat' dir='ltr'><strong>Sabinis</strong></span> <span class='ocrx_word' id='word_1_77' title='bbox 1843 1524 2126 1584; x_wconf 86' lang='lat' dir='ltr'><strong>transisse</strong></span> <span class='ocrx_word' id='word_1_78' title='bbox 2156 1521 2271 1581; x_wconf 84' lang='lat' dir='ltr'><strong>Ro-</strong></span> 
     </span>
    </p>

    <p class='ocr_par' dir='ltr' id='par_1_5' title="bbox 201 1606 2338 3623">
     <span class='ocr_line' id='line_1_12' title="bbox 202 1606 2274 1687; baseline 0 -23"><span class='ocrx_word' id='word_1_79' title='bbox 202 1622 253 1664; x_wconf 81' lang='grc' dir='ltr'><strong>ιο</strong></span> <span class='ocrx_word' id='word_1_80' title='bbox 272 1624 417 1668; x_wconf 86' lang='lat' dir='ltr'><strong>mam</strong></span> <span class='ocrx_word' id='word_1_81' title='bbox 447 1617 620 1686; x_wconf 84' lang='lat' dir='ltr'><strong>atque</strong></span> <span class='ocrx_word' id='word_1_82' title='bbox 657 1611 810 1668; x_wconf 91' lang='lat' dir='ltr'><strong>inter</strong></span> <span class='ocrx_word' id='word_1_83' title='bbox 837 1609 1117 1687; x_wconf 90' lang='lat' dir='ltr'><strong>patricios</strong></span> <span class='ocrx_word' id='word_1_84' title='bbox 1150 1606 1466 1676; x_wconf 89' lang='lat' dir='ltr'><strong>adlectam;</strong></span> <span class='ocrx_word' id='word_1_85' title='bbox 1511 1607 1720 1667; x_wconf 92' lang='lat' dir='ltr'><strong>indicia</strong></span> <span class='ocrx_word' id='word_1_86' title='bbox 1755 1608 1951 1686; x_wconf 90' lang='lat' dir='ltr'><strong>stirpis</strong></span> <span class='ocrx_word' id='word_1_87' title='bbox 1991 1606 2274 1666; x_wconf 88' lang='lat' dir='ltr'><strong>mansisse</strong></span> 
     </span>
     <span class='ocr_line' id='line_1_13' title="bbox 273 1690 2274 1770; baseline -0.002 -18"><span class='ocrx_word' id='word_1_88' title='bbox 273 1692 367 1752; x_wconf 92' lang='lat' dir='ltr'><strong>diu</strong></span> <span class='ocrx_word' id='word_1_89' title='bbox 396 1694 546 1751; x_wconf 87' lang='lat' dir='ltr'><strong>viam</strong></span> <span class='ocrx_word' id='word_1_90' title='bbox 573 1691 872 1752; x_wconf 90' lang='lat' dir='ltr'><strong>Vitelliam</strong></span> <span class='ocrx_word' id='word_1_91' title='bbox 906 1692 978 1751; x_wconf 88' lang='lat' dir='ltr'><strong>ab</strong></span> <span class='ocrx_word' id='word_1_92' title='bbox 1010 1690 1268 1751; x_wconf 89' lang='lat' dir='ltr'><strong>Ianiculo</strong></span> <span class='ocrx_word' id='word_1_93' title='bbox 1301 1692 1371 1752; x_wconf 94' lang='lat' dir='ltr'><strong>ad</strong></span> <span class='ocrx_word' id='word_1_94' title='bbox 1403 1708 1561 1750; x_wconf 90' lang='lat' dir='ltr'><strong>mare</strong></span> <span class='ocrx_word' id='word_1_95' title='bbox 1585 1707 1792 1770; x_wconf 88' lang='lat' dir='ltr'><strong>usque,</strong></span> <span class='ocrx_word' id='word_1_96' title='bbox 1823 1691 1960 1750; x_wconf 91' lang='lat' dir='ltr'><strong>item</strong></span> <span class='ocrx_word' id='word_1_97' title='bbox 1984 1690 2274 1751; x_wconf 89' lang='lat' dir='ltr'><strong>coloniam</strong></span> 
     </span>
     <span class='ocr_line' id='line_1_14' title="bbox 274 1772 2275 1855; baseline -0.001 -20"><span class='ocrx_word' id='word_1_98' title='bbox 274 1775 533 1835; x_wconf 88' lang='lat' dir='ltr'><strong>eiusdem</strong></span> <span class='ocrx_word' id='word_1_99' title='bbox 574 1775 855 1850; x_wconf 91' lang='lat' dir='ltr'><strong>nominis,</strong></span> <span class='ocrx_word' id='word_1_100' title='bbox 900 1793 1068 1853; x_wconf 88' lang='lat' dir='ltr'><strong>quam</strong></span> <span class='ocrx_word' id='word_1_101' title='bbox 1109 1775 1314 1852; x_wconf 86' lang='lat' dir='ltr'><strong>gentili</strong></span> <span class='ocrx_word' id='word_1_102' title='bbox 1358 1776 1527 1854; x_wconf 89' lang='lat' dir='ltr'><strong>copia</strong></span> <span class='ocrx_word' id='word_1_103' title='bbox 1583 1773 1867 1836; x_wconf 84' lang='lat' dir='ltr'><strong>adversus</strong></span> <span class='ocrx_word' id='word_1_104' title='bbox 1911 1772 2275 1855; x_wconf 81' lang='lat' dir='ltr'><strong>Aequiculos</strong></span> 
     </span>
     <span class='ocr_line' id='line_1_15' title="bbox 271 1858 2276 1938; baseline -0 -20"><span class='ocrx_word' id='word_1_105' title='bbox 271 1860 562 1920; x_wconf 84' lang='lat' dir='ltr'><strong>tutandam</strong></span> <span class='ocrx_word' id='word_1_106' title='bbox 610 1859 746 1920; x_wconf 89' lang='lat' dir='ltr'><strong>olim</strong></span> <span class='ocrx_word' id='word_1_107' title='bbox 799 1859 1321 1938; x_wconf 76' lang='lat' dir='ltr'><strong>depoposcissent3</strong></span> <span class='ocrx_word' id='word_1_108' title='bbox 1379 1869 1648 1938; x_wconf 89' lang='lat' dir='ltr'><strong>tempore</strong></span> <span class='ocrx_word' id='word_1_109' title='bbox 1714 1859 1924 1920; x_wconf 89' lang='lat' dir='ltr'><strong>deinde</strong></span> <span class='ocrx_word' id='word_1_110' title='bbox 1981 1858 2276 1919; x_wconf 86' lang='lat' dir='ltr'><strong>Samnitici</strong></span> 
     </span>
     <span class='ocr_line' id='line_1_16' title="bbox 271 1942 2272 2024; baseline -0.001 -20"><span class='ocrx_word' id='word_1_111' title='bbox 271 1942 413 2004; x_wconf 87' lang='lat' dir='ltr'><strong>belli</strong></span> <span class='ocrx_word' id='word_1_112' title='bbox 435 1944 732 2023; x_wconf 88' lang='lat' dir='ltr'><strong>praesidio</strong></span> <span class='ocrx_word' id='word_1_113' title='bbox 755 1945 811 2004; x_wconf 91' lang='lat' dir='ltr'><strong>in</strong></span> <span class='ocrx_word' id='word_1_114' title='bbox 835 1943 1105 2024; x_wconf 87' lang='lat' dir='ltr'><strong>Apuliam</strong></span> <span class='ocrx_word' id='word_1_115' title='bbox 1128 1945 1329 2021; x_wconf 82' lang='lat' dir='ltr'><strong>misse,</strong></span> <span class='ocrx_word' id='word_1_116' title='bbox 1362 1943 1643 2024; x_wconf 89' lang='lat' dir='ltr'><strong>quosdam</strong></span> <span class='ocrx_word' id='word_1_117' title='bbox 1686 1961 1763 2004; x_wconf 91' lang='lat' dir='ltr'><strong>ex</strong></span> <span class='ocrx_word' id='word_1_118' title='bbox 1796 1942 2033 2005; x_wconf 88' lang='lat' dir='ltr'><strong>Vitellis</strong></span> <span class='ocrx_word' id='word_1_119' title='bbox 2067 1942 2272 2003; x_wconf 86' lang='lat' dir='ltr'><strong>subse·</strong></span> 
     </span>
     <span class='ocr_line' id='line_1_17' title="bbox 202 2027 2271 2107; baseline -0.002 -17"><span class='ocrx_word' id='word_1_120' title='bbox 202 2046 253 2090; x_wconf 67' lang='grc' dir='ltr'><strong>ιε</strong></span> <span class='ocrx_word' id='word_1_121' title='bbox 275 2029 430 2089; x_wconf 90' lang='lat' dir='ltr'><strong>disse</strong></span> <span class='ocrx_word' id='word_1_122' title='bbox 458 2030 776 2106; x_wconf 82' lang='lat' dir='ltr'><strong>Nuceriae,</strong></span> <span class='ocrx_word' id='word_1_123' title='bbox 822 2046 1140 2107; x_wconf 88' lang='lat' dir='ltr'><strong>eorumque</strong></span> <span class='ocrx_word' id='word_1_124' title='bbox 1181 2030 1525 2107; x_wconf 78' lang='lat' dir='ltr'><strong>progeniem</strong></span> <span class='ocrx_word' id='word_1_125' title='bbox 1568 2028 1746 2106; x_wconf 88' lang='lat' dir='ltr'><strong>longo</strong></span> <span class='ocrx_word' id='word_1_126' title='bbox 1787 2039 1924 2107; x_wconf 91' lang='lat' dir='ltr'><strong>post</strong></span> <span class='ocrx_word' id='word_1_127' title='bbox 1963 2027 2271 2087; x_wconf 81' lang='lat' dir='ltr'><strong>intervallo</strong></span> 
     </span>
     <span class='ocr_line' id='line_1_18' title="bbox 271 2109 2338 2192; baseline -0.002 -19"><span class='ocrx_word' id='word_1_128' title='bbox 271 2115 562 2192; x_wconf 88' lang='lat' dir='ltr'><strong>repetisse</strong></span> <span class='ocrx_word' id='word_1_129' title='bbox 603 2113 803 2173; x_wconf 86' lang='lat' dir='ltr'><strong>urbem</strong></span> <span class='ocrx_word' id='word_1_130' title='bbox 845 2122 1021 2191; x_wconf 88' lang='lat' dir='ltr'><strong>atque</strong></span> <span class='ocrx_word' id='word_1_131' title='bbox 1066 2111 1327 2172; x_wconf 86' lang='lat' dir='ltr'><strong>ordinem</strong></span> <span class='ocrx_word' id='word_1_132' title='bbox 1363 2113 1733 2172; x_wconf 89' lang='lat' dir='ltr'><strong>senatorium.</strong></span> <span class='ocrx_word' id='word_1_133' title='bbox 1818 2109 2034 2174; x_wconf 86' lang='lat' dir='ltr'><strong>Contra</strong></span> <span class='ocrx_word' id='word_1_134' title='bbox 2071 2111 2273 2190; x_wconf 90' lang='lat' dir='ltr'><strong>plures</strong></span> <span class='ocrx_word' id='word_1_135' title='bbox 2301 2116 2338 2169; x_wconf 75' lang='lat'><em>2</em></span> 
     </span>
     <span class='ocr_line' id='line_1_19' title="bbox 271 2196 2272 2276; baseline -0.002 -18"><span class='ocrx_word' id='word_1_136' title='bbox 271 2207 565 2258; x_wconf 88' lang='lat' dir='ltr'><strong>auctorem</strong></span> <span class='ocrx_word' id='word_1_137' title='bbox 609 2199 844 2276; x_wconf 85' lang='lat' dir='ltr'><strong>generis</strong></span> <span class='ocrx_word' id='word_1_138' title='bbox 889 2196 1220 2257; x_wconf 87' lang='lat' dir='ltr'><strong>libertinum</strong></span> <span class='ocrx_word' id='word_1_139' title='bbox 1266 2197 1678 2275; x_wconf 84' lang='lat' dir='ltr'><strong>prodiderunt,</strong></span> <span class='ocrx_word' id='word_1_140' title='bbox 1735 2197 1967 2257; x_wconf 88' lang='lat' dir='ltr'><strong>Cassius</strong></span> <span class='ocrx_word' id='word_1_141' title='bbox 2013 2196 2272 2257; x_wconf 86' lang='lat' dir='ltr'><strong>Severus</strong></span> 
     </span>
     <span class='ocr_line' id='line_1_20' title="bbox 270 2280 2272 2361; baseline -0.002 -19"><span class='ocrx_word' id='word_1_142' title='bbox 270 2301 382 2342; x_wconf 90' lang='lat' dir='ltr'><strong>nec</strong></span> <span class='ocrx_word' id='word_1_143' title='bbox 421 2283 606 2342; x_wconf 89' lang='lat' dir='ltr'><strong>minus</strong></span> <span class='ocrx_word' id='word_1_144' title='bbox 645 2282 741 2343; x_wconf 89' lang='lat' dir='ltr'><strong>alii</strong></span> <span class='ocrx_word' id='word_1_145' title='bbox 788 2282 1032 2342; x_wconf 91' lang='lat' dir='ltr'><strong>eundem</strong></span> <span class='ocrx_word' id='word_1_146' title='bbox 1079 2289 1138 2341; x_wconf 89' lang='lat' dir='ltr'><strong>et</strong></span> <span class='ocrx_word' id='word_1_147' title='bbox 1182 2289 1440 2341; x_wconf 89' lang='lat' dir='ltr'><strong>sutorem</strong></span> <span class='ocrx_word' id='word_1_148' title='bbox 1491 2281 2064 2361; x_wconf 86' lang='lat' dir='ltr'><strong>veteramentarium,</strong></span> <span class='ocrx_word' id='word_1_149' title='bbox 2112 2280 2272 2340; x_wconf 89' lang='lat' dir='ltr'><strong>cuius</strong></span> 
     </span>
     <span class='ocr_line' id='line_1_21' title="bbox 272 2364 2272 2444; baseline -0.001 -19"><span class='ocrx_word' id='word_1_150' title='bbox 272 2366 421 2426; x_wconf 79' lang='lat' dir='ltr'><strong>iilius</strong></span> <span class='ocrx_word' id='word_1_151' title='bbox 455 2365 815 2426; x_wconf 87' lang='lat' dir='ltr'><strong>sectionibus</strong></span> <span class='ocrx_word' id='word_1_152' title='bbox 848 2375 906 2426; x_wconf 93' lang='lat' dir='ltr'><strong>et</strong></span> <span class='ocrx_word' id='word_1_153' title='bbox 938 2366 1257 2443; x_wconf 87' lang='lat' dir='ltr'><strong>cognituris</strong></span> <span class='ocrx_word' id='word_1_154' title='bbox 1284 2364 1520 2425; x_wconf 88' lang='lat' dir='ltr'><strong>uberius</strong></span> <span class='ocrx_word' id='word_1_155' title='bbox 1567 2365 1968 2444; x_wconf 87' lang='lat' dir='ltr'><strong>compendium</strong></span> <span class='ocrx_word' id='word_1_156' title='bbox 2007 2374 2272 2440; x_wconf 88' lang='lat' dir='ltr'><strong>nanctus,</strong></span> 
     </span>
     <span class='ocr_line' id='line_1_22' title="bbox 201 2449 2273 2527; baseline 0 -20"><span class='ocrx_word' id='word_1_157' title='bbox 201 2466 254 2507; x_wconf 63' lang='grc' dir='ltr'><strong>ιο</strong></span> <span class='ocrx_word' id='word_1_158' title='bbox 279 2467 353 2510; x_wconf 82' lang='lat' dir='ltr'><strong>ex</strong></span> <span class='ocrx_word' id='word_1_159' title='bbox 388 2450 632 2510; x_wconf 88' lang='lat' dir='ltr'><strong>muliere</strong></span> <span class='ocrx_word' id='word_1_160' title='bbox 661 2450 912 2527; x_wconf 85' lang='lat' dir='ltr'><strong>vulgari,</strong></span> <span class='ocrx_word' id='word_1_161' title='bbox 937 2449 1212 2509; x_wconf 87' lang='lat' dir='ltr'><strong>Antiochi</strong></span> <span class='ocrx_word' id='word_1_162' title='bbox 1250 2449 1545 2509; x_wconf 88' lang='lat' dir='ltr'><strong>cuiusdam</strong></span> <span class='ocrx_word' id='word_1_163' title='bbox 1584 2449 1894 2509; x_wconf 84' lang='lat' dir='ltr'><strong>furnariam</strong></span> <span class='ocrx_word' id='word_1_164' title='bbox 1938 2449 2273 2509; x_wconf 87' lang='lat' dir='ltr'><strong>exercentis</strong></span> 
     </span>
     <span class='ocr_line' id='line_1_23' title="bbox 273 2532 2270 2613; baseline -0.002 -19"><span class='ocrx_word' id='word_1_165' title='bbox 273 2534 412 2610; x_wconf 87' lang='lat' dir='ltr'><strong>iilia,</strong></span> <span class='ocrx_word' id='word_1_166' title='bbox 447 2535 699 2613; x_wconf 90' lang='lat' dir='ltr'><strong>equitem</strong></span> <span class='ocrx_word' id='word_1_167' title='bbox 729 2532 799 2591; x_wconf 84' lang='lat' dir='ltr'><strong>R.</strong></span> <span class='ocrx_word' id='word_1_168' title='bbox 836 2534 1123 2611; x_wconf 85' lang='lat' dir='ltr'><strong>genuerit.</strong></span> <span class='ocrx_word' id='word_1_169' title='bbox 1184 2534 1305 2594; x_wconf 90' lang='lat' dir='ltr'><strong>Sed</strong></span> <span class='ocrx_word' id='word_1_170' title='bbox 1336 2533 1492 2612; x_wconf 91' lang='lat' dir='ltr'><strong>quod</strong></span> <span class='ocrx_word' id='word_1_171' title='bbox 1524 2534 1838 2611; x_wconf 86' lang='lat' dir='ltr'><strong>discrepat,</strong></span> <span class='ocrx_word' id='word_1_172' title='bbox 1870 2535 1945 2593; x_wconf 90' lang='lat' dir='ltr'><strong>sit</strong></span> <span class='ocrx_word' id='word_1_173' title='bbox 1974 2533 2032 2592; x_wconf 90' lang='lat' dir='ltr'><strong>in</strong></span> <span class='ocrx_word' id='word_1_174' title='bbox 2059 2533 2270 2593; x_wconf 78' lang='lat' dir='ltr'><strong>medio,</strong></span> 
     </span>
     <span class='ocr_line' id='line_1_24' title="bbox 276 2616 2274 2697; baseline -0.003 -18"><span class='ocrx_word' id='word_1_175' title='bbox 276 2617 550 2679; x_wconf 88' lang='lat' dir='ltr'><strong>Ceterum</strong></span> <span class='ocrx_word' id='word_1_176' title='bbox 577 2618 639 2678; x_wconf 90' lang='lat' dir='ltr'><strong>P.</strong></span> <span class='ocrx_word' id='word_1_177' title='bbox 672 2617 946 2677; x_wconf 87' lang='lat' dir='ltr'><strong>Vitellius</strong></span> <span class='ocrx_word' id='word_1_178' title='bbox 977 2617 1148 2677; x_wconf 92' lang='lat' dir='ltr'><strong>domo</strong></span> <span class='ocrx_word' id='word_1_179' title='bbox 1179 2616 1454 2693; x_wconf 88' lang='lat' dir='ltr'><strong>Nuceria,</strong></span> <span class='ocrx_word' id='word_1_180' title='bbox 1492 2619 1616 2678; x_wconf 88' lang='lat' dir='ltr'><strong>sive</strong></span> <span class='ocrx_word' id='word_1_181' title='bbox 1646 2617 1748 2678; x_wconf 90' lang='lat' dir='ltr'><strong>ille</strong></span> <span class='ocrx_word' id='word_1_182' title='bbox 1781 2618 1975 2697; x_wconf 90' lang='lat' dir='ltr'><strong>stirpis</strong></span> <span class='ocrx_word' id='word_1_183' title='bbox 2004 2617 2274 2695; x_wconf 90' lang='lat' dir='ltr'><strong>antiquae</strong></span> 
     </span>
     <span class='ocr_line' id='line_1_25' title="bbox 273 2700 2275 2781; baseline -0.001 -19"><span class='ocrx_word' id='word_1_184' title='bbox 273 2704 401 2762; x_wconf 81' lang='lat' dir='ltr'><strong>sive</strong></span> <span class='ocrx_word' id='word_1_185' title='bbox 436 2701 723 2780; x_wconf 89' lang='lat' dir='ltr'><strong>pudendis</strong></span> <span class='ocrx_word' id='word_1_186' title='bbox 753 2700 1091 2780; x_wconf 87' lang='lat' dir='ltr'><strong>parentibus</strong></span> <span class='ocrx_word' id='word_1_187' title='bbox 1127 2709 1303 2779; x_wconf 90' lang='lat' dir='ltr'><strong>atque</strong></span> <span class='ocrx_word' id='word_1_188' title='bbox 1327 2702 1473 2779; x_wconf 78' lang='lat' dir='ltr'><strong>aviS,</strong></span> <span class='ocrx_word' id='word_1_189' title='bbox 1510 2718 1693 2781; x_wconf 89' lang='lat' dir='ltr'><strong>eques</strong></span> <span class='ocrx_word' id='word_1_190' title='bbox 1719 2710 1882 2762; x_wconf 90' lang='lat' dir='ltr'><strong>certe</strong></span> <span class='ocrx_word' id='word_1_191' title='bbox 1905 2701 1975 2760; x_wconf 84' lang='lat' dir='ltr'><strong>R.</strong></span> <span class='ocrx_word' id='word_1_192' title='bbox 2004 2709 2063 2761; x_wconf 90' lang='lat' dir='ltr'><strong>et</strong></span> <span class='ocrx_word' id='word_1_193' title='bbox 2083 2717 2275 2762; x_wconf 88' lang='lat' dir='ltr'><strong>rerum</strong></span> 
     </span>
     <span class='ocr_line' id='line_1_26' title="bbox 276 2785 2274 2866; baseline 0 -22"><span class='ocrx_word' id='word_1_194' title='bbox 276 2786 523 2863; x_wconf 82' lang='lat' dir='ltr'><strong>Augusti</strong></span> <span class='ocrx_word' id='word_1_195' title='bbox 553 2794 918 2863; x_wconf 91' lang='lat' dir='ltr'><strong>procurator,</strong></span> <span class='ocrx_word' id='word_1_196' title='bbox 947 2793 1219 2863; x_wconf 55' lang='lat' dir='ltr'><strong>‘quattuor</strong></span> <span class='ocrx_word' id='word_1_197' title='bbox 1248 2785 1400 2846; x_wconf 83' lang='lat' dir='ltr'><strong>filios</strong></span> <span class='ocrx_word' id='word_1_198' title='bbox 1429 2786 1816 2866; x_wconf 88' lang='lat' dir='ltr'><strong>amplissimae</strong></span> <span class='ocrx_word' id='word_1_199' title='bbox 1849 2785 2141 2863; x_wconf 87' lang='lat' dir='ltr'><strong>dignitatis</strong></span> <span class='ocrx_word' id='word_1_200' title='bbox 2176 2802 2274 2844; x_wconf 90' lang='lat' dir='ltr'><strong>co·</strong></span> 
     </span>
     <span class='ocr_line' id='line_1_27' title="bbox 203 2867 2272 2954; baseline 0.002 -31"><span class='ocrx_word' id='word_1_201' title='bbox 203 2870 581 2948; x_wconf 62' lang='lat' dir='ltr'><strong>agnomines</strong></span> <span class='ocrx_word' id='word_1_202' title='bbox 624 2886 694 2929; x_wconf 91' lang='lat' dir='ltr'><strong>ac</strong></span> <span class='ocrx_word' id='word_1_203' title='bbox 732 2878 948 2929; x_wconf 88' lang='lat' dir='ltr'><strong>tantum</strong></span> <span class='ocrx_word' id='word_1_204' title='bbox 993 2869 1462 2948; x_wconf 87' lang='lat' dir='ltr'><strong>praenominibus</strong></span> <span class='ocrx_word' id='word_1_205' title='bbox 1506 2870 1809 2930; x_wconf 90' lang='lat' dir='ltr'><strong>distinctos</strong></span> <span class='ocrx_word' id='word_1_206' title='bbox 1861 2869 2097 2954; x_wconf 88' lang='lat' dir='ltr'><strong>reliquit</strong></span> <span class='ocrx_word' id='word_1_207' title='bbox 2138 2867 2272 2928; x_wconf 91' lang='lat' dir='ltr'><strong>Aul.</strong></span> 
     </span>
     <span class='ocr_line' id='line_1_28' title="bbox 278 2951 2273 3034; baseline -0.001 -20"><span class='ocrx_word' id='word_1_208' title='bbox 278 2954 349 3030; x_wconf 84' lang='lat' dir='ltr'><strong>Q.</strong></span> <span class='ocrx_word' id='word_1_209' title='bbox 384 2953 446 3014; x_wconf 90' lang='lat' dir='ltr'><strong>P.</strong></span> <span class='ocrx_word' id='word_1_210' title='bbox 478 2958 535 3015; x_wconf 90' lang='lat' dir='ltr'><strong>L.</strong></span> <span class='ocrx_word' id='word_1_211' title='bbox 568 2953 752 3014; x_wconf 90' lang='lat' dir='ltr'><strong>Aulus</strong></span> <span class='ocrx_word' id='word_1_212' title='bbox 782 2955 838 3012; x_wconf 92' lang='lat' dir='ltr'><strong>in</strong></span> <span class='ocrx_word' id='word_1_213' title='bbox 869 2953 1171 3014; x_wconf 87' lang='lat' dir='ltr'><strong>consulatu</strong></span> <span class='ocrx_word' id='word_1_214' title='bbox 1204 2953 1381 3029; x_wconf 89' lang='lat' dir='ltr'><strong>obiit,</strong></span> <span class='ocrx_word' id='word_1_215' title='bbox 1427 2972 1597 3034; x_wconf 87' lang='lat' dir='ltr'><strong>quem</strong></span> <span class='ocrx_word' id='word_1_216' title='bbox 1640 2973 1768 3014; x_wconf 90' lang='lat' dir='ltr'><strong>cum</strong></span> <span class='ocrx_word' id='word_1_217' title='bbox 1801 2954 2055 3014; x_wconf 91' lang='lat' dir='ltr'><strong>Domitio</strong></span> <span class='ocrx_word' id='word_1_218' title='bbox 2085 2951 2273 3013; x_wconf 89' lang='lat' dir='ltr'><strong>Nero·</strong></span> 
     </span>
     <span class='ocr_line' id='line_1_29' title="bbox 272 3036 2273 3119; baseline 0 -20"><span class='ocrx_word' id='word_1_219' title='bbox 272 3039 362 3099; x_wconf 90' lang='lat' dir='ltr'><strong>nis</strong></span> <span class='ocrx_word' id='word_1_220' title='bbox 394 3036 666 3099; x_wconf 83' lang='lat' dir='ltr'><strong>Caesaris</strong></span> <span class='ocrx_word' id='word_1_221' title='bbox 696 3048 863 3117; x_wconf 90' lang='lat' dir='ltr'><strong>patre</strong></span> <span class='ocrx_word' id='word_1_222' title='bbox 888 3039 1114 3115; x_wconf 91' lang='lat' dir='ltr'><strong>inierat,</strong></span> <span class='ocrx_word' id='word_1_223' title='bbox 1146 3038 1481 3116; x_wconf 86' lang='lat' dir='ltr'><strong>praelautus</strong></span> <span class='ocrx_word' id='word_1_224' title='bbox 1506 3038 1722 3119; x_wconf 89' lang='lat' dir='ltr'><strong>alioqui</strong></span> <span class='ocrx_word' id='word_1_225' title='bbox 1743 3039 2119 3117; x_wconf 81' lang='lat' dir='ltr'><strong>famosusque</strong></span> <span class='ocrx_word' id='word_1_226' title='bbox 2141 3056 2273 3099; x_wconf 92' lang='lat' dir='ltr'><strong>cae-</strong></span> 
     </span>
     <span class='ocr_line' id='line_1_30' title="bbox 272 3122 2273 3201; baseline -0 -18"><span class='ocrx_word' id='word_1_227' title='bbox 272 3140 471 3184; x_wconf 89' lang='lat' dir='ltr'><strong>narum</strong></span> <span class='ocrx_word' id='word_1_228' title='bbox 501 3122 946 3201; x_wconf 84' lang='lat' dir='ltr'><strong>magnificentia.</strong></span> <span class='ocrx_word' id='word_1_229' title='bbox 1015 3122 1258 3198; x_wconf 84' lang='lat' dir='ltr'><strong>Quintus</strong></span> <span class='ocrx_word' id='word_1_230' title='bbox 1296 3123 1477 3183; x_wconf 88' lang='lat' dir='ltr'><strong>caruit</strong></span> <span class='ocrx_word' id='word_1_231' title='bbox 1504 3123 1727 3198; x_wconf 88' lang='lat' dir='ltr'><strong>ordine,</strong></span> <span class='ocrx_word' id='word_1_232' title='bbox 1762 3140 1890 3183; x_wconf 90' lang='lat' dir='ltr'><strong>cnm</strong></span> <span class='ocrx_word' id='word_1_233' title='bbox 1922 3131 2162 3184; x_wconf 89' lang='lat' dir='ltr'><strong>auctore</strong></span> <span class='ocrx_word' id='word_1_234' title='bbox 2186 3124 2273 3183; x_wconf 88' lang='lat' dir='ltr'><strong>Ti·</strong></span> 
     </span>
     <span class='ocr_line' id='line_1_31' title="bbox 272 3206 2273 3287; baseline -0.001 -19"><span class='ocrx_word' id='word_1_235' title='bbox 272 3208 440 3269; x_wconf 87' lang='lat' dir='ltr'><strong>berio</strong></span> <span class='ocrx_word' id='word_1_236' title='bbox 469 3208 701 3268; x_wconf 88' lang='lat' dir='ltr'><strong>secerni</strong></span> <span class='ocrx_word' id='word_1_237' title='bbox 737 3208 920 3267; x_wconf 90' lang='lat' dir='ltr'><strong>minus</strong></span> <span class='ocrx_word' id='word_1_238' title='bbox 952 3207 1197 3267; x_wconf 90' lang='lat' dir='ltr'><strong>idoneos</strong></span> <span class='ocrx_word' id='word_1_239' title='bbox 1234 3216 1540 3267; x_wconf 87' lang='lat' dir='ltr'><strong>senatores</strong></span> <span class='ocrx_word' id='word_1_240' title='bbox 1579 3208 1988 3287; x_wconf 84' lang='lat' dir='ltr'><strong>removerique</strong></span> <span class='ocrx_word' id='word_1_241' title='bbox 2021 3206 2273 3287; x_wconf 86' lang='lat' dir='ltr'><strong>placuis-</strong></span> 
     </span>
     <span class='ocr_line' id='line_1_32' title="bbox 204 3289 2273 3373; baseline 0.001 -27"><span class='ocrx_word' id='word_1_242' title='bbox 204 3303 257 3346; x_wconf 77' lang='lat' dir='ltr'><strong>ao</strong></span> <span class='ocrx_word' id='word_1_243' title='bbox 276 3301 385 3352; x_wconf 88' lang='lat' dir='ltr'><strong>set.</strong></span> <span class='ocrx_word' id='word_1_244' title='bbox 416 3296 474 3352; x_wconf 85' lang='lat' dir='ltr'><strong>P.</strong></span> <span class='ocrx_word' id='word_1_245' title='bbox 491 3338 509 3373; x_wconf 88' lang='lat'><strong>,</strong></span> <span class='ocrx_word' id='word_1_246' title='bbox 548 3291 876 3352; x_wconf 85' lang='lat' dir='ltr'><strong>Germanici</strong></span> <span class='ocrx_word' id='word_1_247' title='bbox 913 3306 1145 3369; x_wconf 80' lang='lat' dir='ltr'><strong>comes,</strong></span> <span class='ocrx_word' id='word_1_248' title='bbox 1194 3289 1312 3352; x_wconf 79' lang='lat' dir='ltr'><strong>CN.</strong></span> <span class='ocrx_word' id='word_1_249' title='bbox 1339 3290 1608 3351; x_wconf 86' lang='lat' dir='ltr'><strong>Pisonem</strong></span> <span class='ocrx_word' id='word_1_250' title='bbox 1632 3291 1917 3351; x_wconf 89' lang='lat' dir='ltr'><strong>inimicum</strong></span> <span class='ocrx_word' id='word_1_251' title='bbox 1948 3300 2008 3351; x_wconf 91' lang='lat' dir='ltr'><strong>et</strong></span> <span class='ocrx_word' id='word_1_252' title='bbox 2033 3290 2273 3351; x_wconf 84' lang='lat' dir='ltr'><strong>interfe-</strong></span> 
     </span>
     <span class='ocr_line' id='line_1_33' title="bbox 276 3376 2274 3455; baseline -0.002 -20"><span class='ocrx_word' id='word_1_253' title='bbox 276 3385 496 3437; x_wconf 89' lang='lat' dir='ltr'><strong>ctorem</strong></span> <span class='ocrx_word' id='word_1_254' title='bbox 540 3377 666 3436; x_wconf 90' lang='lat' dir='ltr'><strong>eius</strong></span> <span class='ocrx_word' id='word_1_255' title='bbox 709 3377 1007 3436; x_wconf 86' lang='lat' dir='ltr'><strong>accusavit</strong></span> <span class='ocrx_word' id='word_1_256' title='bbox 1062 3376 1617 3455; x_wconf 86' lang='lat' dir='ltr'><strong>condemnavitque,</strong></span> <span class='ocrx_word' id='word_1_257' title='bbox 1662 3392 1732 3436; x_wconf 89' lang='lat' dir='ltr'><strong>ac</strong></span> <span class='ocrx_word' id='word_1_258' title='bbox 1783 3384 1921 3455; x_wconf 88' lang='lat' dir='ltr'><strong>post</strong></span> <span class='ocrx_word' id='word_1_259' title='bbox 1962 3384 2274 3453; x_wconf 88' lang='lat' dir='ltr'><strong>praeturae</strong></span> 
     </span>
     <span class='ocr_line' id='line_1_34' title="bbox 274 3455 2271 3539; baseline -0.001 -20"><span class='ocrx_word' id='word_1_260' title='bbox 274 3457 557 3520; x_wconf 87' lang='lat' dir='ltr'><strong>honorem</strong></span> <span class='ocrx_word' id='word_1_261' title='bbox 586 3462 737 3519; x_wconf 91' lang='lat' dir='ltr'><strong>inter</strong></span> <span class='ocrx_word' id='word_1_262' title='bbox 766 3460 962 3520; x_wconf 88' lang='lat' dir='ltr'><strong>Seiani</strong></span> <span class='ocrx_word' id='word_1_263' title='bbox 998 3461 1270 3521; x_wconf 90' lang='lat' dir='ltr'><strong>conscios</strong></span> <span class='ocrx_word' id='word_1_264' title='bbox 1304 3468 1574 3539; x_wconf 87' lang='lat' dir='ltr'><strong>arreptus</strong></span> <span class='ocrx_word' id='word_1_265' title='bbox 1597 3460 1734 3520; x_wconf 92' lang='lat' dir='ltr'><strong>etin</strong></span> <span class='ocrx_word' id='word_1_266' title='bbox 1765 3458 2086 3521; x_wconf 85' lang='lat' dir='ltr'><strong>custodiam</strong></span> <span class='ocrx_word' id='word_1_267' title='bbox 2109 3455 2271 3518; x_wconf 77' lang='lat' dir='ltr'><strong>fratn’</strong></span> 
     </span>
     <span class='ocr_line' id='line_1_35' title="bbox 275 3541 2269 3623; baseline -0.002 -21"><span class='ocrx_word' id='word_1_268' title='bbox 275 3542 441 3603; x_wconf 89' lang='lat' dir='ltr'><strong>datus</strong></span> <span class='ocrx_word' id='word_1_269' title='bbox 470 3543 706 3623; x_wconf 88' lang='lat' dir='ltr'><strong>scalpro</strong></span> <span class='ocrx_word' id='word_1_270' title='bbox 744 3544 983 3606; x_wconf 90' lang='lat' dir='ltr'><strong>librario</strong></span> <span class='ocrx_word' id='word_1_271' title='bbox 1015 3562 1195 3605; x_wconf 86' lang='lat' dir='ltr'><strong>venas</strong></span> <span class='ocrx_word' id='word_1_272' title='bbox 1228 3544 1339 3604; x_wconf 91' lang='lat' dir='ltr'><strong>sibi</strong></span> <span class='ocrx_word' id='word_1_273' title='bbox 1370 3544 1589 3621; x_wconf 91' lang='lat' dir='ltr'><strong>incidit,</strong></span> <span class='ocrx_word' id='word_1_274' title='bbox 1627 3562 1739 3604; x_wconf 90' lang='lat' dir='ltr'><strong>nec</strong></span> <span class='ocrx_word' id='word_1_275' title='bbox 1771 3553 1882 3603; x_wconf 82' lang='lat' dir='ltr'><strong>tam</strong></span> <span class='ocrx_word' id='word_1_276' title='bbox 1906 3541 2110 3600; x_wconf 90' lang='lat' dir='ltr'><strong>mortis</strong></span> <span class='ocrx_word' id='word_1_277' title='bbox 2133 3555 2269 3622; x_wconf 82' lang='lat' dir='ltr'><strong>pae-</strong></span> 
     </span>
    </p>
   </div>
  </div>
 </body>
</html>
