2553 3960
409 244 529 305 140
590 253 649 302 ο.
677 251 976 301 sumom
1003 250 1257 311 TRANQ.
1291 251 1387 297 mc
1417 250 1581 299 vrrA
1618 249 1984 299 GAEsARtm
2018 252 2156 300 ΜΒ.
2183 253 2319 302 1111.

405 408 578 469 mimo
615 415 848 487 praeter
876 404 1104 466 modum
1143 406 1551 485 intemperans.
1636 404 1908 485 Repetite
1947 423 2151 484 caena,
2193 425 2409 468 renun-

406 491 597 553 tiantis
645 498 907 552 coactum
943 508 1152 568 agmen
1203 490 1351 550 sicut
1394 496 1556 549 eraut
1596 487 1873 549 loricatos
1924 487 1994 550 ad
2041 488 2409 551 discumben-

408 575 538 636 dum
566 574 897 636 adhortatus
939 582 1047 633 est.
1134 573 1356 635 Monuit
1398 571 1566 632 etiam
1616 573 1916 633 notissimo
1961 573 2172 651 Virgili
2206 592 2407 653 versu,

409 660 711 721 durarent
737 657 1146 736 secundisque
1171 674 1241 717 se
1269 655 1459 717 rebus
1487 662 1830 717 servarent

532 742 726 821 Atque
766 742 916 801 inter
946 740 1094 801 baec
1134 740 1430 802 absentem
1471 748 1728 800 senatum
1757 738 2146 820 populumque
2178 745 2405 819 gravis-
2427 763 2456 804 s
2549 755 2553 765 “

411 828 554 887 simo
600 824 925 903 obiurgavit
964 823 1185 903 edicto,
1232 823 1387 903 quod
1431 820 1711 885 Caesare
1734 824 2085 903 proeliante
2122 831 2181 886 et
2216 826 2411 889 tantis

411 908 868 972 discriminibus
921 906 1192 986 obiecta,
1226 907 1607 987 tempestiva
1668 907 1956 970 convivia
1972 954 1989 986 ,
2058 908 2290 971 circam
2352 916 2413 972 et

323 1005 391 1060 46
408 994 654 1055 theatra
686 999 745 1054 et
765 1009 1057 1055 amoenos
1085 1009 1369 1054 secessas
1403 989 1803 1053 celebrarent.
1892 992 2195 1053 Postremo
2241 995 2410 1072 quasi

410 1085 843 1157 perpetraturus
881 1076 1129 1154 bellum,
1174 1075 1392 1137 directa
1445 1076 1570 1135 acie
1602 1077 1659 1135 in
1689 1075 1862 1136 litore
1894 1075 2110 1137 Oceani
2141 1095 2210 1137 ac
2240 1077 2410 1138 balli-

411 1162 513 1222 stis
542 1159 935 1239 machinisque
964 1158 1291 1239 dispositiS,
1336 1159 1562 1219 nemine
1592 1177 1775 1237 gnaro
1809 1168 1907 1220 aut
1934 1160 2206 1239 opinante
2244 1161 2409 1240 quid-
2430 1177 2485 1220 ιο

409 1261 536 1305 nam
567 1252 879 1322 coepturus
925 1251 1121 1321 esset,
1185 1251 1429 1323 repente
1469 1251 1528 1302 ut
1568 1243 1822 1304 conchas
1865 1243 2135 1321 legerent
2174 1244 2409 1322 galeas·

413 1346 525 1407 que
572 1335 629 1387 et
687 1328 843 1388 sinus
902 1326 1201 1408 replerent
1256 1327 1591 1406 imperavit,
1658 1326 1864 1405 spolia
1911 1325 2145 1388 Oceani
2184 1344 2412 1389 vocans

412 1410 723 1490 Capitolio
754 1409 1120 1491 Palatioque
1150 1409 1389 1488 debita,
1449 1418 1507 1471 et
1535 1411 1592 1471 in
1622 1410 1890 1472 indicium
1923 1412 2205 1472 victoriae
2248 1412 2408 1473 altis-

410 1497 607 1557 simam
636 1502 848 1556 turrem
878 1495 1183 1573 excitavit,
1230 1514 1305 1556 ex
1340 1512 1452 1574 qua
1482 1502 1544 1554 ut
1571 1494 1759 1556 Pharo
1793 1494 2059 1555 noctibus
2095 1494 2168 1555 ad
2195 1512 2409 1572 regen·

409 1580 516 1642 dos
557 1579 781 1640 navium
826 1597 1027 1640 cursus
1079 1579 1248 1657 ignes
1300 1580 1641 1648 emicarent;
1710 1580 2190 1658 pronuntiatoque
2245 1579 2413 1639 militi
2434 1588 2490 1631 1⁵

409 1664 679 1725 donativo
742 1665 1000 1724 centenis
1055 1664 1261 1723 viritim
1311 1661 1592 1740 denariis,
1642 1662 1803 1741 quasi
1859 1679 2026 1723 omne
2081 1661 2412 1741 exemplum

407 1747 771 1809 liberalitatis
810 1764 1228 1828 supergressus
1269 1744 1484 1823 Alme,
1527 1746 1739 1825 inquit,
1784 1745 1964 1824 laeti,
2024 1744 2192 1807 abite
2238 1744 2409 1807 locu-

457 1831 641 1893 letes!

324 1850 451 1982 47Ρ
542 1913 871 1976 Conversus
911 1913 1046 1974 hinc
1075 1913 1147 1974 ad
1188 1930 1381 1975 curam
1421 1914 1717 1995 triumphi,
1765 1922 2001 1995 praeter
2041 1913 2305 1993 captivos
2341 1931 2414 1975 ac

408 2000 739 2076 transfugas
782 1998 1062 2060 barbaros
1092 1997 1399 2061 Galliarum
1428 2015 1659 2098 quoque
1712 1998 2180 2076 procerissimum
2216 2016 2412 2078 qnem-
2430 2012 2490 2054 κ

413 2102 527 2162 que
582 2091 640 2141 et
694 2083 831 2161 (ut
816 2100 944 2160 ipse
971 2081 1233 2161 dicebat)
1283 2070 1923 2161 ἄξιοθριάμβευτον,
1985 2100 2054 2143 ac
2098 2080 2412 2143 nonnullos

413 2186 489 2227 ex
521 2163 877 2244 principibus
902 2164 1047 2244 legit
1079 2184 1147 2227 ac
1188 2167 1451 2247 seposuit
1490 2165 1561 2227 ad
1601 2182 1901 2246 pompam,
1950 2166 2263 2245 coegitque
2291 2183 2415 2227 non

408 2258 624 2310 tantum
683 2247 916 2310 rutilare
974 2257 1034 2309 et
1087 2251 1440 2311 summittere
1499 2267 1751 2327 comam,
1818 2249 1922 2311 sed
1977 2257 2036 2311 et
2086 2266 2416 2310 sermonem

414 2332 809 2395 Germanicum
846 2332 1146 2394 addiscere
1175 2342 1234 2394 et
1264 2334 1493 2395 nomina
1521 2333 1825 2395 barbarica
1854 2333 2031 2394 ferre.
2103 2333 2419 2414 Praecepit

416 2417 582 2477 etiam
613 2417 891 2493 triremis,
934 2417 1139 2496 quibus
1182 2418 1480 2479 introierat
1522 2416 1845 2495 Oceanum,
1886 2434 2095 2496 magna
2139 2435 2214 2478 ex
2244 2425 2495 2496 partem

411 2500 618 2560 itinere
662 2502 923 2562 terrestri
963 2502 1205 2563 Romam
1246 2501 1473 2562 devehi.
1538 2502 1784 2582 Scripsit
1826 2508 1884 2561 et
1912 2500 2414 2582 procuratoribus,

410 2583 755 2664 triumphum
812 2594 1162 2666 appararent
1210 2604 1375 2666 quam
1422 2585 1647 2645 minima
1701 2602 1947 2662 summa,
2011 2584 2117 2645 sed
2172 2593 2415 2664 quantus

414 2686 714 2748 numquam
764 2668 907 2729 alius
961 2669 1195 2747 fuisset,
1247 2668 1474 2749 quando
1526 2670 1584 2730 in
1632 2671 1878 2730 omnium
1921 2668 2208 2729 bominum
2259 2668 2415 2729 bona

412 2755 500 2814 ius
527 2752 825 2813 haberent.

329 2848 398 2905 48
541 2836 704 2898 Prius
736 2854 904 2915 quam
938 2836 1237 2916 provincia
1265 2836 1609 2915 decederet,
1647 2837 1947 2898 consilium
1976 2838 2099 2898 iniit
2127 2836 2414 2898 nefandae
2438 2856 2495 2899 so

414 2920 766 2996 atrocitatis,
811 2918 1111 2999 legiones,
1158 2939 1305 3000 quae
1350 2929 1486 3001 post
1535 2939 1840 2982 excessum
1887 2920 2135 2999 Augusti
2180 2920 2415 2982 seditio-

412 3024 542 3066 nem
587 3004 722 3065 olim
762 3013 1095 3083 moverant,
1156 3004 1616 3083 contrucidandi,
1678 3003 1834 3084 quod
1878 3013 1935 3066 et
1987 3012 2208 3083 patrem
2252 3022 2414 3065 suum

416 3089 812 3151 Germanicum
846 3088 1050 3149 ducem
1082 3097 1140 3148 et
1169 3107 1233 3149 se
1269 3088 1541 3150 infantem
1575 3097 1709 3149 tunc
1753 3087 2154 3164 obsedissent,
2200 3088 2415 3167 vixque

415 3191 447 3231 a
478 3181 590 3232 tam
633 3174 938 3252 praecipiti
974 3172 1328 3251 cogitatione
1357 3181 1693 3250 revocatus,
1756 3171 2000 3233 inhiberi
2049 3169 2207 3231 nullo
2238 3170 2413 3232 modo

416 3255 599 3332 potuit
646 3258 780 3334 quin
828 3256 1119 3318 decimare
1174 3256 1331 3317 velle
1392 3264 1819 3336 perseveraret.
1908 3257 2165 3317 Vocatas
2218 3254 2493 3334 itaquesa

417 3335 489 3397 ad
522 3338 860 3399 concionem
891 3342 1174 3417 inermes,
1216 3349 1388 3419 atque
1435 3341 1603 3401 etiam
1641 3339 1852 3418 gladiis
1892 3338 2205 3419 depositis,
2253 3337 2414 3417 equi-

416 3429 531 3481 tatu
556 3430 770 3481 armato
795 3422 1184 3484 circumdedit.
1274 3421 1394 3484 Sed
1439 3442 1564 3484 cum
1606 3423 1830 3484 videret
1871 3429 2145 3502 suspecta
2187 3438 2255 3481 re
2263 3421 2414 3501 ple-

416 3520 636 3583 rosque
679 3501 850 3565 dilabi
883 3505 955 3565 ad
989 3507 1330 3569 resumenda
1364 3507 1412 3566 si
1441 3525 1552 3587 qua
1586 3507 1673 3568 vis
1704 3507 1872 3567 fieret
1913 3522 2102 3583 arma,
2155 3504 2421 3584 profugit
