2553 3960
934 186 1145 238 DIVUS
1192 190 1578 241 AUGUSTUS.
1699 205 1702 208 ’
1979 227 1981 230 ψ
2174 182 2257 247 83

228 369 419 434 yar-e,
475 344 764 409 libertate
804 350 988 424 atque
1019 344 1299 424 fortunis
1327 362 1448 423 pet·
1486 344 1658 407 illum
1679 346 1831 426 frui.
1898 350 2025 425 Qua
2053 367 2121 410 re
2159 349 2255 411 ad·
2289 407 2292 412 .

230 435 461 497 modum
493 429 864 506 exhilaratus,
897 430 1307 508 quadragenos
1336 447 1546 490 aureos
1578 431 1879 493 comitibus
1913 434 2107 494 divisit
2140 437 2254 495 ius-

234 539 348 601 que
388 514 684 578 iurandum
712 521 772 572 et
799 514 1122 574 cautionem
1154 515 1357 591 exegit
1386 532 1419 574 a
1448 515 1724 594 singulis,
1750 534 1883 577 ‚non
1919 517 2034 578 alio
2065 516 2257 580 datam

232 618 509 667 summam
560 614 732 678 quam
784 597 842 656 in
885 599 1238 677 emptionem
1278 597 1800 661 Alexandrinarum
1839 603 2115 662 mercium
2158 602 2255 663 ab·

183 712 209 753 s
234 696 585 768 sumpturos.
655 680 777 743 Sed
817 689 878 741 et
920 690 1161 743 ceteros
1203 684 1509 743 continuos
1537 684 1663 745 dies
1693 686 1845 746 inter
1873 687 2033 747 varia
2059 704 2255 747 munu-

232 774 399 835 scula
447 780 621 847 togas
660 767 900 845 insuper
944 784 1015 827 ac
1062 766 1258 845 pallea
1301 765 1617 847 distribuit,
1670 769 1808 848 lege
1844 772 2157 850 ,proposita
2196 780 2259 831 ut

229 857 477 920 Romani
522 851 786 929 Graeco,
830 848 1041 913 Graeci
1069 852 1335 913 Romano
1379 851 1575 913 habitu
1620 862 1680 913 et
1725 872 1995 915 sermone
2025 864 2255 915 uteren-

229 952 345 1003 tur.
418 936 725 1019 Spectavit
759 934 990 996 assidue
1031 944 1383 995 exercentes
1423 936 1719 1017 ephebos,
1778 957 2020 1018 quorum
2064 938 2257 1019 aliqua

234 1026 421 1088 adhuc
445 1022 622 1102 copia
642 1039 719 1081 ex
739 1029 946 1084 vetere
968 1020 1226 1081 instituto
1253 1018 1499 1101 Capreis
1523 1030 1677 1093 erat;
1708 1022 1894 1084 isdem
1916 1025 2089 1085 etiam
2113 1042 2253 1103 epu-

158 1111 349 1172 :olum
385 1110 444 1169 in
486 1114 813 1185 conspectu
855 1122 960 1165 suo
1008 1103 1309 1183 praebuit,
1347 1108 1657 1185 permissa,
1703 1108 1876 1169 immo
1919 1116 2129 1169 exacta
2168 1108 2253 1168 io·

232 1193 404 1257 candi
427 1192 664 1253 licentia
688 1188 1113 1269 diripiendique
1137 1206 1441 1269 pomorum
1464 1200 1523 1251 et
1546 1191 1919 1253 obsoniorum
1939 1209 2253 1272 rerumque

227 1281 263 1317 ¹*
282 1277 543 1340 missilia.
603 1273 778 1335 Nullo
812 1273 1059 1353 denique
1090 1291 1315 1351 genere
1346 1274 1653 1337 hilaritatis
1683 1276 1975 1338 abstinuit.

353 1362 622 1424 Vicinam
649 1356 895 1437 Capreis
929 1357 1174 1419 insulam
1205 1359 1639 1439 Apragopolim
1670 1362 2044 1442 appellabat,
2087 1380 2121 1423 a
2153 1361 2251 1421 de-

228 1448 375 1510 sidia
405 1444 798 1507 secedentium
827 1442 967 1503 illuc
997 1461 1031 1503 e
1063 1444 1335 1503 comitatu
1367 1462 1495 1504 suo.
1554 1445 1673 1510 Sed
1705 1465 1782 1506 ex
1804 1446 2036 1507 dilectis
2057 1463 2251 1522 uuum,

153 1551 208 1593 15
229 1530 553 1610 Masgaban
581 1528 845 1605 nomine,
880 1527 1046 1606 quasi
1078 1527 1441 1589 conditorem
1472 1528 1693 1592 insulae
1727 1518 2004 1611 κτιστὴν
2033 1546 2252 1591 vocare

230 1623 562 1679 consuerat.
635 1612 815 1672 Huius
856 1611 1176 1689 Masgabae
1227 1621 1361 1673 ante
1409 1630 1615 1674 annum
1672 1613 1929 1674 defuncti
1978 1613 2252 1674 tumulum

230 1718 359 1762 cum
406 1719 440 1760 e
481 1696 732 1759 triclinio
777 1696 1282 1757 animadvertisset
1311 1714 1523 1774 magna
1553 1697 1722 1759 turba
1749 1697 2059 1778 multisque
2088 1698 2250 1759 lumi-

228 1783 400 1845 nibus
441 1781 814 1862 frequentari,
841 1798 1074 1842 versum
1103 1781 1487 1859 compositum
1518 1800 1595 1843 ex
1629 1790 1893 1862 tempore
1924 1782 2085 1845 clare
2115 1799 2249 1863 pro-

231 1868 542 1930 nuntiavit:

134 1942 212 2010 ’πο
589 1949 848 2012 Κτιστοῢ
879 1944 945 2009 δὲ
968 1941 1200 2030 τύμβον
1227 1948 1441 2031 εἰσορῶ
1468 1944 1850 2031 πυρούμενον
1866 1973 1881 1988 ·

231 2053 668 2115 conversusque
708 2034 789 2096 ad
830 2033 1175 2110 Thrasylum
1223 2033 1421 2096 Tiberi
1477 2036 1779 2115 comitem,
1832 2045 2036 2098 contra
2076 2055 2246 2098 accu-

228 2120 460 2183 bantem
488 2127 547 2180 et
575 2121 839 2196 ignarum
864 2118 984 2195 rei,
1026 2120 1414 2198 interrogavit
1445 2122 1737 2182 cuiusnam
1768 2131 1982 2200 poetae
2017 2129 2251 2202 putaret

230 2223 392 2276 esse;
426 2221 542 2284 quo
573 2203 925 2279 haesitante,
958 2201 1208 2264 subiecit
1235 2202 1440 2265 alium:

635 2277 815 2370 Ὁρᾷς
845 2279 1056 2363 φᾶεσσι
1092 2282 1442 2367 Μασγᾶβαν
1471 2282 1833 2368 τιμώμενονς

150 2392 208 2434 25
229 2392 304 2437 ac
349 2374 422 2434 de
462 2371 578 2432 hoc
619 2389 851 2451 quoque
895 2370 1200 2432 consuluit.
1260 2371 1402 2433 Cum
1433 2372 1535 2433 ille
1567 2374 1706 2434 nihil
1736 2372 1895 2436 aliud
1920 2372 2242 2453 responde-

228 2467 324 2519 ret
363 2474 552 2537 quam,
587 2456 990 2534 cuiuscumque
1023 2464 1223 2516 essent
1254 2459 1507 2536 optimos
1535 2475 1704 2536 esse,
1750 2457 2088 2519 cachinnum
2119 2475 2243 2518 sus-

226 2542 355 2604 tulit
408 2549 578 2620 atque
630 2541 688 2599 in
738 2542 907 2601 iocos
973 2539 1190 2600 effusus
1246 2548 1355 2600 est.
1430 2540 1571 2601 Mox
1625 2540 1936 2620 Neapolim
1991 2543 2241 2618 traiecit,

226 2643 552 2708 quanquam
579 2625 753 2685 etiam
790 2633 907 2684 tum
928 2625 1165 2684 infirmis
1189 2625 1476 2686 intestinis
1500 2624 1706 2685 morbo
1731 2625 2021 2693 variante;
2053 2633 2244 2684 tamen

224 2720 287 2772 et
339 2709 766 2790 quinquennale
813 2717 1108 2769 certamen
1150 2711 1478 2787 gymnicum
1521 2707 1734 2770 honori
1784 2726 1889 2770 suo
1931 2709 2244 2769 institutum

150 2814 204 2856 so
224 2793 634 2875 perspectavit
675 2800 735 2852 et
772 2810 900 2853 cum
928 2792 1164 2854 Tiberio
1211 2794 1283 2854 ad
1318 2793 1663 2855 destinatum
1702 2794 1894 2855 locum
1926 2792 2241 2854 contendit.

221 2878 344 2940 Sed
385 2880 445 2938 in
484 2876 786 2939 redeundo
822 2875 1138 2955 adgravata
1170 2877 1522 2957 valitudine,
1564 2879 1796 2942 tandem
1817 2877 2008 2939 Nolae
2039 2895 2241 2937 succu-

219 2962 345 3024 buit
381 2970 837 3041 revocatumque
875 2981 951 3022 ex
989 2962 1194 3022 itinere
1222 2961 1517 3024 Tiberium
1556 2964 1652 3024 diu
1692 2972 1929 3025 secreto
1973 2978 2241 3022 sermone

222 3046 489 3123 detinuit,
517 3064 712 3125 neque
742 3055 879 3127 post
907 3046 1010 3106 ulli
1039 3048 1242 3107 maiori
1271 3050 1513 3125 negotio
1544 3049 1790 3109 animum
1819 3044 2240 3108 accomodavit.

353 3131 642 3210 Supremo
678 3129 772 3191 die
800 3129 1113 3192 identidem
1148 3133 1496 3210 exquirens,
1528 3151 1600 3193 an
1627 3133 1739 3203 iam
1771 3130 1845 3193 de
1877 3150 1942 3192 se
1971 3130 2241 3192 tumultus
2257 3149 2326 3205 99

152 3215 370 3277 essoris
418 3223 613 3292 esset,
655 3216 838 3294 petito
885 3216 1165 3295 speculo,
1210 3215 1481 3296 capillum
1522 3216 1630 3277 sibi
1662 3217 1813 3277 comi
1847 3235 1916 3277 ac
1949 3216 2131 3277 malas
2161 3215 2240 3275 la·

219 3298 431 3360 bantes
470 3300 690 3376 corrigi
742 3303 1077 3380 praecepit,
1131 3310 1190 3362 et
1235 3300 1520 3363 admissos
1567 3303 1787 3362 amicos
1842 3308 2240 3380 percontatus,

220 3383 447 3462 ecquid
491 3383 575 3444 iis
623 3381 940 3445 videretur
979 3385 1225 3448 minium
1263 3385 1435 3448 vitae
1477 3385 1791 3449 commode
1831 3382 2237 3462 transmisse,

220 3466 437 3530 adiecit
468 3476 528 3528 et
554 3466 899 3530 clausulam:

1744 3554 1827 3613 6*
