2553 3960
987 236 1200 285 mvus
1239 235 1611 286 cLAUmUS.
2187 223 2308 287 149

296 400 383 454 sic
412 391 640 473 quidem
676 394 980 472 quicquam
1012 391 1308 469 dignitatis
1348 392 1709 471 assequi‘aut
1752 409 1918 471 spem
1950 390 2022 451 de
2051 409 2117 452 se
2154 408 2307 452 com-

294 475 614 537 modiorem
644 478 703 536 in
734 485 1030 556 posterum
1064 475 1264 536 facere
1297 476 1504 556 potuit.

423 561 608 621 Mater
637 559 889 621 Antonia
923 565 1274 638 portentum
1320 576 1455 631 eum
1503 557 1769 619 hominis
1805 558 2135 637 dictitabat,
2196 578 2311 621 nec

295 642 648 706 absolutum
679 662 721 705 a
749 651 1016 722 natura,
1071 643 1187 704 sed
1225 649 1461 704 tantum
1496 642 1899 714 inchoatum;
1959 660 2030 704 ac
2059 644 2108 702 si
2140 660 2309 722 quem

244 752 273 793 s
294 728 602 789 socordiae
652 737 956 806 argueret,
1024 727 1368 788 stultiorem
1419 725 1611 787 aiebat
1654 726 1787 804 filio
1851 743 1965 789 suo
2018 725 2306 789 Claudio.

292 812 443 873 Avia
477 805 741 889 Augusta
791 827 899 891 pro
933 811 1381 889 despectissimo
1418 829 1653 889 semper
1695 809 1928 888 hahuit,
1986 827 2104 870 non
2147 811 2311 873 affari

292 897 403 955 nisi
431 896 754 973 rarissime,
818 912 936 955 non
964 912 1201 955 monere
1242 896 1351 954 nisi
1387 894 1607 956 acerbo
1640 903 1697 954 et
1731 894 1898 954 brevi
1943 896 2167 973 scripto
2216 903 2311 955 aut

293 998 403 1059 per
436 980 817 1050 internuntios
858 978 1046 1040 solita.
1136 979 1323 1040 Soror
1355 979 1560 1040 Livilla
1585 997 1711 1038 cum
1752 977 2008 1039 audisset
2051 979 2307 1058 quando-

336 1081 407 1123 ue
469 1064 912 1143 imperaturum,
971 1073 1082 1124 tam
1135 1064 1389 1143 iniquam
1450 1072 1507 1123 et
1568 1072 1683 1123 tam
1738 1060 2027 1140 indignam
2091 1073 2310 1124 sortem

214 1173 272 1215 10
292 1081 356 1207 g.
385 1146 455 1207 R.
489 1146 679 1226 palam
725 1156 783 1207 et
831 1146 990 1208 clare
1040 1147 1327 1208 detestata
1372 1144 1480 1207 est.
1566 1145 1714 1207 Nam
1760 1147 2078 1207 avunculus
2123 1147 2311 1208 maior

289 1230 589 1308 Augustus
632 1231 768 1311 quid
812 1230 885 1291 de
928 1248 1001 1291 eo
1040 1231 1098 1290 in
1138 1240 1437 1310 utramque
1482 1238 1704 1310 partem
1738 1232 2006 1309 opinatus
2037 1232 2141 1310 sit,
2191 1248 2307 1310 quo

292 1316 507 1374 certius
545 1325 971 1393 cognoscatur,
1032 1316 1223 1393 capita
1259 1334 1336 1375 ex
1366 1315 1549 1393 ipsius
1584 1314 1849 1393 epistulis
1883 1318 2072 1394 posui.

421 1395 774 1461 Collocutus
805 1417 940 1460 sum
971 1418 1110 1460 cum
1144 1398 1425 1475 Tiberio,
1469 1404 1537 1460 ut
1579 1398 1900 1459 mandasti
1928 1417 2068 1460 mea
2096 1397 2303 1476 Livia,
2337 1404 2371 1458 4

292 1481 444 1561 quid
480 1484 691 1562 nepoti
737 1489 838 1545 tuo
878 1482 1123 1546 Tiberio
1163 1482 1522 1562 faciendum
1574 1490 1737 1543 esset
1776 1483 1942 1543 ludis
1992 1483 2305 1544 Martiali·

217 1591 271 1631 15
296 1565 430 1627 bus.
523 1566 840 1636 Gon-sentit
868 1574 1086 1629 autem
1097 1576 1370 1666 uterque·
1383 1572 1691 1645 nostrum,
1746 1567 1936 1627 semel
1960 1566 2145 1628 nobis
2176 1584 2311 1628 esse

292 1650 715 1726 statuendum,
779 1650 947 1730 quod
989 1653 1309 1713 consilium
1344 1651 1410 1713 in
1448 1650 1557 1713 illo
1601 1667 1953 1731 sequamur.
2042 1650 2206 1713 Nam
2253 1651 2314 1711 si

293 1740 387 1794 est
418 1733 620 1793 artius
651 1729 749 1816 (ut
779 1733 871 1793 ita
904 1731 1140 1817 dicam)
1178 1735 1560 1813 holocleros,
1621 1735 1772 1815 quid
1805 1742 1895 1795 est
1940 1735 2108 1815 quod
2135 1734 2309 1795 dubi-

295 1824 523 1892 temus,
583 1817 731 1898 quin
758 1835 874 1894 per
904 1817 1147 1879 eosdem
1179 1821 1481 1882 articulos
1513 1827 1573 1881 et
1596 1819 1840 1901 yradus
1863 1819 2311 1898 producendus

293 1900 406 1976 sit,
467 1917 589 1977 per
642 1917 797 1979 quos
856 1900 1066 1980 frater
1122 1904 1255 1965 eius
1309 1905 1658 2007 productus
1713 1905 1844 1965 sit?
1930 1902 2046 1965 Sin
2106 1909 2309 1965 autem

212 2016 273 2057 20
292 1944 752 2087 ἡλοιττῶσθαι
753 1987 1047 2048 sentimus
1083 2007 1217 2049 eum
1249 1996 1308 2051 et
1331 1982 1720 2090 βεβλάφθαι
1756 1982 1867 2051 καὶ
1913 1987 2005 2060 εἰς
2037 1975 2159 2068 τὴν
2185 1986 2310 2050 τοῦ

293 2060 600 2149 σώματος
646 2062 757 2131 καὶ
782 2062 874 2143 εἰς
922 2060 1045 2152 τὴν
1093 2069 1207 2153 τῆς
1249 2074 1464 2153 ψυχῆς
1502 2064 1888 2155 ἀρτιότητα,
1936 2072 2309 2170 praebenda

289 2152 558 2214 materia
588 2153 916 2217 deridendi
953 2163 1012 2217 et
1042 2156 1215 2218 illum
1260 2163 1323 2218 et
1366 2175 1483 2222 nos
1527 2177 1653 2220 non
1691 2164 1786 2219 est
1826 2157 2177 2220 hominibus
2226 2147 2308 2217 τὰ

291 2233 565 2299 τοιαῦτα
597 2230 931 2301 σκωπτειν
963 2233 1074 2302 καὶ
1102 2239 1527 2321 μυκτηρίζειν
1567 2234 1907 2304 εἰωθόσιν.
1962 2241 2126 2306 Nam
2147 2260 2302 2303 sem-

285 2340 405 2400 per
437 2322 859 2384 aestuabimus
875 2369 893 2401 ,
952 2325 1012 2384 si
1043 2324 1118 2384 de
1158 2324 1421 2405 sinqulis
1465 2326 1749 2388 articulis
1790 2332 2126 2405 temporum
2144 2327 2304 2390 deli-

213 2430 269 2471 25
293 2404 682 2484 berabimus,
727 2396 816 2487 μὴ
848 2404 1433 2490 προῦποκειμένου
1465 2399 1625 2490 ἡμῖν
1653 2427 1891 2491 posse
1930 2410 2307 2473 arbitremur

292 2508 427 2550 eum
451 2507 673 2569 perere
701 2490 999 2569 honores,
1057 2511 1265 2554 necne.
1356 2491 1434 2554 In
1460 2493 1823 2573 praesentia
1855 2503 2054 2555 tamen
2084 2495 2306 2578 quibus

292 2572 369 2634 de
394 2573 585 2635 rebus
629 2575 903 2636 consulis
920 2621 937 2653 ,
1004 2595 1234 2640 curare
1274 2595 1410 2639 eum
1452 2578 1621 2640 ludis
1664 2576 2068 2639 Martialibus
2105 2578 2301 2640 tricli-

290 2658 457 2719 nium
491 2659 888 2721 sacerdotum
927 2677 1053 2721 non
1082 2661 1371 2740 displicet
1406 2661 1620 2738 nobis,
1672 2662 1733 2722 si
1760 2667 1854 2722 est
1883 2679 2199 2740 passurus
2237 2680 2307 2722 se

294 2740 378 2802 ab
435 2740 643 2803 Silani
696 2743 829 2821 lilio
890 2743 1131 2806 homine
1186 2745 1313 2806 sibi
1370 2745 1551 2825 affini
1607 2746 1962 2822 admoneri,
2019 2764 2097 2807 ne
2158 2746 2309 2825 quid

213 2848 270 2892 so
293 2825 503 2905 faciat
547 2827 714 2907 quod
761 2826 1043 2906 conspici
1088 2835 1150 2889 et
1197 2829 1474 2892 derideri
1513 2831 1734 2911 possit.
1823 2829 2127 2909 Spectare
2172 2848 2307 2891 eum

293 2909 605 2973 circenses
633 2929 712 2972 ecc
728 2910 1088 3010 pulvinari,
1144 2931 1268 2974 non
1288 2914 1502 2993 placet
1528 2914 1750 2986 nobis;
1796 2916 2118 2994 expositus
2147 2915 2307 2976 enim

290 2995 357 3056 in
380 2993 596 3073 fronte
631 2997 845 3095 prima
877 2997 1406 3076 spectaculorum,
1464 2999 1896 3078 conspicietur.
1985 2997 2064 3061 In
2105 2996 2299 3061 Alba-

289 3097 434 3140 num
463 3085 724 3142 montem
754 3079 850 3140 ire
878 3099 1043 3159 eum,
1103 3100 1228 3143 non
1250 3083 1463 3160 placet
1486 3082 1705 3160 nobis,
1765 3087 1877 3143 aut
1905 3101 2040 3144 esse
2068 3084 2306 3147 Romae

291 3160 662 3225 Latinarum
712 3164 947 3226 diebus.
1042 3163 1172 3226 Cur
1220 3167 1378 3228 enim
1427 3186 1552 3229 non
1593 3165 1965 3245 praeficitur
2016 3168 2190 3246 urbi,
2247 3169 2308 3229 si

216 3271 272 3315 ω
288 3253 497 3327 potest
541 3248 721 3329 sequi
763 3247 1032 3327 fratrem
1071 3267 1249 3311 suum
1297 3251 1364 3313 in
1401 3253 1701 3313 montem?
1768 3247 1832 3310 H
1832 3250 1986 3312 abes
2024 3259 2299 3329 nostras,

290 3350 430 3393 mea
479 3330 693 3410 Livia,
740 3334 1108 3411 sententias,
1168 3334 1391 3414 quibus
1430 3335 1646 3414 placet
1693 3334 1880 3396 semel
1934 3335 2011 3396 de
2057 3341 2186 3396 tota
2232 3353 2305 3393 re

295 3414 537 3496 aliquid
569 3417 891 3495 constitui,
955 3437 1032 3479 ne
1061 3436 1305 3497 semper
1335 3419 1494 3481 inter
1524 3438 1693 3498 spem
1723 3425 1783 3479 et
1805 3427 2023 3481 metum
2046 3415 2299 3496 fluctue-

292 3516 450 3560 mur.
541 3499 784 3563 Licebit
814 3507 1046 3580 autm,
1105 3504 1167 3563 si
1186 3503 1391 3582 coles,
1444 3500 1754 3567 Antoniae
1787 3520 2023 3584 quoque
2049 3506 2305 3562 nostrae
