2553 3960
887 290 1306 339 PRAEFATIO.
1793 292 1991 340 LXVII

180 467 334 522 supra
377 452 413 505 Γ
456 464 555 506 res
601 451 815 522 coqnita
853 454 935 505 est
976 445 1260 525 habet52).
1357 449 1612 524 Apparet
1675 456 1810 522 puto
1864 451 1985 507 eius

180 535 315 590 modi
363 534 678 591 varietates
717 533 774 589 in
817 532 945 605 ipso
994 535 1304 607 archetypo
1351 552 1383 591 a
1425 533 1676 591 librariis
1725 549 1855 590 esse
1897 534 1986 591 in-

180 624 379 674 ventas.

291 702 582 759 Postremo
616 700 771 757 vitiis
803 716 1025 772 quoque
1069 707 1125 757 et
1165 701 1383 760 lacunis
1411 701 1807 759 llenoehianus
1839 702 1985 759 liber
2034 710 2282 758 Αᾱιιοιιϋο

181 793 459 860 corruptus
501 785 611 841 fuit
658 800 766 840 non
798 785 1014 855 paucis.
1102 784 1192 840 Ad
1222 802 1364 858 quae
1395 786 1647 843 tollenda
1694 787 1986 843 doctorum
2071 762 2239 806 “¹⁰⁰“

180 870 438 931 hominum
479 868 749 925 iudicium
791 873 848 922 et
889 868 1162 925 divinatio
1208 869 1343 941 quid
1386 871 1657 941 valuerit,
1704 872 1846 927 haec
1889 870 1988 927 ad-

180 954 374 1010 notatio
402 953 662 1010 docebit:

284 1043 405 1110 257,
435 1045 470 1099 6
491 1038 593 1110 qui
617 1036 784 1092 iidem
813 1036 1130 1109 Stephanus
1162 1053 1267 1110 pro
1297 1037 1518 1109 quidem
1555 1030 1566 1116 Ι
1603 1043 1637 1099 7
1669 1040 1988 1096 adnotatum

178 1119 302 1176 Gud.
335 1129 391 1177 et
419 1121 735 1179 Beroaldus
764 1137 871 1193 pro
901 1120 981 1174 acl
1009 1125 1196 1175 notum
1220 1121 1313 1176 vel
1342 1126 1403 1176 a!
1429 1127 1614 1178 notum
1651 1116 1659 1200 Ι
1698 1129 1733 1183 8
1765 1124 1984 1180 Graeca

175 1206 500 1276 Bongarsius
540 1197 551 1282 Ι
590 1211 655 1262 21
692 1209 876 1258 tamen
907 1210 1037 1259 sunt
1065 1206 1260 1260 imitati
1289 1205 1475 1262 Berol.
1509 1208 1580 1262 ed
1593 1208 1733 1266 Ven.
1763 1209 1984 1263 imitatis

178 1289 380 1357 quidam
416 1289 568 1362 apud
580 1289 868 1358 Wolfium,
900 1287 978 1343 Th
991 1288 1292 1344 Mommsen
1328 1281 1341 1365 Ι
1377 1296 1448 1350 28
1473 1290 1537 1345 L.
1561 1291 1747 1347 Aelius
1774 1292 1988 1363 Egger,

178 1373 267 1427 sed
297 1374 394 1429 cfr.
415 1373 707 1430 Charisius
736 1390 795 1445 p.
820 1378 924 1431 114
957 1372 1014 1426 P.
1052 1363 1065 1447 Ι
1102 1379 1172 1432 28
1197 1373 1519 1446 Vectiusque
1542 1376 1634 1432 Iac
1647 1376 1987 1446 Gronovius,

187 1454 480 1530 Vettiusque
504 1456 940 1529 Oudendorpius
963 1471 1069 1529 pro
1107 1456 1324 1513 Vectius
1346 1457 1411 1526 Q.

287 1548 407 1613 258,
428 1548 464 1600 4
481 1555 765 1614 yenerque
788 1539 939 1595 Leid.
972 1546 1030 1595 et
1051 1538 1248 1596 Carrio
1279 1558 1383 1614 pro
1410 1557 1583 1614 ρεπεν·
1605 1541 1672 1609 Q.
1711 1535 1721 1619 Ι
1760 1541 1984 1603 6Prae·

179 1627 386 1681 coninus
418 1626 732 1684 Beroaldus
775 1640 880 1697 pro
915 1623 1289 1690 Praeconius‚
1334 1626 1436 1680 cfr.
1476 1626 1684 1681 Plinius
1719 1643 1771 1680 n.
1819 1626 1874 1680 h.
1918 1631 1987 1685 33

177 1704 215 1779 ὃ
245 1714 325 1770 29.
368 1715 436 1771 37
471 1708 518 1783 §
549 1715 600 1770 9.
660 1708 869 1765 Caesar
898 1708 955 1766 b.
996 1708 1058 1763 G.
1090 1715 1144 1779 3,
1174 1715 1244 1766 20
1282 1700 1293 1786 Ι
1330 1713 1361 1769 7
1387 1707 1520 1765 Stilo
1551 1709 1736 1765 Berol.
1771 1714 1829 1764 et
1857 1707 1986 1764 Ste-

179 1793 372 1862 phanus
401 1811 509 1866 pro
542 1792 696 1849 Istilo
733 1787 746 1869 Ι
781 1799 817 1853 8
852 1797 1036 1848 tantus
1068 1793 1258 1848 Berol.
1296 1792 1365 1848 ed
1379 1792 1518 1848 Ven.
1549 1809 1662 1848 mss
1680 1791 1844 1849 Statii
1878 1807 1982 1864 pro

179 1882 364 1933 cantum
401 1871 411 1957 Ι
448 1885 487 1938 8
528 1878 864 1949 optimatium
900 1875 1053 1932 Leid.
1084 1892 1192 1948 pro
1221 1878 1554 1947 optimatum,
1592 1876 1693 1931 cfr.
1727 1894 1783 1949 p.
1808 1883 1863 1946 3,
1890 1880 1978 1936 25.

180 1965 226 2031 6,
252 1967 331 2022 37.
373 1966 429 2036 7,
463 1969 555 2024 38.
600 1967 691 2033 42,
720 1965 790 2019 22
826 1954 837 2040 Ι
876 1968 912 2022 3
937 1959 1214 2016 Metellum
1243 1976 1375 2033 ego,
1411 1958 1477 2028 Q.
1500 1960 1776 2017 Metellum
1805 1959 1982 2017 Aldus

179 2061 270 2114 pro
306 2046 385 2103 M.
416 2047 697 2103 Metellum
734 2037 744 2123 Ι
797 2052 866 2105 13
903 2051 1268 2117 praemortua
1314 2045 1629 2117 Stephanus
1665 2062 1772 2117 pro
1805 2060 1983 2117 prae-

179 2133 360 2185 mortui
389 2123 407 2211 Ι
441 2137 512 2190 14
543 2129 786 2187 Posthac
816 2129 1117 2186 Gudianus.
1170 2128 1308 2184 Post
1332 2129 1500 2199 haec,
1529 2129 1664 2185 Post
1688 2129 1820 2196 hoc,
1850 2129 1988 2186 Post

180 2212 266 2268 hos
292 2215 496 2287 reliqui
537 2208 550 2292 Ι
586 2220 655 2273 14
683 2229 784 2268 ars
814 2213 1159 2284 Bongarsius
1196 2206 1206 2290 Ι
1247 2220 1316 2273 19
1337 2213 1572 2270 Laevius
1601 2213 1739 2270 Gud.
1784 2213 1986 2270 Levius

178 2298 344 2353 Berol.
397 2299 689 2368 Laeneus‚
718 2297 960 2363 LeneuS,
998 2296 1255 2352 Lenaeus
1287 2297 1510 2369 reliqui.
1577 2298 1781 2355 Cilnius
1809 2296 1982 2354 Grae-

185 2380 318 2454 vius,
347 2382 651 2439 Maecenas
682 2381 869 2438 Osann
917 2372 929 2458 Ι
976 2385 1047 2438 20
1077 2396 1308 2453 aqasma
1345 2376 1755 2457 (AFAOMA)
1786 2383 1981 2438 Baum-

182 2467 623 2532 garten-Crusius
661 2481 766 2538 pro
799 2480 1084 2536 ayacema.
1139 2452 1341 2540 ἄγημα
1369 2465 1584 2536 Aldus,
1622 2452 1859 2539 ἄγαλμα
1889 2466 1981 2521 Iac

185 2546 512 2621 Gronovius,
556 2536 843 2624 ἀγάπημα
872 2548 1117 2620 Toupius
1172 2540 1182 2629 Ι
1232 2555 1300 2607 21
1341 2567 1385 2604 a·
1408 2549 1635 2605 Calvisio
1672 2547 1875 2604 Sabino
1900 2550 1980 2604 Th

183 2629 479 2704 Mommsen,
510 2635 610 2690 cfr.
635 2632 848 2689 Seneca
880 2632 1046 2704 epist.
1075 2638 1166 2702 27,
1187 2639 1345 2692 5—8.
1389 2633 1460 2687 ab
1488 2631 1623 2687 Titio
1654 2632 1979 2700 BeroalduS,

185 2715 242 2768 ab
276 2717 339 2776 L.
376 2718 566 2775 Sextio
609 2717 1041 2789 Oudendorpius
1091 2710 1104 2793 Ι
1150 2721 1222 2776 23
1256 2718 1586 2771 conductum
1623 2718 1822 2770 multos
1852 2714 1981 2769 edo-

185 2800 342 2857 cuisse
381 2803 573 2859 Berol.
606 2804 676 2858 ed
707 2802 846 2857 Ven.
915 2800 1241 2856 conductum
1288 2806 1349 2854 ut
1392 2798 1531 2856 Gud.
1592 2797 1975 2856 Casaubonus.

183 2883 428 2943 Lacunam
461 2886 538 2943 ita
568 2887 691 2942 fere
714 2891 789 2941 tot
813 2887 1015 2940 annuis
1042 2883 1107 2941 L.
1132 2884 1327 2939 Titium
1356 2893 1408 2940 et
1433 2884 1648 2939 Romae
1681 2886 1815 2940 etin
1837 2899 1979 2955 pro-

186 2970 350 3026 vinciis
376 2972 572 3026 multos
600 2970 883 3026 edocuisse
916 2969 1110 3041 explet
1131 2969 1210 3023 Th
1227 2969 1527 3026 Mommsen
1576 2959 1589 3047 Ι
1635 2974 1706 3029 26
1734 2968 1978 3023 Pescen·

184 3053 294 3107 nius
315 3054 515 3113 Osann.
563 3055 900 3110 Fescennius
919 3053 1075 3110 Leid.
1122 3051 1451 3109 Sescennius
1482 3052 1621 3107 Gud.
1662 3044 1672 3130 Ι
1711 3059 1776 3112 31
1809 3051 1979 3107 libello

186 3138 396 3204 quodam
418 3139 759 3210 Bongarsius
798 3130 810 3217 Ι
846 3141 914 3198 37
949 3136 1141 3191 Ticida
1172 3138 1326 3194 Leid.
1352 3144 1409 3193 et
1431 3135 1727 3208 Gyraldus.
1761 3135 1976 3209 Ti9ida,

186 3217 391 3291 Raida,
429 3222 617 3294 Siqida
653 3223 877 3294 reliqui.

275 3367 358 3431 52)
395 3368 542 3420 Adde
576 3385 630 3435 p.
670 3331 799 3431 259',
848 3368 882 3420 e
919 3370 1062 3420 tituto
1096 3376 1145 3419 et
1179 3371 1373 3430 titulos,
1429 3383 1480 3433 p.
1521 3366 1651 3430 260,
1690 3365 1757 3417 23
1790 3374 1846 3419 ue
1886 3366 1980 3417 hoc

190 3440 230 3481 et
256 3445 305 3485 ut
330 3439 422 3500 hic,
459 3454 513 3504 p.
551 3437 671 3499 264,
699 3439 765 3488 27
801 3440 983 3488 claruit
1015 3445 1065 3488 et
1097 3440 1350 3497 inclaruit,
1384 3435 1453 3487 37
1484 3438 1676 3499 parieti
1711 3443 1760 3486 et
1792 3437 1977 3498 perite,

192 3505 460 3629 ἳέἓὸἑὶῗ
478 3508 700 3559 Latinos
736 3515 784 3558 et
812 3509 996 3559 Latine
1033 3504 1108 3567 -J-
1145 3523 1199 3572 p.
1228 3505 1350 3567 269,
1389 3503 1456 3555 35
1492 3504 1742 3569 synthesis
1771 3509 1823 3552 et
1854 3517 1977 3563 syn-

1633 3635 1710 3692 e*
