2553 3960
340 235 462 300 122
524 247 583 296 c,
613 246 913 296 sunrom
945 245 1202 306 Tamo.
1232 246 1329 294 DE
1357 245 1524 294 vrn
1557 243 1926 293 casuum
1961 242 2100 289 Lm.
2125 242 2257 291 1111.

337 413 503 466 natus
548 401 891 464 Germanico
939 401 1089 463 lilius
1133 401 1329 463 Tiburi
1368 401 1588 478 fuerat,
1642 399 1973 479 appellatus
2016 397 2237 477 etipse
2273 396 2340 459 G.

341 487 612 558 Caesam
634 485 707 547 de
750 486 910 547 cuius
945 486 1172 547 amabili
1220 486 1465 565 pueritia
1507 485 1921 564 immaturoque
1959 482 2124 566 ,obitu
2166 500 2344 561 supra

336 573 599 634 diximus.
664 570 904 631 Plinium
936 572 1128 648 arguit
1165 571 1314 630 ratio
1354 578 1700 648 temporum.
1762 566 1910 627 Nam
1951 568 2046 646 qui
2089 584 2187 626 res
2218 565 2337 630 Au-

338 658 492 736 gusti
529 656 842 715 memoriae
883 654 1233 731 mandarunt,
1279 653 1675 714 Germanicum
1708 659 1919 712 exacto
1952 649 2254 710 consulatu
2282 650 2342 709 in

339 740 587 804 Galliam
608 741 839 799 missum
873 739 1252 815 consentiunt,
1276 739 1386 797 iam
1414 746 1550 797 nato
1580 736 1741 797 Gaio.
1773 735 1902 795 Nec
1936 734 2082 798 Plini
2116 734 2339 812 opinio·
2360 752 2389 792 5

339 843 470 885 nem
499 824 801 902 inscriptio
835 840 969 882 arae
1006 825 1312 902 quicquam
1343 819 1655 897 adiuverit,
1727 837 1853 879 cum
1886 818 2215 898 Agrippina
2248 817 2342 878 bis

340 910 398 969 in
440 926 511 969 ea
549 907 798 984 regione
842 906 988 966 filias
1035 906 1206 966 enixa
1248 907 1358 982 sit,
1408 913 1467 964 et
1512 904 1946 985 qualiscumque
1982 911 2182 983 partus
2212 903 2341 962 sine

339 991 461 1053 ullo
491 1009 668 1051 sexus
691 989 1017 1050 discrimine
1040 991 1409 1070 puerperium
1439 999 1705 1065 vocetur,
1739 987 1896 1067 quod
1926 988 2139 1066 antiqui
2168 989 2341 1047 etiam

342 1075 567 1156 puellas
598 1091 831 1153 pucras,
863 1074 1011 1134 sicut
1041 1083 1097 1133 et
1135 1091 1354 1153 pueros
1385 1072 1615 1152 puellos
1645 1072 1987 1133 dictitarent.
2060 1070 2235 1131 Extat
2280 1077 2343 1130 et

341 1158 590 1235 Augusti
627 1158 893 1235 epistula,
923 1166 1055 1217 ante
1083 1174 1308 1238 paucos
1340 1174 1507 1235 quam
1536 1156 1726 1217 obiret
1756 1173 1989 1215 menses
2022 1154 2094 1215 ad
2120 1155 2341 1232 Agrip·
2367 1170 2422 1212 ιο

343 1242 534 1321 pinam
561 1248 796 1319 neptem
823 1242 902 1301 ita
929 1241 1148 1320 scripta
1179 1242 1250 1301 de
1285 1239 1427 1302 Gaio
1459 1241 1576 1301 hoc
1607 1242 1831 1322 (neque
1861 1240 2010 1299 enim
2041 1240 2345 1319 quisquam

340 1328 453 1386 iam
489 1324 635 1384 alius
665 1325 853 1385 infans
872 1325 1100 1385 nomine
1131 1326 1256 1404 pari
1282 1334 1417 1386 tunc
1441 1323 1806 1404 supererat:)
1833 1321 2097 1384 Puerum
2118 1322 2347 1383 Gaium

342 1406 476 1471 XV.
513 1406 615 1469 Kl.
653 1405 790 1469 Iun.
823 1408 883 1469 si
930 1409 1026 1469 dii
1058 1408 1264 1470 volent
1300 1416 1372 1470 ut
1411 1408 1705 1470 ducerent
1752 1405 2047 1467 Talarius
2085 1414 2144 1467 et
2170 1403 2341 1467 Asil-

341 1493 495 1569 lius,
533 1491 670 1553 heri
705 1511 840 1553 cum
882 1492 964 1553 iis
1004 1491 1311 1554 constitui.
1399 1491 1577 1554 Mitto
1606 1498 1945 1571 praeterea
1981 1509 2117 1552 eum
2157 1508 2229 1552 eo
2262 1507 2346 1551 cx

340 1576 543 1639 servis
570 1576 722 1637 meis
756 1576 1075 1653 medicum,
1109 1595 1286 1656 quem
1320 1576 1556 1654 scripsi
1583 1574 1949 1637 Germanico
1974 1575 2035 1635 si
2067 1574 2249 1636 vellet
2273 1579 2349 1635 ut
2370 1587 2421 1628 15

340 1660 650 1722 retineret.
726 1658 1008 1738 Valebis,
1053 1678 1194 1721 mea
1229 1658 1614 1740 Ayrippina,
1655 1666 1714 1720 et
1756 1658 1943 1720 dabis
1978 1675 2235 1736 operam
2274 1663 2352 1719 ut

341 1744 560 1806 valens
594 1745 931 1822 pervenias
970 1743 1060 1805 ad
1110 1743 1540 1805 Germanicum
1584 1749 1767 1803 tuum.
1839 1742 2086 1803 Abunde
2128 1758 2344 1822 parere

342 1827 628 1904 arbitror,
665 1845 790 1887 non
828 1831 1087 1907 potuisse
1125 1827 1205 1887 ibi
1252 1830 1415 1888 nasci
1452 1826 1679 1905 Gaium,
1725 1845 1841 1907 quo
1877 1845 2064 1906 prope
2095 1824 2345 1886 bimulus

345 1910 569 1972 demum
617 1910 928 1990 perductus
968 1912 1040 1974 ab
1078 1913 1222 1973 urbe
1265 1913 1356 1971 sit.
1424 1911 1860 1972 Versiculorum
1896 1928 2127 1991 quoque
2171 1908 2347 1970 fidem

344 1995 549 2057 eadem
577 1994 725 2055 haec
757 1996 990 2057 elevant
1026 2006 1091 2057 et
1109 2014 1181 2057 eo
1211 1996 1462 2073 facilius,
1511 1996 1665 2075 quod
1693 1998 1731 2056 ii
1762 1999 1887 2057 sine
1918 2004 2157 2057 auctore
2188 2003 2341 2055 sunt.
2366 2012 2419 2054 2⁰

347 2077 655 2159 Sequenda
685 2088 776 2139 est
804 2079 998 2158 igitur,
1047 2098 1191 2160 quae
1226 2080 1354 2141 sola
1383 2089 1564 2140 restat
1594 2079 1809 2160 publici
1850 2081 2206 2140 instrumenti
2244 2097 2345 2139 au·

348 2164 610 2238 ctoritas,
636 2165 977 2241 praesertim
1011 2182 1135 2223 cum
1163 2162 1337 2225 Gaius
1359 2163 1612 2242 Antium,
1643 2164 1904 2225 omnibus
1929 2181 2164 2244 semper
2192 2163 2346 2224 locis

346 2253 518 2325 atque
558 2245 894 2306 secessibus
935 2247 1284 2326 praelatum,
1332 2265 1448 2310 non
1489 2248 1656 2308 aliter
1701 2266 1870 2327 quam
1908 2248 2101 2310 natale
2156 2247 2348 2308 solum

347 2329 616 2389 dilexerit
645 2329 1011 2409 tradaturque
1054 2333 1225 2392 etiam
1256 2331 1457 2392 sedem
1485 2349 1557 2393 ac
1585 2331 1935 2393 domicilium
1966 2332 2188 2411 imperii
2215 2341 2341 2392 tae-

347 2413 442 2473 dio
474 2411 632 2472 urbis
667 2414 982 2475 transferre
1017 2431 1092 2474 eo
1125 2415 1469 2476 destinasse.
2363 2435 2417 2476 25

281 2508 317 2563 9
472 2494 775 2574 Caligulae
806 2515 1131 2576 cognomen
1156 2501 1438 2560 castrensi
1471 2500 1604 2559 ioco
1636 2501 1828 2577 traxit,
1862 2498 1995 2579 quia
2027 2498 2339 2577 manipula-

345 2580 433 2640 rio
465 2578 659 2641 habitu
691 2582 841 2642 inter
861 2583 1071 2643 milites
1093 2582 1460 2644 educabatur.
1502 2583 1678 2662 Apud
1703 2601 1852 2661 quos
1878 2591 2146 2662 quantum
2172 2600 2342 2661 prae·

345 2670 507 2724 terea
541 2683 647 2743 per
675 2665 824 2726 hanc
858 2667 1329 2728 nutrimentorum
1375 2666 1846 2747 consuetudinem
1889 2683 2089 2727 amore
2121 2675 2179 2726 et
2208 2684 2342 2744 gra-

344 2749 422 2808 tia
448 2748 726 2827 valuerit,
762 2752 1006 2811 maxime
1039 2753 1334 2829 cognitum
1359 2760 1450 2811 est
1484 2769 1610 2812 cum
1640 2759 1776 2831 post
1804 2767 2112 2811 excessum
2142 2749 2342 2828 Augu-

347 2832 421 2893 sti
448 2832 836 2894 tumultuantis
860 2843 916 2894 et
945 2835 1001 2894 in
1025 2835 1281 2895 furorem
1308 2852 1493 2913 usque
1524 2836 1879 2914 praecipites
1904 2835 2066 2895 solus
2088 2835 2221 2895 haut
2244 2833 2342 2894 du·
2360 2846 2413 2889 so

266 2998 271 3001 .
345 2916 442 2976 bie
477 2924 536 2976 et
570 2927 892 2996 conspectu
923 2935 1029 2979 suo
1060 2918 1240 2979 flexit.
1268 2917 1402 2978 Non
1434 2920 1585 2979 enim
1607 2920 1767 2999 prius
1792 2917 2153 2996 destiterunt,
2175 2936 2345 2998 quam

266 3055 274 3060 .
348 2999 609 3078 ablegari
645 3020 773 3062 eum
818 3003 892 3062 ob
924 3003 1224 3063 seditionis
1258 3002 1581 3082 periculum
1609 3010 1669 3062 et
1701 3003 1757 3062 in
1792 3002 2118 3082 proximam
2148 3003 2343 3063 civita·

348 3092 463 3142 tem
507 3084 838 3147 demandari
880 3086 1445 3156 animadvertissent;
1494 3095 1629 3146 tunc
1676 3084 1899 3146 demum
1936 3085 2007 3147 ad
2047 3086 2343 3166 paeniten-

347 3167 482 3224 tiam
510 3171 666 3228 versi
709 3188 995 3250 reprenso
1028 3189 1098 3231 ac
1131 3179 1362 3230 retento
1395 3170 1666 3231 vehiculo
1686 3215 1704 3246 ,
1737 3170 2005 3230 invidiam
2042 3187 2192 3249 quae
2233 3169 2344 3229 sibi

265 3259 333 3311 10
352 3249 521 3308 fieret
549 3249 848 3328 deprecati
890 3263 1039 3315 sunt.
1127 3252 1445 3315 Comitatus
1487 3264 1576 3316 est
1608 3263 1831 3333 patrem
1873 3263 1931 3315 et
1969 3254 2210 3330 Syriaca
2240 3270 2411 3314 ex-ss

350 3330 661 3411 peditione.
721 3336 891 3397 Unde
931 3357 1209 3399 reversus
1239 3338 1480 3418 primum
1509 3340 1566 3401 in
1595 3338 1814 3417 matris,
1848 3338 2055 3399 deinde
2088 3355 2159 3398 ea
2189 3337 2342 3397 rele-

348 3424 483 3491 gata
524 3416 582 3475 in
622 3416 817 3479 Liviae
845 3421 1145 3499 Augustae
1185 3425 1464 3503 proaviae
1510 3441 1648 3484 suae
1696 3421 2076 3483 contubernio
2106 3421 2341 3491 mansit;

349 3513 516 3574 quam
545 3496 873 3561 defunctam
907 3514 1305 3584 praetextatus
1336 3508 1507 3567 etiam
1533 3516 1669 3567 tunc
1696 3523 1807 3587 pro
1831 3508 2040 3566 rostris
2069 3503 2340 3566 laudavit.
