2553 3960
914 234 1333 283 PRAEFATIO.
1884 234 2008 283 (2111

226 397 419 468 quidem
445 394 731 451 saeculum
752 394 898 450 ullus
927 394 1130 451 referri
1153 388 1457 469 possit¹⁰¹).
1504 394 1696 466 Itaque
1719 400 2011 468 postquam

220 479 535 535 intellectum
566 484 656 533 est
670 478 879 540 nullum
904 494 1154 550 umquam
1166 477 1400 533 Plinium
1428 484 1707 535 oratorem
1722 480 2012 534 Veronen-

220 580 323 618 sem
351 563 540 633 fuisse,
574 568 633 617 at
663 562 734 616 de
770 562 987 618 duobus
1032 562 1224 618 Pliniis
1258 562 1515 633 quivere
1546 561 1774 633 scriptis
1806 562 2012 618 nobili-

223 647 308 701 tati
334 652 453 701 sunt
481 652 738 701 neutrum
773 645 885 702 tale
917 646 1241 718 opusculum
1271 645 1610 716 reliquisse,
1641 646 1787 701 alios
1817 652 2012 701 aucto-

222 745 300 785 res
328 745 458 802 quos
488 729 559 784 de
593 729 918 784 illustribus
947 728 1086 784 viris
1131 729 1433 801 scripsisse
1478 729 1770 785 constabat
1803 728 2014 784 substi-

222 819 361 868 tuere
392 818 723 886 coeperunt,
756 812 979 883 virgula
1012 813 1172 883 quasi
1203 812 1392 869 divina
1431 812 1778 881 Suetonium,
1808 811 2012 867 deinde

222 896 508 953 Cornelium
522 896 820 969 Nepotem,
850 895 1090 967 denique
1120 901 1311 953 nostra
1342 902 1522 952 aetate
1535 896 1810 966 Hyginum
1834 895 2014 965 signi-

221 975 551 1055 ficantesm).
603 979 1012 1035 EtSuetonium
1037 979 1256 1051 quidem
1287 996 1487 1035 recens
1512 979 1736 1036 inventa
1751 980 2012 1036 Virorum

219 1062 489 1119 illustrium
521 1064 838 1137 particula,
879 1080 1021 1134 quae
1058 1064 1128 1119 de
1164 1062 1546 1119 Grammaticis
1596 1069 1653 1119 et
1690 1061 2011 1119 rhetoribus

218 1153 314 1217 cst,
343 1149 478 1204 adeo
514 1148 908 1203 commendare
944 1147 1258 1216 videbatur,
1290 1153 1351 1201 ut
1381 1145 1487 1201 iam
1518 1164 1567 1203 a.
1587 1150 1727 1205 1474
1756 1147 2010 1217 Angelus

220 1230 437 1287 Sabinus
467 1232 522 1286 in
559 1230 872 1304 paradoxis
904 1231 960 1286 in
990 1230 1307 1286 Iuvenalem
1337 1231 1539 1286 Romae
1570 1230 1738 1286 editis
1766 1231 1786 1262 ³
1805 1230 2012 1286 Sueto-

219 1313 347 1369 nium
380 1316 447 1370 de
478 1315 618 1371 viris
662 1311 1012 1370 illustribus'
1047 1313 1345 1384 aliquoties
1386 1319 1671 1370 auctorem
1700 1314 2013 1387 appellaret

218 1399 502 1469 codemque
533 1397 1133 1469 tempore‘Suetonius
1147 1396 1499 1469 Tranquillus
1526 1397 1596 1452 de
1626 1399 1883 1469 preclare
1909 1412 2011 1467 ge-

220 1480 309 1535 stis
330 1482 732 1539 Romanorum'
760 1480 1062 1537 Mediolani
1095 1481 1370 1552 prodierit
1403 1497 1514 1536 non
1540 1481 1749 1550 semel,
1780 1487 1840 1534 ut
1867 1479 2008 1535 Hain

223 1565 369 1620 docet
395 1582 484 1622 no.
512 1571 660 1625 2132
689 1582 777 1636 sq.
813 1571 983 1625 15133
1007 1581 1091 1635 sq.
1156 1563 1481 1635 Insequenti
1517 1579 1740 1635 quoque
1779 1562 2008 1618 saeculo

221 1663 313 1702 non
333 1666 502 1720 pauca
528 1650 658 1705 eius
673 1648 902 1719 generis
927 1648 1179 1719 exempla
1208 1647 1477 1720 impressa
1501 1653 1647 1715 sunt,
1671 1652 2008 1718 postremum

226 1732 351 1799 quod
380 1733 556 1788 norim
590 1731 903 1788 Cracoviae
926 1749 977 1787 a.
1009 1736 1163 1791 1524.
1226 1733 1309 1786 De
1335 1725 1605 1787 Suetonio
1632 1729 1884 1801 cogitare
1909 1729 2009 1784 de-

222 1814 430 1886 sierunt,
454 1823 754 1889 postquam
776 1815 1116 1885 Hieronymo
1136 1815 1276 1871 duce
1299 1814 1697 1871 intellexerunt
1720 1814 1928 1869 nullum
1952 1813 2006 1869 in

222 1897 327 1953 eius
338 1898 654 1956 illustribus
667 1898 806 1955 viris
821 1900 1051 1970 regibus
1077 1903 1134 1955 et
1159 1898 1589 1971 imperatoribus
1613 1899 1796 1953 locum
1812 1897 2004 1953 fuisse.

328 1984 696 2055 Dialogum
745 1984 826 2039 de
857 1983 1287 2039 oratoribus
1323 1998 1452 2040 esse
1484 1982 1577 2055 qui
1613 1983 1836 2037 mallent
1866 1980 2008 2037 Sue-
2026 1988 2239 2048 malost}-
2275 1989 2332 2029 de

224 2066 359 2121 tonio
392 2084 549 2138 quam
593 2067 788 2122 Tacito
844 2066 1093 2123 tribuere
1133 2067 1391 2124 Baluzius
1442 2067 1499 2122 in
1542 2065 1917 2121 Miscellaneis
1974 2071 2008 2123 2
2053 2041 2314 2082 oratonbu«.

225 2165 270 2220 p.
298 2156 383 2208 451
423 2151 600 2207 Paris.
623 2155 761 2210 1678
791 2150 1159 2221 significavit:
1192 2150 1414 2221 quinam
1440 2151 1523 2206 illi
1556 2156 1747 2206 essent
1779 2149 2001 2220 quibus·

225 2247 317 2301 que
341 2234 678 2305 arg-umentis
703 2233 813 2304 usi,
846 2250 1025 2305 neque
1053 2234 1200 2306 apud
1222 2234 1503 2291 Baluzium
1523 2249 1703 2304 neque
1728 2232 1868 2289 alias
1896 2239 2010 2288 tra-

346 2395 466 2460 101)
501 2395 877 2460 Antiquissima
916 2397 1016 2447 nisi
1051 2396 1200 2446 fallor
1232 2395 1393 2447 libelli
1424 2397 1667 2446 memoria
1702 2395 1839 2460 apud
1870 2397 2016 2446 loan-

229 2475 327 2523 nem
359 2463 757 2514 Mansionarium
787 2465 1137 2516 Veronensem
1163 2463 1439 2531 reperitur,
1492 2467 1579 2529 qui
1610 2465 1663 2513 in
1705 2473 2013 2513 commenta-

225 2529 335 2580 riolo
366 2531 427 2582 de
459 2533 664 2583 duobus
693 2532 871 2582 Pliniis
910 2548 1045 2585 anno
1075 2534 1270 2584 circiter
1308 2531 1441 2584 1313
1478 2534 1694 2596 scripto,
1728 2531 1821 2583 cfr.
1860 2547 2016 2598 supra

226 2598 375 2650 adnot.
417 2601 513 2660 84,
562 2601 762 2650 Plinius
792 2603 983 2665 iunior,
1038 2602 1231 2666 inquit,
1274 2629 1346 2642 ---
1384 2601 1513 2664 fecit
1553 2602 1701 2649 etiam
1736 2627 1804 2635 —
1838 2601 2017 2650 librum

235 2666 446 2719 Virorum
486 2671 753 2720 illustrium
787 2686 823 2720 a
864 2670 1038 2721 Phoca
1073 2687 1194 2736 rege
1228 2671 1539 2721 Albanorum
1572 2685 1727 2734 usque
1764 2669 1838 2718 ad
1870 2669 2016 2720 Cleo-

226 2744 401 2794 patrum
436 2740 486 2788 in
521 2738 778 2790 XCVIII
815 2741 1052 2804 capitulis
1098 2741 1364 2792 secundum
1395 2741 1615 2802 ipsorum
1655 2739 1873 2788 viror-um
1924 2753 2017 2787 nu-

229 2819 414 2862 merum:
446 2809 496 2857 in
533 2823 631 2872 quo
658 2810 790 2859 vitas
823 2810 1043 2871 ipsorum
1070 2817 1120 2860 et
1149 2809 1329 2862 merita
1350 2809 1568 2859 mirabili
1600 2816 1651 2857 et
1677 2816 1861 2870 aperta
1899 2807 2017 2858 bre·

230 2875 364 2924 vitate
413 2877 668 2930 describit.
757 2877 1041 2928 Meminerit
1101 2878 1253 2929 lector
1305 2877 1443 2927 hunc
1494 2880 1733 2927 Ioannem
1791 2877 2016 2927 omnium

233 2943 424 3005 primum
462 2945 685 2995 Plinium
721 2946 966 2996 maiorem
1007 2946 1052 2996 N
1057 2947 1475 2997 ovocomensibus
1516 2946 1740 2996 adimere
1768 2953 1820 2994 et
1854 2946 2015 2997 Vero-

234 3024 313 3061 nae
358 3027 476 3063 suae
515 3015 773 3065 vindicare
818 3015 1095 3066 studuisse.
1165 3014 1279 3066 Non
1324 3029 1440 3065 raro
1479 3015 1778 3065 Franciscus
1815 3028 2014 3079 quoque

233 3077 471 3131 Petrarcha
520 3084 574 3133 in
612 3084 752 3135 Viris
801 3085 910 3134 suis
958 3083 1237 3134 illustribus
1289 3083 1485 3134 circiter
1529 3098 1576 3133 a.
1631 3083 1764 3134 1348
1812 3082 2015 3149 scriptis

237 3146 365 3199 Plinii
412 3149 562 3202 huius
598 3153 753 3202 verba
801 3153 1098 3203 nominatim
1140 3153 1316 3214 affert,
1361 3168 1410 3202 v·
1451 3168 1492 3202 c.
1540 3166 1599 3202 ea
1636 3167 1767 3217 quae
1810 3168 1921 3218 cap.
1963 3153 2015 3210 5.

232 3215 276 3265 5·
311 3215 385 3279 10,
409 3220 458 3272 2.
496 3222 580 3280 42,
604 3222 653 3272 1.
694 3221 777 3282 76,
799 3223 827 3273 1
849 3221 1103 3288 leguntur.

356 3286 472 3350 102)
522 3289 596 3339 De
629 3291 806 3355 primis
848 3289 1067 3341 Cornelii
1101 3287 1312 3355 Nepotis
1344 3291 1606 3354 patronis,
1654 3297 1711 3340 ut
1743 3289 2015 3341 Hermolao

235 3348 431 3406 Barbare
462 3364 511 3406 et
550 3360 670 3408 Iano
713 3358 979 3409 Parrhasio
1020 3358 1274 3408 videndus
1312 3366 1387 3407 est
1421 3358 1759 3408 Machanaeus
1802 3360 1863 3411 nd.
1902 3356 2013 3410 ur.

235 3419 296 3472 ill.
335 3438 438 3491 cap.
472 3426 556 3478 45.
628 3427 703 3477 De
738 3427 938 3493 Hygino
982 3429 1276 3478 carissimus
1312 3426 1439 3476 mihi
1471 3427 1740 3477 Eduardus
1781 3427 2012 3476 Wolfflin

235 3490 453 3556 cogitavit
482 3494 531 3544 in
556 3497 872 3562 Ampelianis
907 3496 1287 3560 quaestionibus
1320 3509 1372 3560 p.
1397 3494 1467 3546 38
1492 3511 1605 3561 sqq.
