2553 3960
344 231 467 294 218
512 245 572 295 c,
600 244 902 293 sms‘rom
928 246 1185 305 TRANQ.
1210 246 1307 293 DE
1330 246 1498 293 vrrA
1525 245 1896 294 cAEsAnmu
1916 247 2055 293 ΜΒ.
2082 247 2205 294 v11.

341 400 527 462 mniae
557 402 808 479 amovit,
858 419 985 460 eum
1015 399 1288 461 libertino
1322 400 1543 461 cuidam
1573 399 1840 461 acerbius
1873 400 2128 461 debitum
2157 420 2333 481 repo·

342 485 525 546 scenti
568 485 896 545 iniuriarum
926 484 1244 562 formulam,
1280 486 1442 562 quasi
1475 484 1637 545 calce
1669 485 1740 544 ab
1773 502 1845 545 eo
1883 503 2218 563 percussus,
2251 489 2330 546 in·

287 610 318 623 s·
342 568 621 631 tendisset
652 587 764 629 nec
806 569 974 630 aliter
1004 586 1171 649 quam
1201 570 1447 628 extortis
1477 570 1891 647 quinquaginta
1924 571 2210 630 sestertiis
2238 589 2330 631 re-

340 654 612 714 misisset.

467 737 891 798 Advenientem
937 736 1087 796 male
1134 737 1412 796 animatus
1463 754 1604 813 erga
1661 738 1983 816 principem
2037 738 2330 799 exercitus
2355 755 2382 794 ο

343 839 677 904 pronusque
710 820 783 882 ad
811 839 910 882 res
939 837 1124 880 novas
1161 819 1351 880 libens
1391 837 1463 880 ac
1501 821 1720 898 supinis
1763 820 2023 881 manibus
2069 825 2326 901 excepit,

341 907 500 968 velut
530 906 685 967 dono
722 906 891 967 deum
922 905 1198 981 oblatum,
1236 913 1327 964 ter
1357 904 1613 965 consulis
1646 905 1840 982 lilium,
1865 913 2055 965 aetate
2078 908 2327 985 integra,

338 990 499 1053 facili
528 1008 599 1050 ac
636 990 887 1069 prodigo
921 990 1132 1050 animo.
1184 988 1368 1064 Quam
1398 997 1659 1048 veterem
1689 989 1761 1049 de
1789 1007 1859 1049 se
1891 991 2327 1068 persuasionem

247 1135 268 1145 ,
339 1075 611 1137 Vitellius
641 1073 974 1135 recentibus
1009 1075 1180 1133 etiam
1213 1072 1627 1152 experimentis
1659 1081 1919 1151 auxerat,
1956 1082 2078 1134 tota
2108 1075 2200 1133 via
2234 1092 2327 1135 ca-

339 1160 649 1238 ligatorum
679 1175 912 1237 quoque
942 1157 1180 1217 militum
1210 1155 1421 1216 obvios
1444 1157 1815 1235 exosculans,
1848 1175 2072 1237 perque
2100 1157 2325 1220 stabula
2347 1174 2398 1218 ιο

338 1262 411 1305 ac
437 1239 1148 1303 deversoriamulionibus
1171 1259 1250 1301 ac
1272 1240 1589 1300 viatoribus
1614 1250 1849 1320 praeter
1869 1242 2096 1303 modum
2122 1243 2326 1320 comis,

339 1336 401 1388 ut
426 1345 591 1387 mane
623 1325 905 1404 singulos,
940 1326 1144 1386 iamne
1169 1325 1540 1401 iantassent,
1574 1326 1971 1386 sciscitaretur
2014 1344 2194 1405 seque
2241 1327 2326 1387 fe·

274 1425 311 1480 8
341 1414 494 1473 cisse
524 1419 690 1470 ructu
722 1426 957 1489 quoque
988 1409 1345 1470 ostenderet.
1418 1408 1623 1470 Castra
1655 1427 1800 1470 vero
1843 1412 2145 1488 ingressus
2182 1408 2327 1471 nihil

341 1498 603 1575 cuiquam
635 1494 907 1574 poscenti
934 1495 1173 1571 negavit
1200 1502 1375 1572 atque
1406 1494 1576 1554 etiam
1607 1493 1754 1554 ultro
1794 1495 2196 1572 ignominiosis
2225 1510 2326 1554 no·

339 1591 447 1657 tas,
479 1581 598 1640 reis
632 1579 863 1656 sordes,
896 1578 1175 1639 damnatis
1205 1577 1494 1657 supplicia
1534 1577 1798 1656 dempsit.
1859 1578 2053 1654 Quare
2095 1578 2325 1639 vixdum
2348 1593 2398 1634 ιε

338 1683 537 1725 mense
562 1672 875 1740 transacto,
902 1680 1092 1741 neque
1117 1662 1230 1722 diei
1253 1679 1442 1740 neque
1468 1662 1750 1740 temporis
1772 1664 1997 1722 ratione
2021 1661 2234 1739 habita,
2259 1680 2327 1722 ac

338 1750 449 1810 iam
471 1766 746 1828 vespere,
768 1747 956 1808 subito
980 1765 1013 1807 a
1030 1745 1304 1806 militibus
1328 1764 1362 1805 e
1386 1745 1653 1806 cubiculo
1677 1755 1898 1826 raptus,
1921 1749 1996 1807 ita
2021 1754 2079 1806 ut
2102 1755 2248 1823 erat,
2274 1747 2328 1805 in

339 1841 505 1894 veste
535 1832 871 1908 domestica,
906 1833 1223 1909 imperator
1266 1838 1358 1889 est
1403 1829 1795 1890 consalutatus
1847 1830 2326 1910 circumlatusque

342 1936 446 1998 per
482 1915 897 1976 celeberrimos
927 1916 1129 1993 vicos,
1174 1917 1436 1974 strictum
1480 1913 1612 1975 Divi
1652 1914 1779 1975 Iulii
1820 1914 2073 1994 gladium
2101 1923 2326 1991 tenenS,

333 2002 656 2063 detractum
688 2000 929 2061 delubro
960 1999 1161 2061 Martis
1192 2008 1365 2078 atque
1394 2000 1452 2059 iu
1487 2002 1670 2079 prima
1705 2000 2088 2078 gratulatione
2119 2016 2390 2079 porro-20

341 2096 490 2148 ctum
521 2084 630 2145 sibi
662 2103 695 2145 a
724 2084 1003 2163 quodam3
1042 2103 1153 2144 nec
1182 2092 1314 2144 ante
1354 2084 1412 2143 iu
1442 2084 1796 2163 praetorium
1832 2083 2006 2144 rediit,
2026 2102 2194 2163 quam
2227 2084 2324 2143 fla·

338 2177 545 2249 grante
574 2168 824 2229 triclinio
859 2188 934 2228 ex
966 2177 1255 2247 conceptu
1290 2168 1526 2245 camini,
1562 2185 1690 2228 cum
1722 2168 1951 2247 quidem
1988 2177 2324 2228 consterna-

332 2255 409 2314 tis
456 2261 514 2313 et
559 2254 721 2331 quasi
764 2254 954 2312 omine
1002 2252 1249 2313 adverso
1297 2252 1481 2311 anxiis
1527 2252 1825 2330 omnibus,
1867 2250 2077 2329 Bono,
2123 2253 2323 2331 inquit,

339 2337 544 2398 animo
572 2338 801 2397 estote!
830 2335 1013 2398 nobis
1036 2336 1328 2406 adlatum
1359 2334 1517 2396 nullo
1551 2341 1822 2397 sermone
1852 2335 1969 2397 alio
2001 2336 2153 2415 apud
2181 2336 2321 2396 mili·
2358 2340 2369 2348 ‘

336 2431 427 2481 tes
469 2440 626 2481 usus.
703 2419 1118 2481 consentiente
1162 2418 1370 2480 deinde
1408 2422 1579 2480 etiam
1626 2421 1948 2499 superioris
1982 2421 2323 2499 provinciae
2343 2437 2396 2479 ει

339 2507 623 2582 exercitu,
656 2507 751 2585 qui
783 2507 945 2584 prius
976 2523 1009 2565 a
1040 2504 1221 2565 Galba
1256 2503 1327 2564 ad
1357 2513 1616 2564 senatum
1647 2504 1969 2582 defecerat,
1998 2521 2326 2581 cognomen

338 2589 664 2652 Germanici
696 2589 942 2650 delatum
964 2588 1037 2649 ab
1060 2589 1346 2648 universis
1367 2588 1574 2667 cupide
1598 2591 1848 2668 recepit,
1876 2587 2120 2665 Augusti
2147 2586 2322 2647 distu-

273 2688 308 2744 9
337 2674 421 2752 lit,
459 2673 729 2735 Caesaris
757 2674 814 2733 in
845 2681 1189 2752 perpetuum
1221 2673 1532 2732 recusavit.
1588 2673 1679 2733 Ac
1711 2672 1951 2733 subinde
1983 2671 2165 2731 caede
2190 2670 2322 2733 Gal-

337 2758 447 2819 bae
479 2759 826 2834 adnuntiata,
862 2758 1202 2835 compositis
1225 2755 1581 2818 Germanicis
1611 2756 1810 2835 rebus,
1843 2757 2086 2836 partitus
2110 2765 2200 2816 est
2225 2772 2322 2816 co·

336 2845 486 2923 pias,
518 2860 660 2922 quas
690 2841 971 2902 adversus
996 2839 1280 2900 Othonem
1305 2842 1719 2919 praemitteret,
1751 2858 2012 2920 quasque
2037 2840 2165 2919 ipse
2188 2857 2320 2918 per-
2338 2857 2394 2901 as

336 2926 593 2989 duceret.
653 2925 978 2986 Praemisso
1009 2926 1238 3002 agmine
1270 2924 1482 2984 laetum
1511 2926 1706 2985 evenit
1746 2926 2100 3004 auspicium,
2149 2923 2319 3002 siqui-

336 3011 465 3072 dem
505 3029 538 3071 a
583 3019 748 3091 parte
796 3008 1000 3070 dextra
1043 3017 1288 3086 repente
1326 3009 1520 3087 aquila
1565 3007 1894 3086 advolavit,
1949 3008 2323 3085 lustratisque

338 3095 521 3171 signis
549 3096 855 3173 ingressos
889 3095 1040 3153 viam
1074 3093 1289 3152 sensim
1316 3094 1654 3153 antecessit.
1716 3092 1796 3153 At
1819 3101 2022 3153 contra
2047 3094 2178 3171 ipso
2201 3106 2322 3152 mo-

338 3187 541 3253 vente,
588 3187 810 3239 statuae
855 3185 1199 3256 equestres,
1248 3194 1377 3236 cum
1430 3174 1785 3255 plurifariam
1834 3178 1887 3236 ei
1944 3183 2321 3254 ponerentur,

337 3259 539 3319 fractis
567 3272 811 3338 repente
843 3260 1105 3321 cruribus
1139 3260 1357 3337 pariter
1383 3270 1755 3338 corruerunt,
1801 3270 1862 3321 et
1890 3259 2118 3337 laurea,
2151 3275 2390 3338 quamat

336 3341 775 3419 religiosissime
822 3343 1313 3421 circumdederat,
1364 3345 1421 3403 in
1464 3344 1850 3423 profluentem
1893 3343 2140 3413 excidit;
2180 3358 2321 3402 mox

337 3425 597 3486 Viennae
627 3444 735 3504 pro
769 3428 1036 3490 tribunali
1071 3430 1193 3489 iura
1233 3428 1498 3489 reddenti
1541 3429 1902 3506 gallinaceus
1943 3444 2118 3507 supra
2162 3443 2320 3487 ume-

336 3524 460 3565 rum
489 3523 561 3567 ac
589 3506 797 3569 deinde
826 3513 882 3571 in
916 3516 1108 3593 capite
1144 3514 1338 3574 astitit.
1400 3511 1622 3588 Quibus
1652 3513 1898 3574 ostentis
1928 3528 2036 3590 par
2075 3526 2321 3591 respon·
