2553 3960
528 244 748 292 LXXIV
1210 243 1623 292 PRAEFATIO.

536 401 721 460 tonius
766 402 842 459 ita
878 408 1101 459 secutus
1144 409 1263 472 est,
1312 408 1371 458 ut
1399 401 1553 458 viros
1593 403 1761 459 rebus
1801 403 2024 461 bellicis
2069 405 2337 479 civilique

537 486 743 542 virtute
779 487 963 543 claros
1007 480 1413 557 excluderetffl)
1455 492 1514 540 et
1555 487 1710 542 solos
1747 501 1879 555 eos,
1922 488 2014 558 qui
2042 489 2249 545 litteris
2276 492 2335 546 id

542 576 630 625 est
661 569 827 626 libris
870 564 1188 625 scribendis
1233 568 1658 638 inclaruissent‚
1692 568 2180 645 perscriberetw).
2271 574 2337 628 Et

537 659 795 724 quantum
834 652 1084 709 iudicare
1123 652 1295 707 hodie
1327 651 1494 720 licet,
1534 667 1675 724 opus
1714 652 1961 708 condidit
2007 655 2115 711 lide
2145 656 2335 712 brevi-

538 742 652 792 tate
682 750 976 806 rerumque
1005 734 1278 791 varietate
1307 734 1391 789 sic
1425 736 1734 803 excellens,
1764 741 1824 790 nt
1854 751 1964 792 non
1996 738 2334 794 mediocrem

532 819 824 876 doctorum
850 818 1127 874 hominum
1154 817 1406 890 plausum
1443 817 1631 873 ferret.
1693 817 1825 872 Nam
1848 825 1904 872 et
1925 818 2174 890 integras
2197 838 2337 877 non-

534 918 824 972 numquam
856 901 1000 958 vitas
1043 900 1171 956 inde
1201 901 1497 971 decerptas
1541 900 1828 956 codicibus
1865 907 2154 972 poetarum
2190 904 2333 960 alio·

533 1001 764 1054 rumque
804 984 1134 1057 scriptorum
1176 989 1636 1039 commentatores
1693 984 1951 1040 solebant
1998 988 2334 1058 praefigere,

533 1073 591 1122 et
622 1067 994 1137 Hieronymus
1022 1065 1439 1135 stridonensis,
1483 1064 1577 1136 qui
1623 1066 1694 1121 de
1737 1067 2076 1124 doctissimis
2119 1071 2335 1126 veteris

536 1150 814 1205 ecclesiae
859 1149 1180 1205 doctoribus
1223 1149 1356 1218 ruit,
1398 1150 1499 1205 bas
1536 1148 1682 1205 vitas
1724 1149 1860 1204 tanti
1895 1150 2062 1220 fecit,
2116 1157 2177 1207 ut
2224 1169 2334 1208 non

534 1233 700 1288 modo
733 1250 783 1289 a.
818 1238 922 1292 380
970 1233 1025 1286 in
1058 1232 1436 1288 convertendo
1484 1232 1850 1303 augendoque
1894 1233 2123 1291 Eusebii
2167 1237 2336 1292 chro-

534 1315 663 1371 nico
698 1317 896 1372 multas
927 1314 1057 1370 inde
1089 1314 1392 1385 particulas
1422 1312 1837 1371 ‘curiosissime
1870 1315 2204 1390 excerptas'
2236 1320 2335 1374 ad-

533 1398 828 1468 misceret,
857 1399 957 1454 sed
993 1398 1157 1453 etiam
1191 1414 1239 1454 a.
1271 1403 1375 1456 392
1405 1397 1462 1452 in
1488 1399 1748 1468 catalogo
1775 1414 1876 1453 suo
1913 1401 2337 1457 ecclesiastico-

536 1497 653 1535 rum
684 1482 1017 1553 scriptorum
1053 1481 1433 1551 componendo
1462 1482 1606 1535 bunc
1644 1481 1988 1552 potissimum
2018 1501 2180 1555 quem
2208 1483 2336 1539 imi-

534 1570 745 1620 taretur
776 1565 970 1619 ducem
1002 1569 1058 1618 et
1099 1563 1407 1635 exemplum
1447 1563 1556 1619 sibi
1599 1571 1857 1619 sumeret.
1947 1566 2197 1638 Denique
2230 1568 2336 1623 ali-

537 1652 671 1717 quot
698 1647 933 1719 paginas
958 1647 1078 1702 eius
1100 1647 1291 1718 operis
1315 1646 1563 1716 integras
1596 1662 1738 1701 anno
1769 1647 1995 1703 circiter
2024 1655 2156 1708 1452
2179 1650 2335 1706 Enoc

534 1729 848 1786 Asculanus
880 1746 952 1784 ex
985 1728 1310 1785 Germaniae
1339 1728 1592 1801 partibus
1622 1729 1680 1783 in
1706 1729 1918 1785 ltaliam
1952 1732 2152 1787 attulit.
2242 1734 2335 1790 Li.-

535 1812 741 1868 bellum
786 1812 929 1868 enim
969 1814 1041 1868 de
1085 1811 1464 1867 Grammaticis
1510 1817 1567 1866 et
1613 1812 1932 1870 rhetoribus
1978 1815 2335 1886 superstitem

534 1894 667 1950 libri
697 1897 766 1951 de
783 1895 936 1950 Viris
968 1895 1279 1952 illustribus
1309 1894 1635 1966 particulam
1662 1911 1790 1950 esse
1809 1937 1827 1965 ‚
1864 1903 1921 1951 et
1953 1898 2136 1953 statim
2165 1899 2333 1954 iutel-

534 1978 735 2035 lectum
768 1986 886 2048 est,
925 1985 986 2034 ut
1014 1997 1044 2035 a
1081 1979 1324 2035 Pontano
1354 1995 1409 2050 p.
1439 1983 1572 2050 288,
1610 1984 1665 2033 et
1693 1977 2015 2050 Hieronymi
2046 1982 2333 2055 excerptis

531 2061 748 2120 abunde
777 2063 1142 2119 confirmatur.

664 2147 854 2217 ltaque
910 2146 1157 2217 speciem
1219 2162 1410 2201 eorum
1467 2144 1736 2201 librorum
1795 2162 2132 2202 communem
2185 2150 2333 2204 hanc

535 2230 710 2286 fuisse
751 2229 936 2297 dicas,
987 2235 1047 2284 ut
1092 2228 1147 2282 in
1193 2228 1536 2298 singulorum
1579 2228 1874 2300 principiis
1918 2231 2215 2286 Suetonius
2261 2233 2335 2287 de

537 2320 653 2369 arte
686 2313 776 2368 vel
809 2311 1104 2382 disciplina
1138 2317 1448 2383 exponeret
1473 2312 1736 2367 nonnulla
1778 2312 2144 2384 coniunctim,
2184 2330 2333 2385 quae

532 2511 597 2559 de
634 2507 892 2570 Tarquitio
930 2507 1030 2557 iam
1061 2505 1120 2556 G.
1160 2508 1202 2560 1.
1240 2507 1455 2557 Vossius
1483 2508 1613 2557 bene
1637 2507 1888 2572 exposuit.
1962 2507 2335 2571 Antiquissima

532 2576 775 2628 memoria
810 2575 946 2640 apud
982 2575 1267 2640 Vergilium
1309 2583 1475 2625 exstat
1508 2575 1794 2626 Catalecton
1826 2577 1858 2625 7
1872 2611 1888 2636 ‚
1924 2575 1956 2626 3
1992 2576 2103 2626 sive
2133 2575 2336 2626 Antho-

533 2647 700 2713 logiae
729 2643 917 2708 Meyer.
964 2658 1048 2694 no.
1073 2643 1161 2695 90.

669 2727 761 2793 56)
820 2729 876 2779 Id
915 2738 964 2779 et
1011 2727 1304 2791 Hieronymi
1339 2728 1493 2778 verba
1536 2735 1587 2777 et
1628 2728 1743 2794 ipsa
1789 2727 2076 2793 fragmenta
2123 2726 2331 2778 docent.

532 2799 719 2849 Iniuria
753 2797 911 2862 igitur
943 2799 1051 2849 loco
1086 2812 1137 2863 p.
1170 2795 1288 2855 283,
1321 2798 1348 2848 1
1391 2796 1476 2859 qui
1511 2796 1576 2845 de
1600 2795 1834 2846 Ventidio
1867 2796 2028 2846 Basso
2064 2803 2141 2846 est
2167 2795 2334 2845 Vine-

531 2875 614 2917 tus
666 2875 714 2916 et
765 2865 852 2914 alii
897 2866 1041 2916 abusi
1088 2872 1204 2914 sunt
1223 2901 1238 2924 ‚
1304 2872 1357 2916 ut
1410 2864 1473 2914 de
1526 2864 1737 2915 ducibus
1794 2879 1993 2928 quoque
2047 2862 2333 2913 illustribus

532 2935 715 2985 librum
754 2931 915 2983 fuisse
947 2933 1327 3000 persuaderent.
1382 2932 1456 2982 Ne
1486 2931 1551 2981 de
1585 2933 1793 2999 regibus
1820 2932 2024 2996 quidem
2055 2932 2236 2981 librum
2275 2931 2333 2980 in

531 3001 814 3053 illustribus
851 3001 1027 3061 fuisse,
1064 3001 1205 3051 locus
1240 3000 1455 3052 Ausonii
1482 2999 1702 3051 declarat
1732 2999 1868 3050 inira
1903 3016 1955 3066 p.
1986 2999 2107 3058 303,
2150 2998 2215 3049 19
2251 3000 2334 3049 al·

532 3072 683 3122 latus.
755 3070 829 3119 De
846 3070 984 3119 Viris
1020 3069 1312 3128 illustribus,
1342 3068 1428 3132 qui
1463 3068 1614 3118 Plinii
1649 3068 1850 3119 nomine
1886 3065 2331 3130 circumferuntur,

534 3138 774 3189 Suetonio
812 3138 1012 3187 tributis
1048 3136 1181 3186 infra
1216 3152 1249 3201 p
1305 3136 1388 3187 cn
1425 3151 1505 3200 sq.
1547 3136 1729 3189 dicam.

665 3203 762 3267 57)
796 3204 1196 3271 Scriptorum
1245 3204 1517 3255 illustrium
1549 3205 1718 3269 potius
1751 3220 1903 3269 quam
1931 3206 2168 3255 Virorum
2206 3204 2331 3253 illu·

530 3273 709 3323 atrium
745 3273 900 3325 libros
934 3273 1204 3338 inscriptos
1239 3272 1401 3322 fuisse
1428 3273 1644 3322 Vinctus
1675 3274 2009 3324 arbitrabatur
2038 3273 2211 3337 (isque
2242 3274 2330 3322 sui

531 3343 644 3405 ipse
694 3341 983 3402 immemor,
1031 3340 1117 3404 qui
1154 3340 1218 3391 de
1252 3340 1476 3392 Ducibus
1509 3354 1709 3403 quoque
1749 3342 1931 3391 librum
1966 3338 2247 3403 statuisset)
2274 3349 2329 3389 et

531 3407 859 3459 Casaubonus
889 3409 1042 3459 libros
1072 3408 1308 3460 Virorum
1342 3410 1405 3458 in
1443 3408 1691 3459 litteris
1722 3410 1995 3460 illustrium
2028 3408 2327 3475 appellavit,

530 3483 741 3542 uterque
775 3475 1074 3544 Hieronymo
1103 3483 1151 3526 et
1186 3476 1344 3528 Suida
1380 3477 1569 3526 invitis.
