2553 3960
905 228 1327 278 rasurum.
1831 232 2031 281 xxxv

164 392 286 451 dae
320 407 480 460 esse,
512 397 572 446 ut
602 409 657 464 p.
686 395 812 460 234,
845 395 884 450 4
908 391 1187 446 salutatur
1214 407 1246 447 e
1271 391 1526 461 Victore,
1556 409 1614 464 p.
1645 397 1770 463 154,
1798 398 1835 453 8
1861 395 2025 465 aqui-

167 480 268 534 lae
312 492 388 532 ex
426 473 656 532 Oresio.
746 475 972 532 Addent
1017 474 1260 532 fortasse
1303 473 1403 532 alii
1443 492 1499 549 p.
1548 481 1649 546 11,
1689 480 1759 536 37
1794 484 2026 533 centena

169 579 255 619 ex
279 560 586 633 Eutropio,
616 576 672 633 p.
706 564 825 630 154,
865 567 900 620 9
930 562 1219 631 moverive,
1253 577 1309 634 p.
1343 566 1461 630 161,
1490 564 1525 620 6
1549 559 1784 633 Christo,
1819 579 1874 634 p.
1901 566 2029 632 189,

170 654 252 708 33
279 647 432 701 milia
458 644 729 716 funerum
761 661 834 701 ex
864 643 1093 701 Oresio.

310 728 654 786 Enumeravi
708 728 912 801 quibus
960 728 1294 786 adiumentis
1340 729 1558 786 criticis
1608 729 1680 786 ad
1730 730 2028 786 emendan-
2045 745 2348 810 omnium-eo-

173 817 292 872 dos
326 814 607 871 Caesares
639 813 844 870 critico
873 812 953 869 uti
985 812 1186 879 liceat3
1226 814 1330 870 sed
1358 831 1430 868 ne
1461 814 1548 870 sic
1580 813 1804 887 quidem
1834 815 2030 870 vulne-
2043 797 2190 842 ‘¹¹⁶²'
2222 799 2346 841 '¹¹¹⁸'

174 901 345 957 ribus
397 899 491 955 vel
529 898 785 954 omnibus
822 898 916 955 vel
946 897 1309 968 gravioribus
1357 898 1618 955 medendi
1664 898 1828 970 copia
1876 898 2025 957 facta

178 990 294 1043 est.
388 983 620 1038 Restant
660 982 860 1052 multa,
891 997 1035 1053 quae
1068 982 1219 1037 nulla
1255 998 1511 1053 umquam
1543 1000 1635 1040 ars
1668 984 1903 1040 humana
1934 1000 2029 1041 sa-

179 1085 325 1125 nare
357 1083 532 1142 posse
567 1065 823 1136 videtur,
852 1067 1080 1123 lacunas
1109 1065 1240 1121 dico
1272 1073 1330 1121 et
1370 1066 1837 1140 interpolationes
1866 1073 2030 1125 vetu-

179 1151 457 1211 stissimis
501 1150 848 1222 temporibus
891 1150 1068 1207 factas
1114 1156 1171 1204 et
1213 1149 1270 1206 iu
1313 1150 1495 1207 omnia
1529 1153 1787 1226 exempla
1831 1159 2026 1209 nostra

178 1235 569 1294 transmissas.
614 1234 863 1291 Lacunas
886 1234 1205 1306 complures
1232 1251 1402 1309 supra
1433 1235 1701 1307 indicavi,
1725 1244 2023 1309 praeterea

182 1320 485 1378 addendae
518 1326 646 1375 sunt
684 1320 793 1376 hae
823 1320 1069 1376 maiores
1110 1324 1167 1373 et
1194 1320 1442 1375 minores
1491 1339 1548 1394 p.
1582 1329 1682 1390 10,
1713 1329 1797 1380 15.
1833 1328 1937 1392 58,
1969 1328 2023 1379 2.

176 1413 278 1476 83,
307 1411 396 1468 12.
436 1410 529 1473 89,
560 1408 646 1463 18.
695 1409 818 1474 108,
849 1411 902 1463 4.
951 1410 1076 1471 130,
1104 1408 1189 1463 36.
1224 1410 1348 1475 131,
1381 1410 1470 1464 32.
1505 1410 1630 1475 163,
1658 1410 1743 1464 28.
1775 1410 1900 1476 168,
1931 1410 2021 1463 21.

183 1495 315 1559 172,
351 1495 434 1550 13
479 1491 612 1558 187,
646 1493 730 1548 17.
766 1493 853 1549 27.
899 1494 1038 1558 202,
1071 1494 1123 1548 3.
1167 1494 1305 1558 220,
1334 1496 1422 1549 30.
1463 1495 1600 1559 231,
1635 1495 1718 1548 25.
1765 1494 1902 1559 232,
1933 1496 2021 1549 23.

180 1580 327 1645 239,
362 1581 412 1632 1.
466 1578 592 1643 242,
623 1578 713 1633 37.
753 1578 892 1644 250,
921 1578 1009 1634 36.
1095 1570 1187 1629 Ad
1217 1588 1316 1629 eas
1350 1574 1662 1646 explendas
1694 1589 1895 1629 sensus
1930 1590 2026 1629 re-

184 1658 366 1733 periri
400 1663 640 1732 possunt
663 1658 792 1730 plus
820 1657 1074 1714 minusve
1111 1657 1468 1730 probabiles,
1504 1659 1678 1713 verba
1710 1656 2024 1728 reciperari

184 1758 303 1801 nou
356 1749 612 1815 possunt.
715 1742 887 1798 Multo
950 1741 1176 1799 facilius
1234 1742 1709 1814 interpolationes
1762 1739 2024 1798 inventae

185 1834 316 1885 sunt
342 1828 451 1883 hae
488 1842 544 1899 p.
575 1831 677 1897 14,
708 1832 796 1887 33.
849 1831 953 1898 40,
982 1833 1067 1886 31.
1129 1833 1266 1896 109,
1303 1832 1391 1886 31.
1451 1832 1584 1896 123,
1621 1832 1706 1886 19.
1767 1831 1904 1898 132,
1933 1832 2018 1887 36.

193 1917 318 1983 178,
349 1916 438 1970 24.

317 1998 490 2053 Multa
539 1996 713 2052 inseri
753 2003 1016 2069 poterant
1057 1996 1188 2053 huic
1230 1996 1477 2070 prologo
1522 1997 1593 2053 de
1639 1996 2021 2068 singularibus
2058 1999 2123 2064 na
2146 2001 2311 2045 mian

190 2081 522 2154 quibusdam
554 2081 724 2136 rebus
750 2080 820 2137 ad
844 2082 1109 2151 syntaxin
1143 2088 1199 2136 et
1231 2081 1679 2154 orthographian
1699 2081 2020 2153 Tranquilli
2039 2052 2342 2148 emm?

191 2166 552 2240 pertinentia,
582 2166 686 2221 sed
714 2182 836 2220 cum
865 2166 1237 2222 festinandum
1260 2166 1350 2229 sit,
1383 2182 1562 2238 pauca
1585 2166 1752 2222 modo
1784 2172 1842 2222 et
1860 2165 2022 2237 quasi

192 2268 297 2323 per
325 2255 569 2306 saturam
600 2249 766 2305 addo.
827 2250 886 2305 Iu
924 2250 1334 2321 subiungendis
1365 2249 1716 2321 temporibus
1747 2251 2023 2307 orationis

192 2334 459 2406 obliquae
491 2333 768 2389 interdum
797 2334 1086 2404 praesenti
1118 2334 1322 2404 utitur,
1371 2334 1465 2390 ubi
1500 2333 1892 2407 imperfectum
1921 2351 2025 2391 ex-

193 2417 512 2492 spectabas.
575 2417 675 2473 Sic
701 2435 758 2490 p.
789 2425 877 2488 10,
911 2425 979 2478 31
1013 2420 1173 2490 eleyit
1195 2446 1281 2460 —
1311 2424 1371 2473 ut
1397 2419 1499 2479 sit,-
1535 2435 1591 2490 p.
1625 2424 1717 2488 61,
1748 2423 1817 2478 27
1846 2420 2022 2475 visum

193 2508 303 2573 est,
332 2508 392 2558 ut
420 2503 518 2574 qui
532 2502 837 2579 perferant
862 2530 946 2544 —·
971 2504 1227 2575 excibant,
1268 2504 1516 2573 pos-sinn
1562 2520 1616 2575 p.
1652 2509 1758 2574 63,
1787 2509 1859 2561 20
1889 2517 2024 2560 cen-

193 2586 611 2658 suit-f-deiis
651 2587 750 2658 qui
783 2616 872 2629 --
914 2588 1117 2652 edant,·
1175 2604 1228 2661 p.
1257 2592 1362 2656 97,
1403 2593 1472 2646 25
1513 2588 1795 2643 recusavit
1843 2615 1920 2627 -
1963 2592 2029 2644 ut

196 2686 336 2728 unus
352 2671 769 2743 proclamaret.-
815 2677 916 2727 aut
947 2678 1078 2745 ayat
1108 2677 1208 2727 aut
1232 2672 1485 2725 desistat!
1526 2672 1672 2725 alter
1697 2685 1891 2725 caram
1919 2684 2026 2726 ea:-

194 2756 493 2829 probraret
512 2784 581 2797 -
602 2753 836 2826 polliciti
858 2757 969 2811 sint
991 2787 1077 2798 —
1100 2760 1381 2827 praesum
1411 2772 1466 2827 p.
1484 2759 1613 2825 135,
1640 2758 1680 2813 4
1705 2755 1929 2811 iactavit
1953 2767 2028 2811 ne

202 2869 276 2882 -·
296 2841 527 2912 possint.
577 2840 695 2896 Sed
709 2839 889 2911 magis
914 2841 1080 2898 etiam
1113 2847 1199 2896 est
1230 2839 1560 2909 mirandum,
1587 2838 1739 2911 quod
1770 2845 2025 2914 tempore

198 2926 451 2998 perfecto
482 2930 540 2980 et
569 2924 903 2998 imperfecto
933 2941 1045 2982 non
1087 2941 1219 2982 raro
1249 2924 1574 2996 promiscue
1603 2941 1739 2982 usus
1774 2942 1903 2983 esse
1932 2924 2027 2983 vi·

198 3010 387 3066 detur:
418 3025 476 3081 p.
504 3015 594 3079 11,
628 3016 656 3067 1
688 3024 803 3064 nan
831 3011 1153 3081 temperavit
1174 3010 1307 3080 quin
1335 3038 1423 3052 —
1447 3010 1686 3064 iactaret
1713 3025 1785 3064 ac
1815 3039 1902 3051 —-
1929 3023 2021 3064 re-

200 3093 477 3165 sponderit
486 3115 507 3155 ‚·
535 3110 593 3166 p.
622 3098 711 3163 18,
741 3099 811 3152 10
828 3094 1114 3165 confluxit,
1135 3099 1195 3149 ut
1224 3122 1302 3133 -
1325 3099 1617 3148 manerent
1647 3121 1723 3134 —
1755 3108 1827 3148 ae
1853 3107 2027 3165 saepe

202 3180 316 3234 elisi
339 3179 757 3249 exanimatique
780 3178 920 3241 sint,-
959 3195 1015 3250 p.
1049 3183 1171 3248 107,
1204 3182 1274 3238 36
1298 3177 1615 3233 obtrectavit
1641 3181 1705 3232 ut
1725 3207 1813 3217 —
1840 3179 2023 3234 eleva-

204 3265 273 3317 rit
308 3270 361 3318 et
396 3290 482 3305 -
515 3264 841 3332 increparet
848 3283 868 3323 ,-
922 3279 979 3334 p.
1019 3268 1146 3331 115,
1192 3266 1262 3322 36
1304 3259 1704 3333 experiebatur
1755 3277 1902 3335 quae
1936 3291 2023 3304 —-

199 3345 406 3420 fuisset,
434 3347 571 3420 quid
596 3375 682 3386 -
706 3347 846 3408 sint,-
885 3363 940 3419 p.
981 3350 1113 3415 146,
1144 3350 1208 3402 21
1243 3347 1521 3401 consensit
1549 3350 1610 3400 ut
1637 3374 1717 3385 —
1750 3361 2023 3404 convoca-

205 3438 353 3504 rent,
391 3432 621 3505 qm‘dam
652 3460 736 3469 —
777 3430 1121 3491 censueram
1162 3445 1217 3500 p.
1257 3437 1392 3500 150,
1438 3434 1501 3490 17
1534 3444 1637 3485 nec
1674 3430 1898 3486 dubium
1943 3437 2027 3486 est

206 3512 385 3594 (quiri)
417 3516 708 3590 reliquerit
736 3529 807 3570 ac
838 3543 923 3555 —
954 3519 1335 3585 nuncupant,-
1372 3531 1424 3586 p.
1458 3519 1562 3573 226
1576 3555 1595 3585 ,
1638 3521 1709 3632 ΞΟ
1751 3515 1914 3569 rediit
1942 3538 1983 3552 -·
2004 3539 2017 3551 ·

1599 3614 1630 3646 0
