2553 3960
254 223 383 288 168
464 238 524 289 c.
558 238 860 287 sumom
890 239 1148 299 TRANQ.
1181 240 1275 286 mc
1306 239 1473 287 vrrA
1507 239 1876 288 CAESARUM
1909 239 2050 287 Lm.
2076 238 2146 286 v.

256 395 556 472 legantem
603 398 738 456 item
762 393 1085 456 Ciceronis
1113 395 1531 474 defensionem
1558 395 1865 456 adversus
1888 391 2075 455 Asini
2100 391 2276 456 Galla·

260 478 456 540 libros
508 482 648 540 satis
691 478 987 538 eruditam.
1046 478 1246 539 Novas
1290 481 1461 540 etiam
1506 488 1862 540 commentus
1914 487 2007 539 est
2044 476 2270 538 litteras

258 573 412 640 tres,
444 581 515 624 ac
547 580 786 624 numero
819 572 1079 622 veterum
1111 565 1276 642 quasi
1319 565 1563 624 maxime
1608 564 1976 624 necessarias
2020 560 2263 631 addiditg

259 648 332 708 de
377 666 614 727 quarum
662 649 886 708 ratione
927 664 1055 706 cum
1097 648 1358 725 privatus
1404 647 1589 708 adhuc
1633 647 1906 707 volumen
1964 644 2264 721 edidisset,

256 749 395 791 mox
427 733 705 811 princeps
743 748 860 790 non
905 730 1217 796 difficulter
1249 734 1496 810 optinuit
1530 739 1592 790 ut
1630 733 1688 790 in
1719 750 1825 790 usu
1861 746 2092 809 quoque
2127 746 2261 809 pro·
2285 747 2322 787 ’5

259 818 479 876 miscuo
512 825 726 876 essent.
790 814 968 875 Extat
1024 815 1157 875 talis
1200 818 1488 895 scriptura
1536 817 1594 875 in
1639 814 1938 894 plerisque
1982 812 2144 872 libris
2192 831 2266 873 ac

260 901 478 961 diurnis
510 900 808 980 titulisque
841 915 1102 978 operum.

174 992 243 1045 42
380 984 509 1044 Nec
563 986 785 1044 minore
837 1001 974 1043 cura
1029 982 1254 1045 Graeca
1297 982 1482 1043 studia
1536 991 1772 1043 secutus
1826 990 1949 1057 est,
2010 998 2264 1041 amorem

261 1070 786 1148 praestantiamque
818 1066 1051 1143 linguae
1082 1068 1400 1127 occasione
1429 1068 1581 1127 omni
1614 1066 1937 1145 professus.
2027 1063 2263 1125 Cuidam

259 1150 510 1212 barbaro
545 1151 769 1213 Graece
814 1168 884 1209 ac
926 1148 1125 1210 Latine
1167 1149 1478 1211 disserenti
1527 1149 1677 1211 Cum
1714 1157 2006 1229 utroque,
2055 1150 2259 1228 inquit,
2282 1165 2337 1207 ιο

259 1253 542 1296 sermone
580 1240 796 1295 nostro
832 1233 925 1293 sis
960 1240 1276 1312 paratus,·
1324 1244 1383 1295 et
1425 1237 1483 1293 in
1517 1232 1968 1294 commendanda
1999 1231 2263 1311 patribus

262 1320 612 1398 conscriptis
634 1317 857 1377 Achaia
873 1363 890 1395 ,
924 1325 1176 1397 gratam
1197 1316 1324 1378 sibi
1342 1318 1735 1397 provinciam
1763 1319 1842 1379 ait
1859 1317 2262 1378 communium

258 1402 604 1465 studiorum
642 1402 1006 1463 commercio
1019 1427 1049 1473 ,·
1096 1420 1166 1463 ac
1194 1420 1383 1481 saepe
1412 1404 1469 1462 in
1501 1412 1703 1464 senatu
1732 1402 1944 1480 legatis
1974 1410 2261 1481 perpetua

261 1490 526 1548 oratione
562 1484 881 1564 respondit.
928 1486 1163 1547 Multum
1199 1504 1346 1547 vero
1373 1506 1499 1566 pro
1543 1486 1810 1547 tribunali
1846 1487 2014 1545 etiam
2043 1484 2257 1546 Home-

257 1574 399 1633 ricis
428 1571 659 1632 locutus
695 1578 785 1629 est
813 1570 1102 1631 versibus.
1164 1571 1448 1645 Quotiens
1482 1570 1712 1649 quidem
1742 1570 1969 1630 hostem
1998 1569 2095 1629 vel
2126 1569 2258 1628 insi-
2279 1586 2335 1629 ιε

259 1656 539 1717 diatorem
591 1654 740 1714 ultus
801 1658 993 1732 e'sset,
1060 1656 1386 1715 excubito'ri
1435 1654 1663 1715 tribuno
1710 1657 1936 1733 signum
1978 1653 2051 1713 de
2094 1670 2258 1713 more

260 1741 525 1820 poscenti
556 1756 670 1799 non
701 1747 922 1799 temere
950 1739 1103 1800 aliud
1133 1738 1321 1817 dedit,
1355 1758 1551 1818 quam:

362 1811 602 1904 ’'Avdo'
649 1810 1134 1901 ἀπαμύνασθαι
1151 1868 1169 1901 ,
1210 1812 1321 1884 ὅτε
1355 1842 1454 1895 τις
1484 1815 1807 1904 πρότερος
1845 1813 2204 1903 χαλεπήνῃ.

378 1907 641 1987 Denique
667 1915 725 1966 et
748 1905 1006 1968 Graecas
1031 1908 1267 1987 scripsit
1289 1907 1581 1987 historias,
1607 1906 2008 1983 Tyrrhenicon
2031 1907 2255 1984 viginti,

262 1991 779 2062 Carchedoniacon
833 2002 991 2053 octo.
1080 1993 1330 2067 Quarum
1396 2011 1570 2053 causa
1622 1994 1806 2052 veteri
1868 1990 2257 2051 Alexandriae
2274 2013 2331 2057 20

258 2077 444 2138 Musio
461 2078 492 2116 *
517 2075 764 2135 additum
788 2093 863 2134 ex
888 2077 1068 2154 ipsius
1091 2078 1351 2147 nomine;
1391 2078 1816 2155 institutumque
1841 2084 1900 2134 ut
1928 2083 2068 2155 quot
2096 2077 2257 2135 annis

258 2163 315 2220 in
347 2160 529 2220 altero
559 2158 960 2233 Tyrrhenicon
990 2159 1154 2237 libri,
1185 2162 1242 2219 in
1286 2160 1470 2221 altero
1507 2160 2021 2221 Carchedoniacon
2055 2157 2256 2219 diebus

260 2243 483 2304 statutis
529 2242 690 2302 velut
742 2243 799 2301 in
855 2243 1138 2304 auditorio
1183 2246 1570 2305 recitarentur
1615 2246 1720 2305 toti
1769 2263 1802 2305 a
1856 2243 2098 2320 singulis
2149 2260 2257 2322 per

258 2344 445 2387 vrces.
1855 2344 1858 2349 ·

172 2417 243 2473 43
388 2409 505 2470 Sub
540 2411 698 2470 exitu
729 2411 880 2470 vitae
910 2410 1075 2487 signa
1104 2411 1414 2491 quaedam,
1446 2430 1558 2472 nec
1592 2411 1875 2487 obscura,
1905 2410 2325 2489 paenitentisoes

259 2494 332 2555 de
367 2495 723 2555 matrimonio
755 2493 1116 2573 Agrippinae
1148 2496 1337 2577 deque
1365 2495 1620 2556 Neronis
1650 2495 1962 2574 adoptione
1994 2492 2251 2554 dederat.

259 2579 584 2659 Siquidem,
638 2580 1214 2640 commemorantibus
1263 2579 1491 2641 libertis
1527 2598 1598 2640 ac
1647 2577 2005 2640 laudantibus
2051 2577 2251 2653 cogni-

257 2664 502 2741 tionem,
563 2681 676 2741 qua
735 2662 921 2742 pridie
970 2664 1250 2740 quandam
1298 2663 1563 2724 adulterii
1621 2681 1779 2724 ream
1824 2661 2251 2737 condemnarat,

254 2746 382 2808 sibi
411 2766 652 2827 quoque
676 2746 741 2807 in
764 2746 922 2824 fatis
953 2764 1091 2809 esse
1117 2749 1353 2808 iactavit
1381 2747 1587 2809 omnia
1612 2746 1961 2826 impudica,
1991 2744 2105 2805 sed
2129 2762 2254 2805 non

254 2832 558 2911 impunita
579 2831 1018 2902 matrimonia,·
1065 2842 1123 2892 et
1157 2831 1399 2892 subinde
1445 2831 1677 2891 obvium
1715 2830 1825 2890 sibi
1865 2829 2250 2890 Britannicum
2268 2849 2320 2892 3ο

256 2917 435 2975 artius
479 2915 822 2994 complexus
863 2915 1123 2975 hortatus
1155 2925 1278 2993 est,
1326 2922 1398 2977 ut
1424 2922 1731 2979 cresceret
1758 2915 2184 2993 rationemque
2212 2928 2254 2972 a

256 3015 327 3058 se
357 3000 619 3060 omnium
649 2999 963 3078 factorum
1001 3000 1313 3078 acciperet
1325 3024 1357 3072 ,·
1399 3000 1624 3062 Graeca
1665 3001 1903 3078 insuper
1934 3015 2086 3058 voce
2118 3013 2249 3076 pro-

258 3090 522 3143 secutus:
571 3071 607 3144 ὁ
633 3073 890 3164 τρώσας
919 3076 1027 3143 καὶ
1054 3075 1328 3145 ἰάσεται.
1395 3083 1653 3163 Cumque
1686 3083 1900 3163 impubi
1930 3091 2253 3159 teneroque

258 3163 474 3239 adhuc,
522 3167 747 3243 quando
784 3175 999 3227 statura
1031 3170 1424 3246 permitteret,
1468 3177 1663 3246 togam
1711 3167 1850 3228 dare
1883 3166 2247 3241 destinasset,

257 3245 501 3306 adiecit:
572 3246 651 3308 Ut
678 3250 922 3310 tandem
956 3252 1232 3329 populus
1261 3252 1340 3313 R.
1384 3269 1594 3313 verum
1632 3250 1970 3312 Caesarem
1997 3248 2316 3309 habeamur

171 3329 389 3391 44Non
419 3328 714 3407 multoque
749 3344 884 3410 post
926 3342 1324 3396 testamentum
1359 3337 1530 3396 etiam
1572 3337 1921 3414 conscripsit
1962 3351 2034 3393 ac
2070 3334 2250 3410 signis

262 3411 509 3470 omnium
526 3414 953 3486 magistratuum
977 3417 1325 3497 obsignavit.
1355 3420 1519 3480 Prius
1542 3421 1716 3498 igitur
1742 3437 1910 3498 quam
1941 3417 2085 3478 ultra
2115 3433 2250 3496 pro—

260 3491 639 3570 grederetur,
671 3510 1020 3572 praeventus
1047 3512 1137 3562 est
1165 3502 1236 3564 ab
1259 3504 1589 3582 Agrippina
1607 3550 1624 3583 ,
1650 3521 1817 3583 quam
1847 3511 2082 3582 praeter
2105 3500 2252 3561 haec
