<?xml version="1.0" encoding="UTF-8"?>
<!DOCTYPE html PUBLIC "-//W3C//DTD XHTML 1.0 Transitional//EN"
    "http://www.w3.org/TR/xhtml1/DTD/xhtml1-transitional.dtd">
<html xmlns="http://www.w3.org/1999/xhtml" xml:lang="en" lang="en">
 <head>
  <title>
</title>
<meta http-equiv="Content-Type" content="text/html;charset=utf-8" />
  <meta name='ocr-system' content='tesseract 3.04.00' />
  <meta name='ocr-capabilities' content='ocr_page ocr_carea ocr_par ocr_line ocrx_word'/>
</head>
<body>
  <div class='ocr_page' id='page_1' title='image "./csuetonitranqui06rothgoog_0179.png"; bbox 0 0 2553 3960; ppageno 0'>
   <div class='ocr_carea' id='block_1_1' title="bbox 942 187 2259 253">
    <p class='ocr_par' dir='ltr' id='par_1_1' title="bbox 942 187 2259 253">
     <span class='ocr_line' id='line_1_1' title="bbox 942 187 2259 253; baseline 0.002 -5"><span class='ocrx_word' id='word_1_1' title='bbox 942 201 1153 250; x_wconf 81' lang='lat' dir='ltr'><strong>mvus</strong></span> <span class='ocrx_word' id='word_1_2' title='bbox 1198 203 1579 253; x_wconf 73' lang='lat' dir='ltr'><strong>AUeUs&#39;rus.</strong></span> <span class='ocrx_word' id='word_1_3' title='bbox 2176 187 2259 251; x_wconf 86' lang='grc'><strong>67</strong></span> 
     </span>
    </p>
   </div>
   <div class='ocr_carea' id='block_1_2' title="bbox 188 354 2268 1946">
    <p class='ocr_par' dir='ltr' id='par_1_2' title="bbox 188 354 2268 1946">
     <span class='ocr_line' id='line_1_2' title="bbox 257 354 2261 435; baseline 0.001 -18"><span class='ocrx_word' id='word_1_4' title='bbox 257 356 515 419; x_wconf 84' lang='lat' dir='ltr'><strong>necanda</strong></span> <span class='ocrx_word' id='word_1_5' title='bbox 567 354 928 417; x_wconf 76' lang='lat' dir='ltr'><strong>deliberavit.</strong></span> <span class='ocrx_word' id='word_1_6' title='bbox 998 355 1175 419; x_wconf 81' lang='lat' dir='ltr'><strong>Certe</strong></span> <span class='ocrx_word' id='word_1_7' title='bbox 1228 376 1355 418; x_wconf 88' lang='lat' dir='ltr'><strong>cum</strong></span> <span class='ocrx_word' id='word_1_8' title='bbox 1403 357 1508 417; x_wconf 91' lang='lat' dir='ltr'><strong>sub</strong></span> <span class='ocrx_word' id='word_1_9' title='bbox 1561 357 1711 417; x_wconf 90' lang='lat' dir='ltr'><strong>idem</strong></span> <span class='ocrx_word' id='word_1_10' title='bbox 1765 365 1992 435; x_wconf 88' lang='lat' dir='ltr'><strong>tempus</strong></span> <span class='ocrx_word' id='word_1_11' title='bbox 2035 376 2144 419; x_wconf 89' lang='lat' dir='ltr'><strong>una</strong></span> <span class='ocrx_word' id='word_1_12' title='bbox 2185 377 2261 419; x_wconf 83' lang='lat' dir='ltr'><strong>ex</strong></span> 
     </span>
     <span class='ocr_line' id='line_1_3' title="bbox 260 439 2264 521; baseline 0.001 -20"><span class='ocrx_word' id='word_1_13' title='bbox 260 440 512 502; x_wconf 88' lang='lat' dir='ltr'><strong>consciis</strong></span> <span class='ocrx_word' id='word_1_14' title='bbox 537 440 747 501; x_wconf 84' lang='lat' dir='ltr'><strong>liberta</strong></span> <span class='ocrx_word' id='word_1_15' title='bbox 774 439 1012 500; x_wconf 81' lang='lat' dir='ltr'><strong>Phoebe</strong></span> <span class='ocrx_word' id='word_1_16' title='bbox 1045 441 1361 521; x_wconf 87' lang='lat' dir='ltr'><strong>suspendio</strong></span> <span class='ocrx_word' id='word_1_17' title='bbox 1396 443 1571 501; x_wconf 83' lang='lat' dir='ltr'><strong>vitam</strong></span> <span class='ocrx_word' id='word_1_18' title='bbox 1600 442 1839 519; x_wconf 81' lang='lat' dir='ltr'><strong>linisset,</strong></span> <span class='ocrx_word' id='word_1_19' title='bbox 1867 441 2165 502; x_wconf 77' lang='lat' dir='ltr'><strong>maluisse</strong></span> <span class='ocrx_word' id='word_1_20' title='bbox 2195 460 2264 503; x_wconf 78' lang='lat' dir='ltr'><strong>sc</strong></span> 
     </span>
     <span class='ocr_line' id='line_1_4' title="bbox 257 522 2260 607; baseline -0.001 -20"><span class='ocrx_word' id='word_1_21' title='bbox 257 526 332 587; x_wconf 90' lang='lat' dir='ltr'><strong>ait</strong></span> <span class='ocrx_word' id='word_1_22' title='bbox 362 522 640 586; x_wconf 76' lang='lat' dir='ltr'><strong>Phoebes</strong></span> <span class='ocrx_word' id='word_1_23' title='bbox 666 531 910 603; x_wconf 83' lang='lat' dir='ltr'><strong>patrem</strong></span> <span class='ocrx_word' id='word_1_24' title='bbox 936 523 1156 603; x_wconf 79' lang='lat' dir='ltr'><strong>fuisse.</strong></span> <span class='ocrx_word' id='word_1_25' title='bbox 1222 526 1548 603; x_wconf 88' lang='lat' dir='ltr'><strong>Relegatae</strong></span> <span class='ocrx_word' id='word_1_26' title='bbox 1578 543 1742 584; x_wconf 89' lang='lat' dir='ltr'><strong>usum</strong></span> <span class='ocrx_word' id='word_1_27' title='bbox 1771 527 1889 584; x_wconf 87' lang='lat' dir='ltr'><strong>vini</strong></span> <span class='ocrx_word' id='word_1_28' title='bbox 1920 542 2260 607; x_wconf 89' lang='lat' dir='ltr'><strong>omnemque</strong></span> 
     </span>
     <span class='ocr_line' id='line_1_5' title="bbox 256 608 2260 689; baseline -0 -19"><span class='ocrx_word' id='word_1_29' title='bbox 256 609 655 670; x_wconf 77' lang='lat' dir='ltr'><strong>delicatiorem</strong></span> <span class='ocrx_word' id='word_1_30' title='bbox 682 608 892 668; x_wconf 87' lang='lat' dir='ltr'><strong>cultum</strong></span> <span class='ocrx_word' id='word_1_31' title='bbox 923 608 1132 669; x_wconf 80' lang='lat' dir='ltr'><strong>ademit</strong></span> <span class='ocrx_word' id='word_1_32' title='bbox 1159 623 1349 689; x_wconf 88' lang='lat' dir='ltr'><strong>neque</strong></span> <span class='ocrx_word' id='word_1_33' title='bbox 1382 608 1524 669; x_wconf 86' lang='lat' dir='ltr'><strong>adiri</strong></span> <span class='ocrx_word' id='word_1_34' title='bbox 1552 627 1586 669; x_wconf 94' lang='lat' dir='ltr'><strong>a</strong></span> <span class='ocrx_word' id='word_1_35' title='bbox 1617 609 1889 687; x_wconf 88' lang='lat' dir='ltr'><strong>quopiam</strong></span> <span class='ocrx_word' id='word_1_36' title='bbox 1916 608 2107 670; x_wconf 87' lang='lat' dir='ltr'><strong>libero</strong></span> <span class='ocrx_word' id='word_1_37' title='bbox 2139 628 2260 669; x_wconf 92' lang='lat' dir='ltr'><strong>ser·</strong></span> 
     </span>
     <span class='ocr_line' id='line_1_6' title="bbox 213 692 2264 772; baseline 0.002 -23"><span class='ocrx_word' id='word_1_38' title='bbox 213 711 239 749; x_wconf 82' lang='lat'>5</span> <span class='ocrx_word' id='word_1_39' title='bbox 257 710 431 770; x_wconf 84' lang='lat' dir='ltr'><strong>vove,</strong></span> <span class='ocrx_word' id='word_1_40' title='bbox 459 692 571 752; x_wconf 85' lang='lat' dir='ltr'><strong>nisi</strong></span> <span class='ocrx_word' id='word_1_41' title='bbox 600 710 666 752; x_wconf 90' lang='lat' dir='ltr'><strong>se</strong></span> <span class='ocrx_word' id='word_1_42' title='bbox 699 693 986 769; x_wconf 90' lang='lat' dir='ltr'><strong>consulto,</strong></span> <span class='ocrx_word' id='word_1_43' title='bbox 1010 694 1289 772; x_wconf 82' lang='lat' dir='ltr'><strong>permisit,</strong></span> <span class='ocrx_word' id='word_1_44' title='bbox 1319 702 1378 752; x_wconf 91' lang='lat' dir='ltr'><strong>et</strong></span> <span class='ocrx_word' id='word_1_45' title='bbox 1404 695 1483 753; x_wconf 90' lang='lat' dir='ltr'><strong>ita</strong></span> <span class='ocrx_word' id='word_1_46' title='bbox 1512 701 1575 752; x_wconf 91' lang='lat' dir='ltr'><strong>ut</strong></span> <span class='ocrx_word' id='word_1_47' title='bbox 1603 695 1820 752; x_wconf 80' lang='lat' dir='ltr'><strong>certior</strong></span> <span class='ocrx_word' id='word_1_48' title='bbox 1850 694 2039 769; x_wconf 88' lang='lat' dir='ltr'><strong>fieret,</strong></span> <span class='ocrx_word' id='word_1_49' title='bbox 2068 711 2180 772; x_wconf 90' lang='lat' dir='ltr'><strong>qua</strong></span> <span class='ocrx_word' id='word_1_50' title='bbox 2211 694 2264 753; x_wconf 88' lang='lat' dir='ltr'><strong>is</strong></span> 
     </span>
     <span class='ocr_line' id='line_1_7' title="bbox 258 776 2263 857; baseline -0.001 -18"><span class='ocrx_word' id='word_1_51' title='bbox 258 785 473 853; x_wconf 90' lang='lat' dir='ltr'><strong>aetate,</strong></span> <span class='ocrx_word' id='word_1_52' title='bbox 509 794 620 855; x_wconf 90' lang='lat' dir='ltr'><strong>qua</strong></span> <span class='ocrx_word' id='word_1_53' title='bbox 657 785 903 854; x_wconf 87' lang='lat' dir='ltr'><strong>statura,</strong></span> <span class='ocrx_word' id='word_1_54' title='bbox 944 793 1058 855; x_wconf 91' lang='lat' dir='ltr'><strong>quo</strong></span> <span class='ocrx_word' id='word_1_55' title='bbox 1091 777 1297 836; x_wconf 90' lang='lat' dir='ltr'><strong>colore</strong></span> <span class='ocrx_word' id='word_1_56' title='bbox 1328 785 1509 854; x_wconf 89' lang='lat' dir='ltr'><strong>esset,</strong></span> <span class='ocrx_word' id='word_1_57' title='bbox 1548 776 1723 837; x_wconf 88' lang='lat' dir='ltr'><strong>etiam</strong></span> <span class='ocrx_word' id='word_1_58' title='bbox 1752 776 1960 855; x_wconf 89' lang='lat' dir='ltr'><strong>quibus</strong></span> <span class='ocrx_word' id='word_1_59' title='bbox 1998 780 2263 857; x_wconf 90' lang='lat' dir='ltr'><strong>corporis</strong></span> 
     </span>
     <span class='ocr_line' id='line_1_8' title="bbox 260 860 2265 940; baseline -0.001 -19"><span class='ocrx_word' id='word_1_60' title='bbox 260 864 412 921; x_wconf 88' lang='lat' dir='ltr'><strong>notis</strong></span> <span class='ocrx_word' id='word_1_61' title='bbox 434 860 533 920; x_wconf 85' lang='lat' dir='ltr'><strong>vel</strong></span> <span class='ocrx_word' id='word_1_62' title='bbox 564 861 950 921; x_wconf 75' lang='lat' dir='ltr'><strong>cicatricibus,</strong></span> <span class='ocrx_word' id='word_1_63' title='bbox 997 860 1136 920; x_wconf 89' lang='lat' dir='ltr'><strong>Post</strong></span> <span class='ocrx_word' id='word_1_64' title='bbox 1164 862 1608 940; x_wconf 83' lang='lat' dir='ltr'><strong>quinquennium</strong></span> <span class='ocrx_word' id='word_1_65' title='bbox 1639 860 1865 920; x_wconf 90' lang='lat' dir='ltr'><strong>demum</strong></span> <span class='ocrx_word' id='word_1_66' title='bbox 1897 879 1974 919; x_wconf 86' lang='lat' dir='ltr'><strong>ex</strong></span> <span class='ocrx_word' id='word_1_67' title='bbox 2000 862 2184 921; x_wconf 89' lang='lat' dir='ltr'><strong>insula</strong></span> <span class='ocrx_word' id='word_1_68' title='bbox 2208 862 2265 920; x_wconf 90' lang='lat' dir='ltr'><strong>in</strong></span> 
     </span>
     <span class='ocr_line' id='line_1_9' title="bbox 262 943 2262 1024; baseline -0.002 -19"><span class='ocrx_word' id='word_1_69' title='bbox 262 946 651 1005; x_wconf 83' lang='lat' dir='ltr'><strong>continentem</strong></span> <span class='ocrx_word' id='word_1_70' title='bbox 677 944 1116 1023; x_wconf 89' lang='lat' dir='ltr'><strong>lenioribusque</strong></span> <span class='ocrx_word' id='word_1_71' title='bbox 1143 944 1316 1024; x_wconf 90' lang='lat' dir='ltr'><strong>paulo</strong></span> <span class='ocrx_word' id='word_1_72' title='bbox 1348 943 1784 1006; x_wconf 82' lang='lat' dir='ltr'><strong>condicionibus</strong></span> <span class='ocrx_word' id='word_1_73' title='bbox 1801 944 2091 1005; x_wconf 85' lang='lat' dir='ltr'><strong>transtulit</strong></span> <span class='ocrx_word' id='word_1_74' title='bbox 2117 963 2262 1005; x_wconf 89' lang='lat' dir='ltr'><strong>eam.</strong></span> 
     </span>
     <span class='ocr_line' id='line_1_10' title="bbox 257 1028 2261 1107; baseline -0 -18"><span class='ocrx_word' id='word_1_75' title='bbox 257 1029 404 1090; x_wconf 89' lang='lat' dir='ltr'><strong>Nam</strong></span> <span class='ocrx_word' id='word_1_76' title='bbox 448 1036 514 1087; x_wconf 89' lang='lat' dir='ltr'><strong>ut</strong></span> <span class='ocrx_word' id='word_1_77' title='bbox 556 1029 785 1088; x_wconf 90' lang='lat' dir='ltr'><strong>omnino</strong></span> <span class='ocrx_word' id='word_1_78' title='bbox 826 1036 1166 1106; x_wconf 85' lang='lat' dir='ltr'><strong>revocaret,</strong></span> <span class='ocrx_word' id='word_1_79' title='bbox 1214 1030 1449 1088; x_wconf 88' lang='lat' dir='ltr'><strong>exorari</strong></span> <span class='ocrx_word' id='word_1_80' title='bbox 1491 1028 1650 1088; x_wconf 89' lang='lat' dir='ltr'><strong>nullo</strong></span> <span class='ocrx_word' id='word_1_81' title='bbox 1694 1029 1867 1089; x_wconf 91' lang='lat' dir='ltr'><strong>modo</strong></span> <span class='ocrx_word' id='word_1_82' title='bbox 1903 1030 2120 1107; x_wconf 89' lang='lat' dir='ltr'><strong>potuit,</strong></span> <span class='ocrx_word' id='word_1_83' title='bbox 2165 1028 2261 1088; x_wconf 90' lang='lat' dir='ltr'><strong>de-</strong></span> 
     </span>
     <span class='ocr_line' id='line_1_11' title="bbox 188 1112 2259 1193; baseline -0 -21"><span class='ocrx_word' id='word_1_84' title='bbox 188 1133 240 1173; x_wconf 88' lang='lat'><strong>10</strong></span> <span class='ocrx_word' id='word_1_85' title='bbox 261 1112 530 1193; x_wconf 78' lang='lat' dir='ltr'><strong>precanti</strong></span> <span class='ocrx_word' id='word_1_86' title='bbox 569 1130 748 1192; x_wconf 86' lang='lat' dir='ltr'><strong>saepe</strong></span> <span class='ocrx_word' id='word_1_87' title='bbox 779 1112 841 1172; x_wconf 89' lang='lat' dir='ltr'><strong>P.</strong></span> <span class='ocrx_word' id='word_1_88' title='bbox 871 1113 944 1174; x_wconf 89' lang='lat' dir='ltr'><strong>R.</strong></span> <span class='ocrx_word' id='word_1_89' title='bbox 992 1121 1050 1172; x_wconf 92' lang='lat' dir='ltr'><strong>et</strong></span> <span class='ocrx_word' id='word_1_90' title='bbox 1078 1115 1430 1191; x_wconf 86' lang='lat' dir='ltr'><strong>pertinacius</strong></span> <span class='ocrx_word' id='word_1_91' title='bbox 1465 1115 1695 1173; x_wconf 89' lang='lat' dir='ltr'><strong>instanti</strong></span> <span class='ocrx_word' id='word_1_92' title='bbox 1725 1113 1875 1173; x_wconf 87' lang='lat' dir='ltr'><strong>tales</strong></span> <span class='ocrx_word' id='word_1_93' title='bbox 1904 1112 2053 1173; x_wconf 81' lang='lat' dir='ltr'><strong>filias</strong></span> <span class='ocrx_word' id='word_1_94' title='bbox 2083 1113 2259 1173; x_wconf 89' lang='lat' dir='ltr'><strong>tales-</strong></span> 
     </span>
     <span class='ocr_line' id='line_1_12' title="bbox 259 1196 2266 1277; baseline -0 -21"><span class='ocrx_word' id='word_1_95' title='bbox 259 1214 374 1277; x_wconf 91' lang='lat' dir='ltr'><strong>que</strong></span> <span class='ocrx_word' id='word_1_96' title='bbox 422 1196 702 1274; x_wconf 88' lang='lat' dir='ltr'><strong>coniuges</strong></span> <span class='ocrx_word' id='word_1_97' title='bbox 744 1213 854 1276; x_wconf 92' lang='lat' dir='ltr'><strong>pro</strong></span> <span class='ocrx_word' id='word_1_98' title='bbox 889 1198 1157 1256; x_wconf 89' lang='lat' dir='ltr'><strong>contione</strong></span> <span class='ocrx_word' id='word_1_99' title='bbox 1195 1199 1551 1276; x_wconf 86' lang='lat' dir='ltr'><strong>inprecatus.</strong></span> <span class='ocrx_word' id='word_1_100' title='bbox 1612 1196 1705 1257; x_wconf 85' lang='lat' dir='ltr'><strong>Ex</strong></span> <span class='ocrx_word' id='word_1_101' title='bbox 1739 1205 1919 1276; x_wconf 86' lang='lat' dir='ltr'><strong>nepte</strong></span> <span class='ocrx_word' id='word_1_102' title='bbox 1950 1196 2092 1258; x_wconf 91' lang='lat' dir='ltr'><strong>Iulia</strong></span> <span class='ocrx_word' id='word_1_103' title='bbox 2128 1204 2266 1276; x_wconf 91' lang='lat' dir='ltr'><strong>post</strong></span> 
     </span>
     <span class='ocr_line' id='line_1_13' title="bbox 259 1280 2263 1360; baseline -0.001 -19"><span class='ocrx_word' id='word_1_104' title='bbox 259 1281 682 1341; x_wconf 89' lang='lat' dir='ltr'><strong>damnationem</strong></span> <span class='ocrx_word' id='word_1_105' title='bbox 708 1280 921 1340; x_wconf 90' lang='lat' dir='ltr'><strong>editum</strong></span> <span class='ocrx_word' id='word_1_106' title='bbox 950 1280 1223 1341; x_wconf 81' lang='lat' dir='ltr'><strong>infantem</strong></span> <span class='ocrx_word' id='word_1_107' title='bbox 1255 1281 1538 1358; x_wconf 88' lang='lat' dir='ltr'><strong>adgnosci</strong></span> <span class='ocrx_word' id='word_1_108' title='bbox 1571 1282 1765 1360; x_wconf 88' lang='lat' dir='ltr'><strong>alique</strong></span> <span class='ocrx_word' id='word_1_109' title='bbox 1793 1283 1993 1341; x_wconf 86' lang='lat' dir='ltr'><strong>vetuit.</strong></span> <span class='ocrx_word' id='word_1_110' title='bbox 2047 1280 2263 1359; x_wconf 83' lang='lat' dir='ltr'><strong>Agrip-</strong></span> 
     </span>
     <span class='ocr_line' id='line_1_14' title="bbox 261 1362 2263 1444; baseline -0.001 -19"><span class='ocrx_word' id='word_1_111' title='bbox 261 1383 394 1444; x_wconf 90' lang='lat' dir='ltr'><strong>pam</strong></span> <span class='ocrx_word' id='word_1_112' title='bbox 434 1363 611 1423; x_wconf 87' lang='lat' dir='ltr'><strong>nihilo</strong></span> <span class='ocrx_word' id='word_1_113' title='bbox 641 1362 1125 1442; x_wconf 80' lang='lat' dir='ltr'><strong>tractabiliorem,</strong></span> <span class='ocrx_word' id='word_1_114' title='bbox 1168 1366 1340 1424; x_wconf 87' lang='lat' dir='ltr'><strong>immo</strong></span> <span class='ocrx_word' id='word_1_115' title='bbox 1373 1367 1428 1424; x_wconf 89' lang='lat' dir='ltr'><strong>in</strong></span> <span class='ocrx_word' id='word_1_116' title='bbox 1460 1364 1586 1424; x_wconf 90' lang='lat' dir='ltr'><strong>dies</strong></span> <span class='ocrx_word' id='word_1_117' title='bbox 1621 1367 1997 1425; x_wconf 88' lang='lat' dir='ltr'><strong>amentiorem</strong></span> <span class='ocrx_word' id='word_1_118' title='bbox 2029 1367 2086 1423; x_wconf 91' lang='lat' dir='ltr'><strong>in</strong></span> <span class='ocrx_word' id='word_1_119' title='bbox 2113 1366 2263 1423; x_wconf 88' lang='lat' dir='ltr'><strong>insu-</strong></span> 
     </span>
     <span class='ocr_line' id='line_1_15' title="bbox 259 1446 2268 1527; baseline -0.001 -19"><span class='ocrx_word' id='word_1_120' title='bbox 259 1448 371 1509; x_wconf 88' lang='lat' dir='ltr'><strong>lam</strong></span> <span class='ocrx_word' id='word_1_121' title='bbox 413 1448 829 1525; x_wconf 85' lang='lat' dir='ltr'><strong>transportavit</strong></span> <span class='ocrx_word' id='word_1_122' title='bbox 873 1449 1172 1526; x_wconf 88' lang='lat' dir='ltr'><strong>sepsitque</strong></span> <span class='ocrx_word' id='word_1_123' title='bbox 1212 1451 1455 1527; x_wconf 90' lang='lat' dir='ltr'><strong>insuper</strong></span> <span class='ocrx_word' id='word_1_124' title='bbox 1501 1448 1761 1509; x_wconf 88' lang='lat' dir='ltr'><strong>custodia</strong></span> <span class='ocrx_word' id='word_1_125' title='bbox 1789 1448 2045 1508; x_wconf 88' lang='lat' dir='ltr'><strong>militum.</strong></span> <span class='ocrx_word' id='word_1_126' title='bbox 2101 1446 2268 1508; x_wconf 85' lang='lat' dir='ltr'><strong>Cavit</strong></span> 
     </span>
     <span class='ocr_line' id='line_1_16' title="bbox 190 1528 2266 1611; baseline -0.001 -19"><span class='ocrx_word' id='word_1_127' title='bbox 190 1551 243 1592; x_wconf 70' lang='grc' dir='ltr'><strong>ιο</strong></span> <span class='ocrx_word' id='word_1_128' title='bbox 262 1533 433 1593; x_wconf 88' lang='lat' dir='ltr'><strong>etiam</strong></span> <span class='ocrx_word' id='word_1_129' title='bbox 462 1530 523 1591; x_wconf 89' lang='lat' dir='ltr'><strong>S.</strong></span> <span class='ocrx_word' id='word_1_130' title='bbox 558 1528 625 1592; x_wconf 83' lang='lat' dir='ltr'><strong>G.</strong></span> <span class='ocrx_word' id='word_1_131' title='bbox 655 1539 717 1591; x_wconf 88' lang='lat' dir='ltr'><strong>ut</strong></span> <span class='ocrx_word' id='word_1_132' title='bbox 743 1531 951 1591; x_wconf 88' lang='lat' dir='ltr'><strong>eodem</strong></span> <span class='ocrx_word' id='word_1_133' title='bbox 981 1532 1100 1591; x_wconf 90' lang='lat' dir='ltr'><strong>loci</strong></span> <span class='ocrx_word' id='word_1_134' title='bbox 1138 1535 1194 1591; x_wconf 91' lang='lat' dir='ltr'><strong>in</strong></span> <span class='ocrx_word' id='word_1_135' title='bbox 1242 1541 1589 1611; x_wconf 90' lang='lat' dir='ltr'><strong>perpetuum</strong></span> <span class='ocrx_word' id='word_1_136' title='bbox 1631 1533 2056 1609; x_wconf 84' lang='lat' dir='ltr'><strong>contineretur,</strong></span> <span class='ocrx_word' id='word_1_137' title='bbox 2091 1540 2266 1609; x_wconf 89' lang='lat' dir='ltr'><strong>atque</strong></span> 
     </span>
     <span class='ocr_line' id='line_1_17' title="bbox 262 1614 2265 1694; baseline -0 -19"><span class='ocrx_word' id='word_1_138' title='bbox 262 1615 334 1676; x_wconf 89' lang='lat' dir='ltr'><strong>ad</strong></span> <span class='ocrx_word' id='word_1_139' title='bbox 374 1632 600 1675; x_wconf 88' lang='lat' dir='ltr'><strong>omnem</strong></span> <span class='ocrx_word' id='word_1_140' title='bbox 643 1623 703 1674; x_wconf 90' lang='lat' dir='ltr'><strong>et</strong></span> <span class='ocrx_word' id='word_1_141' title='bbox 741 1617 865 1675; x_wconf 88' lang='lat' dir='ltr'><strong>eius</strong></span> <span class='ocrx_word' id='word_1_142' title='bbox 908 1624 965 1673; x_wconf 91' lang='lat' dir='ltr'><strong>et</strong></span> <span class='ocrx_word' id='word_1_143' title='bbox 992 1614 1259 1675; x_wconf 88' lang='lat' dir='ltr'><strong>Iuliarum</strong></span> <span class='ocrx_word' id='word_1_144' title='bbox 1292 1616 1641 1674; x_wconf 85' lang='lat' dir='ltr'><strong>mentionem</strong></span> <span class='ocrx_word' id='word_1_145' title='bbox 1674 1617 2097 1693; x_wconf 87' lang='lat' dir='ltr'><strong>ingemiscens,</strong></span> <span class='ocrx_word' id='word_1_146' title='bbox 2132 1632 2265 1694; x_wconf 91' lang='lat' dir='ltr'><strong>pro-</strong></span> 
     </span>
     <span class='ocr_line' id='line_1_18' title="bbox 263 1698 1000 1760; baseline -0.003 0"><span class='ocrx_word' id='word_1_147' title='bbox 263 1700 512 1760; x_wconf 86' lang='lat' dir='ltr'><strong>clamare</strong></span> <span class='ocrx_word' id='word_1_148' title='bbox 543 1699 713 1759; x_wconf 90' lang='lat' dir='ltr'><strong>etiam</strong></span> <span class='ocrx_word' id='word_1_149' title='bbox 741 1698 1000 1759; x_wconf 87' lang='lat' dir='ltr'><strong>solebat:</strong></span> 
     </span>
     <span class='ocr_line' id='line_1_19' title="bbox 333 1770 2199 1861; baseline -0.001 -18"><span class='ocrx_word' id='word_1_150' title='bbox 333 1770 492 1843; x_wconf 67' lang='lat' dir='ltr'><strong>Affi&#39;</strong></span> <span class='ocrx_word' id='word_1_151' title='bbox 526 1770 780 1861; x_wconf 80' lang='grc' dir='ltr'><strong><em>ὄφελον</em></strong></span> <span class='ocrx_word' id='word_1_152' title='bbox 809 1772 1061 1861; x_wconf 72' lang='grc' dir='ltr'><em>ἄγαμός</em></span> <span class='ocrx_word' id='word_1_153' title='bbox 1086 1770 1139 1841; x_wconf 85' lang='grc' dir='ltr'><strong>τ’</strong></span> <span class='ocrx_word' id='word_1_154' title='bbox 1171 1780 1401 1861; x_wconf 79' lang='grc' dir='ltr'><strong><em>ἔμεναι</em></strong></span> <span class='ocrx_word' id='word_1_155' title='bbox 1434 1771 1679 1861; x_wconf 75' lang='grc' dir='ltr'><strong><em>ἄγονός</em></strong></span> <span class='ocrx_word' id='word_1_156' title='bbox 1704 1770 1756 1841; x_wconf 82' lang='grc' dir='ltr'><strong>τ’</strong></span> <span class='ocrx_word' id='word_1_157' title='bbox 1789 1770 2199 1843; x_wconf 67' lang='grc' dir='ltr'><em>ἆπολέσθαιὶ</em></span> 
     </span>
     <span class='ocr_line' id='line_1_20' title="bbox 261 1865 2266 1946; baseline 0 -21"><span class='ocrx_word' id='word_1_158' title='bbox 261 1883 375 1925; x_wconf 89' lang='lat' dir='ltr'><strong>nec</strong></span> <span class='ocrx_word' id='word_1_159' title='bbox 416 1865 585 1925; x_wconf 90' lang='lat' dir='ltr'><strong>aliter</strong></span> <span class='ocrx_word' id='word_1_160' title='bbox 615 1884 721 1925; x_wconf 89' lang='lat' dir='ltr'><strong>eos</strong></span> <span class='ocrx_word' id='word_1_161' title='bbox 751 1865 1089 1945; x_wconf 89' lang='lat' dir='ltr'><strong>appellare,</strong></span> <span class='ocrx_word' id='word_1_162' title='bbox 1136 1882 1303 1946; x_wconf 89' lang='lat' dir='ltr'><strong>quam</strong></span> <span class='ocrx_word' id='word_1_163' title='bbox 1333 1868 1438 1925; x_wconf 89' lang='lat' dir='ltr'><strong>tris</strong></span> <span class='ocrx_word' id='word_1_164' title='bbox 1469 1868 1728 1926; x_wconf 85' lang='lat' dir='ltr'><strong>vomicas</strong></span> <span class='ocrx_word' id='word_1_165' title='bbox 1763 1884 1834 1927; x_wconf 89' lang='lat' dir='ltr'><strong>ac</strong></span> <span class='ocrx_word' id='word_1_166' title='bbox 1866 1868 1974 1927; x_wconf 88' lang='lat' dir='ltr'><strong>tria</strong></span> <span class='ocrx_word' id='word_1_167' title='bbox 2006 1868 2266 1927; x_wconf 87' lang='lat' dir='ltr'><strong>carcino-</strong></span> 
     </span>
    </p>
   </div>
   <div class='ocr_carea' id='block_1_3' title="bbox 72 1958 569 2013">
    <p class='ocr_par' dir='ltr' id='par_1_3' title="bbox 72 1958 569 2013">
     <span class='ocr_line' id='line_1_21' title="bbox 72 1958 569 2013; baseline -0.01 0"><span class='ocrx_word' id='word_1_168' title='bbox 72 2006 80 2013; x_wconf 84' lang='lat'><strong>.</strong></span> <span class='ocrx_word' id='word_1_169' title='bbox 188 1969 244 2010; x_wconf 78' lang='lat'><strong>20</strong></span> <span class='ocrx_word' id='word_1_170' title='bbox 266 1958 419 2010; x_wconf 85' lang='lat' dir='ltr'><strong>mata</strong></span> <span class='ocrx_word' id='word_1_171' title='bbox 449 1967 569 2010; x_wconf 89' lang='lat' dir='ltr'><strong>sua.</strong></span> 
     </span>
    </p>
   </div>
   <div class='ocr_carea' id='block_1_4' title="bbox 189 2033 2353 3456">
    <p class='ocr_par' dir='ltr' id='par_1_4' title="bbox 262 2033 2353 2366">
     <span class='ocr_line' id='line_1_22' title="bbox 318 2033 2353 2113; baseline 0.002 -19"><span class='ocrx_word' id='word_1_172' title='bbox 318 2070 321 2071; x_wconf 28' lang='grc' dir='ltr'><em>ν</em></span> <span class='ocrx_word' id='word_1_173' title='bbox 388 2033 687 2094; x_wconf 83' lang='lat' dir='ltr'><strong>Amicitias</strong></span> <span class='ocrx_word' id='word_1_174' title='bbox 727 2052 919 2113; x_wconf 89' lang='lat' dir='ltr'><strong>neque</strong></span> <span class='ocrx_word' id='word_1_175' title='bbox 964 2033 1141 2095; x_wconf 83' lang='lat' dir='ltr'><strong>facile</strong></span> <span class='ocrx_word' id='word_1_176' title='bbox 1175 2034 1400 2094; x_wconf 86' lang='lat' dir='ltr'><strong>admisit</strong></span> <span class='ocrx_word' id='word_1_177' title='bbox 1427 2044 1488 2095; x_wconf 90' lang='lat' dir='ltr'><strong>et</strong></span> <span class='ocrx_word' id='word_1_178' title='bbox 1518 2036 1979 2097; x_wconf 86' lang='lat' dir='ltr'><strong>constantissime</strong></span> <span class='ocrx_word' id='word_1_179' title='bbox 2007 2035 2353 2111; x_wconf 82' lang='lat' dir='ltr'><strong>retinuit,66</strong></span> 
     </span>
     <span class='ocr_line' id='line_1_23' title="bbox 263 2119 2267 2199; baseline 0 -22"><span class='ocrx_word' id='word_1_180' title='bbox 263 2134 381 2178; x_wconf 90' lang='lat' dir='ltr'><strong>non</strong></span> <span class='ocrx_word' id='word_1_181' title='bbox 430 2125 644 2177; x_wconf 85' lang='lat' dir='ltr'><strong>tantum</strong></span> <span class='ocrx_word' id='word_1_182' title='bbox 693 2120 937 2178; x_wconf 83' lang='lat' dir='ltr'><strong>virtutes</strong></span> <span class='ocrx_word' id='word_1_183' title='bbox 983 2136 1054 2178; x_wconf 90' lang='lat' dir='ltr'><strong>ac</strong></span> <span class='ocrx_word' id='word_1_184' title='bbox 1097 2119 1303 2179; x_wconf 90' lang='lat' dir='ltr'><strong>merita</strong></span> <span class='ocrx_word' id='word_1_185' title='bbox 1349 2122 1627 2197; x_wconf 88' lang='lat' dir='ltr'><strong>cuiusque</strong></span> <span class='ocrx_word' id='word_1_186' title='bbox 1672 2119 1845 2196; x_wconf 88' lang='lat' dir='ltr'><strong>digne</strong></span> <span class='ocrx_word' id='word_1_187' title='bbox 1896 2127 2267 2199; x_wconf 87' lang='lat' dir='ltr'><strong>prosecutus,</strong></span> 
     </span>
     <span class='ocr_line' id='line_1_24' title="bbox 265 2200 2267 2282; baseline 0 -21"><span class='ocrx_word' id='word_1_188' title='bbox 265 2201 373 2262; x_wconf 83' lang='lat' dir='ltr'><strong>sed</strong></span> <span class='ocrx_word' id='word_1_189' title='bbox 411 2202 548 2262; x_wconf 81' lang='lat' dir='ltr'><strong>vitia</strong></span> <span class='ocrx_word' id='word_1_190' title='bbox 590 2219 821 2281; x_wconf 89' lang='lat' dir='ltr'><strong>quoque</strong></span> <span class='ocrx_word' id='word_1_191' title='bbox 861 2211 920 2262; x_wconf 90' lang='lat' dir='ltr'><strong>et</strong></span> <span class='ocrx_word' id='word_1_192' title='bbox 962 2200 1206 2280; x_wconf 88' lang='lat' dir='ltr'><strong>delicta,</strong></span> <span class='ocrx_word' id='word_1_193' title='bbox 1254 2202 1385 2262; x_wconf 91' lang='lat' dir='ltr'><strong>dum</strong></span> <span class='ocrx_word' id='word_1_194' title='bbox 1421 2211 1580 2264; x_wconf 87' lang='lat' dir='ltr'><strong>taxat</strong></span> <span class='ocrx_word' id='word_1_195' title='bbox 1617 2203 1877 2280; x_wconf 88' lang='lat' dir='ltr'><strong>modica,</strong></span> <span class='ocrx_word' id='word_1_196' title='bbox 1926 2221 2267 2282; x_wconf 86' lang='lat' dir='ltr'><strong>perpessus.</strong></span> 
     </span>
     <span class='ocr_line' id='line_1_25' title="bbox 262 2283 2272 2366; baseline -0 -20"><span class='ocrx_word' id='word_1_197' title='bbox 262 2283 471 2366; x_wconf 84' lang='lat' dir='ltr'><strong>Neque</strong></span> <span class='ocrx_word' id='word_1_198' title='bbox 518 2287 667 2345; x_wconf 88' lang='lat' dir='ltr'><strong>enim</strong></span> <span class='ocrx_word' id='word_1_199' title='bbox 707 2295 929 2347; x_wconf 89' lang='lat' dir='ltr'><strong>temere</strong></span> <span class='ocrx_word' id='word_1_200' title='bbox 971 2304 1047 2346; x_wconf 88' lang='lat' dir='ltr'><strong>ex</strong></span> <span class='ocrx_word' id='word_1_201' title='bbox 1087 2287 1238 2345; x_wconf 88' lang='lat' dir='ltr'><strong>omni</strong></span> <span class='ocrx_word' id='word_1_202' title='bbox 1280 2304 1517 2346; x_wconf 88' lang='lat' dir='ltr'><strong>numero</strong></span> <span class='ocrx_word' id='word_1_203' title='bbox 1553 2289 1610 2346; x_wconf 89' lang='lat' dir='ltr'><strong>in</strong></span> <span class='ocrx_word' id='word_1_204' title='bbox 1639 2288 1884 2348; x_wconf 88' lang='lat' dir='ltr'><strong>amicitia</strong></span> <span class='ocrx_word' id='word_1_205' title='bbox 1917 2288 2040 2346; x_wconf 89' lang='lat' dir='ltr'><strong>eius</strong></span> <span class='ocrx_word' id='word_1_206' title='bbox 2070 2287 2272 2349; x_wconf 83' lang='lat' dir='ltr'><strong>afflicti</strong></span> 
     </span>
    </p>

    <p class='ocr_par' dir='ltr' id='par_1_5' title="bbox 189 2366 2271 2785">
     <span class='ocr_line' id='line_1_26' title="bbox 189 2366 2271 2451; baseline 0.003 -27"><span class='ocrx_word' id='word_1_207' title='bbox 189 2369 631 2448; x_wconf 56' lang='lat' dir='ltr'><strong>”reperientur</strong></span> <span class='ocrx_word' id='word_1_208' title='bbox 663 2379 897 2449; x_wconf 89' lang='lat' dir='ltr'><strong>praeter</strong></span> <span class='ocrx_word' id='word_1_209' title='bbox 928 2366 1319 2430; x_wconf 83' lang='lat' dir='ltr'><strong>Salvidienum</strong></span> <span class='ocrx_word' id='word_1_210' title='bbox 1349 2371 1577 2449; x_wconf 85' lang='lat' dir='ltr'><strong>Rufum,</strong></span> <span class='ocrx_word' id='word_1_211' title='bbox 1612 2388 1782 2451; x_wconf 89' lang='lat' dir='ltr'><strong>quem</strong></span> <span class='ocrx_word' id='word_1_212' title='bbox 1810 2371 1880 2431; x_wconf 90' lang='lat' dir='ltr'><strong>ad</strong></span> <span class='ocrx_word' id='word_1_213' title='bbox 1913 2372 2271 2432; x_wconf 89' lang='lat' dir='ltr'><strong>consulatum</strong></span> 
     </span>
     <span class='ocr_line' id='line_1_27' title="bbox 262 2451 2269 2535; baseline 0.001 -23"><span class='ocrx_word' id='word_1_214' title='bbox 262 2470 468 2531; x_wconf 88' lang='lat' dir='ltr'><strong>nsque,</strong></span> <span class='ocrx_word' id='word_1_215' title='bbox 505 2461 564 2512; x_wconf 91' lang='lat' dir='ltr'><strong>et</strong></span> <span class='ocrx_word' id='word_1_216' title='bbox 597 2451 930 2514; x_wconf 79' lang='lat' dir='ltr'><strong>Cornelium</strong></span> <span class='ocrx_word' id='word_1_217' title='bbox 958 2452 1202 2529; x_wconf 85' lang='lat' dir='ltr'><strong>Gallum,</strong></span> <span class='ocrx_word' id='word_1_218' title='bbox 1236 2472 1408 2533; x_wconf 90' lang='lat' dir='ltr'><strong>quem</strong></span> <span class='ocrx_word' id='word_1_219' title='bbox 1437 2454 1508 2515; x_wconf 92' lang='lat' dir='ltr'><strong>ad</strong></span> <span class='ocrx_word' id='word_1_220' title='bbox 1539 2455 1964 2533; x_wconf 77' lang='lat' dir='ltr'><strong>praefecturam</strong></span> <span class='ocrx_word' id='word_1_221' title='bbox 1987 2454 2269 2535; x_wconf 76' lang='lat' dir='ltr'><strong>Aegypti,</strong></span> 
     </span>
     <span class='ocr_line' id='line_1_28' title="bbox 266 2536 2270 2617; baseline 0 -20"><span class='ocrx_word' id='word_1_222' title='bbox 266 2554 342 2597; x_wconf 82' lang='lat' dir='ltr'><strong>ex</strong></span> <span class='ocrx_word' id='word_1_223' title='bbox 391 2536 581 2596; x_wconf 85' lang='lat' dir='ltr'><strong>infima</strong></span> <span class='ocrx_word' id='word_1_224' title='bbox 623 2545 925 2617; x_wconf 85' lang='lat' dir='ltr'><strong>utrumque</strong></span> <span class='ocrx_word' id='word_1_225' title='bbox 971 2538 1200 2597; x_wconf 83' lang='lat' dir='ltr'><strong>fortuna</strong></span> <span class='ocrx_word' id='word_1_226' title='bbox 1244 2547 1619 2617; x_wconf 85' lang='lat' dir='ltr'><strong>provexerat.</strong></span> <span class='ocrx_word' id='word_1_227' title='bbox 1720 2538 1978 2612; x_wconf 85' lang='lat' dir='ltr'><strong>Quorum</strong></span> <span class='ocrx_word' id='word_1_228' title='bbox 2029 2538 2270 2598; x_wconf 90' lang='lat' dir='ltr'><strong>alterum</strong></span> 
     </span>
     <span class='ocr_line' id='line_1_29' title="bbox 264 2619 2270 2697; baseline 0 -16"><span class='ocrx_word' id='word_1_229' title='bbox 264 2638 367 2681; x_wconf 87' lang='lat' dir='ltr'><strong>res</strong></span> <span class='ocrx_word' id='word_1_230' title='bbox 408 2636 591 2680; x_wconf 85' lang='lat' dir='ltr'><strong>novas</strong></span> <span class='ocrx_word' id='word_1_231' title='bbox 635 2620 965 2681; x_wconf 88' lang='lat' dir='ltr'><strong>molientem</strong></span> <span class='ocrx_word' id='word_1_232' title='bbox 1008 2619 1379 2681; x_wconf 89' lang='lat' dir='ltr'><strong>damnandum</strong></span> <span class='ocrx_word' id='word_1_233' title='bbox 1422 2622 1644 2681; x_wconf 91' lang='lat' dir='ltr'><strong>senatui</strong></span> <span class='ocrx_word' id='word_1_234' title='bbox 1683 2619 1949 2697; x_wconf 87' lang='lat' dir='ltr'><strong>tradidit,</strong></span> <span class='ocrx_word' id='word_1_235' title='bbox 1996 2621 2161 2681; x_wconf 91' lang='lat' dir='ltr'><strong>alteri</strong></span> <span class='ocrx_word' id='word_1_236' title='bbox 2194 2622 2270 2682; x_wconf 90' lang='lat' dir='ltr'><strong>ob</strong></span> 
     </span>
     <span class='ocr_line' id='line_1_30' title="bbox 264 2704 2271 2785; baseline 0.001 -22"><span class='ocrx_word' id='word_1_237' title='bbox 264 2706 550 2781; x_wconf 81' lang='lat' dir='ltr'><strong>ingratum</strong></span> <span class='ocrx_word' id='word_1_238' title='bbox 579 2713 637 2763; x_wconf 88' lang='lat' dir='ltr'><strong>et</strong></span> <span class='ocrx_word' id='word_1_239' title='bbox 667 2704 996 2764; x_wconf 86' lang='lat' dir='ltr'><strong>malivolum</strong></span> <span class='ocrx_word' id='word_1_240' title='bbox 1027 2707 1270 2765; x_wconf 89' lang='lat' dir='ltr'><strong>animum</strong></span> <span class='ocrx_word' id='word_1_241' title='bbox 1305 2705 1478 2765; x_wconf 88' lang='lat' dir='ltr'><strong>domo</strong></span> <span class='ocrx_word' id='word_1_242' title='bbox 1510 2715 1568 2765; x_wconf 93' lang='lat' dir='ltr'><strong>et</strong></span> <span class='ocrx_word' id='word_1_243' title='bbox 1598 2705 1917 2785; x_wconf 86' lang='lat' dir='ltr'><strong>provinciis</strong></span> <span class='ocrx_word' id='word_1_244' title='bbox 1950 2704 2066 2766; x_wconf 85' lang='lat' dir='ltr'><strong>suis</strong></span> <span class='ocrx_word' id='word_1_245' title='bbox 2097 2705 2271 2765; x_wconf 89' lang='lat' dir='ltr'><strong>inter·</strong></span> 
     </span>
    </p>

    <p class='ocr_par' dir='ltr' id='par_1_6' title="bbox 190 2786 2281 3207">
     <span class='ocr_line' id='line_1_31' title="bbox 190 2786 2276 2868; baseline 0.001 -23"><span class='ocrx_word' id='word_1_246' title='bbox 190 2802 248 2845; x_wconf 74' lang='lat' dir='ltr'><strong>ao</strong></span> <span class='ocrx_word' id='word_1_247' title='bbox 270 2786 434 2848; x_wconf 83' lang='lat' dir='ltr'><strong>dixit.</strong></span> <span class='ocrx_word' id='word_1_248' title='bbox 522 2787 640 2848; x_wconf 89' lang='lat' dir='ltr'><strong>Sed</strong></span> <span class='ocrx_word' id='word_1_249' title='bbox 671 2787 836 2849; x_wconf 85' lang='lat' dir='ltr'><strong>Gallo</strong></span> <span class='ocrx_word' id='word_1_250' title='bbox 881 2805 1112 2868; x_wconf 90' lang='lat' dir='ltr'><strong>quoque</strong></span> <span class='ocrx_word' id='word_1_251' title='bbox 1142 2798 1204 2848; x_wconf 91' lang='lat' dir='ltr'><strong>et</strong></span> <span class='ocrx_word' id='word_1_252' title='bbox 1230 2798 1631 2850; x_wconf 89' lang='lat' dir='ltr'><strong>accusatorum</strong></span> <span class='ocrx_word' id='word_1_253' title='bbox 1663 2788 2184 2850; x_wconf 87' lang='lat' dir='ltr'><strong>denuntiationibus</strong></span> <span class='ocrx_word' id='word_1_254' title='bbox 2215 2797 2276 2848; x_wconf 91' lang='lat' dir='ltr'><strong>et</strong></span> 
     </span>
     <span class='ocr_line' id='line_1_32' title="bbox 267 2871 2271 2954; baseline 0.001 -23"><span class='ocrx_word' id='word_1_255' title='bbox 267 2880 502 2931; x_wconf 87' lang='lat' dir='ltr'><strong>senatus</strong></span> <span class='ocrx_word' id='word_1_256' title='bbox 540 2871 818 2932; x_wconf 88' lang='lat' dir='ltr'><strong>consultis</strong></span> <span class='ocrx_word' id='word_1_257' title='bbox 849 2873 919 2933; x_wconf 90' lang='lat' dir='ltr'><strong>ad</strong></span> <span class='ocrx_word' id='word_1_258' title='bbox 949 2890 1155 2932; x_wconf 89' lang='lat' dir='ltr'><strong>necem</strong></span> <span class='ocrx_word' id='word_1_259' title='bbox 1189 2874 1503 2954; x_wconf 86' lang='lat' dir='ltr'><strong>conpulso,</strong></span> <span class='ocrx_word' id='word_1_260' title='bbox 1547 2873 1801 2934; x_wconf 82' lang='lat' dir='ltr'><strong>laudavit</strong></span> <span class='ocrx_word' id='word_1_261' title='bbox 1833 2872 2062 2952; x_wconf 90' lang='lat' dir='ltr'><strong>quidem</strong></span> <span class='ocrx_word' id='word_1_262' title='bbox 2091 2875 2271 2953; x_wconf 89' lang='lat' dir='ltr'><strong>pieta-</strong></span> 
     </span>
     <span class='ocr_line' id='line_1_33' title="bbox 265 2956 2276 3036; baseline 0.002 -22"><span class='ocrx_word' id='word_1_263' title='bbox 265 2964 383 3015; x_wconf 90' lang='lat' dir='ltr'><strong>tem</strong></span> <span class='ocrx_word' id='word_1_264' title='bbox 422 2964 727 3035; x_wconf 87' lang='lat' dir='ltr'><strong>tantopere</strong></span> <span class='ocrx_word' id='word_1_265' title='bbox 771 2972 879 3036; x_wconf 91' lang='lat' dir='ltr'><strong>pro</strong></span> <span class='ocrx_word' id='word_1_266' title='bbox 923 2975 988 3016; x_wconf 88' lang='lat' dir='ltr'><strong>se</strong></span> <span class='ocrx_word' id='word_1_267' title='bbox 1026 2956 1471 3036; x_wconf 77' lang='lat' dir='ltr'><strong>indignantium,</strong></span> <span class='ocrx_word' id='word_1_268' title='bbox 1519 2966 1775 3018; x_wconf 87' lang='lat' dir='ltr'><strong>ceterum</strong></span> <span class='ocrx_word' id='word_1_269' title='bbox 1806 2966 1866 3017; x_wconf 91' lang='lat' dir='ltr'><strong>et</strong></span> <span class='ocrx_word' id='word_1_270' title='bbox 1893 2957 2276 3020; x_wconf 85' lang='lat' dir='ltr'><strong>inlacrimavit</strong></span> 
     </span>
     <span class='ocr_line' id='line_1_34' title="bbox 267 3040 2281 3122; baseline 0.002 -23"><span class='ocrx_word' id='word_1_271' title='bbox 267 3048 328 3099; x_wconf 89' lang='lat' dir='ltr'><strong>et</strong></span> <span class='ocrx_word' id='word_1_272' title='bbox 370 3041 561 3099; x_wconf 83' lang='lat' dir='ltr'><strong>vicem</strong></span> <span class='ocrx_word' id='word_1_273' title='bbox 603 3058 762 3100; x_wconf 91' lang='lat' dir='ltr'><strong>suam</strong></span> <span class='ocrx_word' id='word_1_274' title='bbox 814 3048 1167 3118; x_wconf 87' lang='lat' dir='ltr'><strong>conquestus</strong></span> <span class='ocrx_word' id='word_1_275' title='bbox 1209 3049 1330 3117; x_wconf 86' lang='lat' dir='ltr'><strong>est,</strong></span> <span class='ocrx_word' id='word_1_276' title='bbox 1376 3041 1544 3122; x_wconf 81' lang='lat' dir='ltr'><strong>quod</strong></span> <span class='ocrx_word' id='word_1_277' title='bbox 1580 3041 1707 3102; x_wconf 72' lang='lat' dir='ltr'><strong>sibi</strong></span> <span class='ocrx_word' id='word_1_278' title='bbox 1742 3040 1866 3103; x_wconf 75' lang='lat' dir='ltr'><strong>soli</strong></span> <span class='ocrx_word' id='word_1_279' title='bbox 1900 3059 2024 3103; x_wconf 77' lang='lat' dir='ltr'><strong>non</strong></span> <span class='ocrx_word' id='word_1_280' title='bbox 2066 3042 2281 3104; x_wconf 75' lang='lat' dir='ltr'><strong>liceret</strong></span> 
     </span>
     <span class='ocr_line' id='line_1_35' title="bbox 267 3122 2274 3207; baseline 0.001 -23"><span class='ocrx_word' id='word_1_281' title='bbox 267 3122 519 3200; x_wconf 68' lang='lat' dir='ltr'><strong>micis,</strong></span> <span class='ocrx_word' id='word_1_282' title='bbox 574 3130 874 3202; x_wconf 80' lang='lat' dir='ltr'><strong>quatenus</strong></span> <span class='ocrx_word' id='word_1_283' title='bbox 925 3123 1138 3200; x_wconf 81' lang='lat' dir='ltr'><strong>vellet,</strong></span> <span class='ocrx_word' id='word_1_284' title='bbox 1192 3124 1410 3186; x_wconf 76' lang='lat' dir='ltr'><strong>irasci.</strong></span> <span class='ocrx_word' id='word_1_285' title='bbox 1505 3125 1739 3204; x_wconf 84' lang='lat' dir='ltr'><strong>Reliqui</strong></span> <span class='ocrx_word' id='word_1_286' title='bbox 1792 3127 2051 3205; x_wconf 88' lang='lat' dir='ltr'><strong>potentia</strong></span> <span class='ocrx_word' id='word_1_287' title='bbox 2103 3137 2274 3207; x_wconf 90' lang='lat' dir='ltr'><strong>atque</strong></span> 
     </span>
    </p>

    <p class='ocr_par' dir='ltr' id='par_1_7' title="bbox 189 3206 2278 3456">
     <span class='ocr_line' id='line_1_36' title="bbox 189 3206 2275 3289; baseline 0 -21"><span class='ocrx_word' id='word_1_288' title='bbox 189 3226 248 3268; x_wconf 75' lang='lat'><strong>85</strong></span> <span class='ocrx_word' id='word_1_289' title='bbox 270 3206 480 3287; x_wconf 86' lang='lat' dir='ltr'><strong>opibus</strong></span> <span class='ocrx_word' id='word_1_290' title='bbox 504 3206 577 3268; x_wconf 88' lang='lat' dir='ltr'><strong>ad</strong></span> <span class='ocrx_word' id='word_1_291' title='bbox 602 3208 768 3267; x_wconf 84' lang='lat' dir='ltr'><strong>finem</strong></span> <span class='ocrx_word' id='word_1_292' title='bbox 792 3211 945 3268; x_wconf 88' lang='lat' dir='ltr'><strong>vitae</strong></span> <span class='ocrx_word' id='word_1_293' title='bbox 974 3211 1059 3267; x_wconf 91' lang='lat' dir='ltr'><strong>sui</strong></span> <span class='ocrx_word' id='word_1_294' title='bbox 1092 3209 1336 3287; x_wconf 88' lang='lat' dir='ltr'><strong>quisque</strong></span> <span class='ocrx_word' id='word_1_295' title='bbox 1366 3209 1583 3269; x_wconf 89' lang='lat' dir='ltr'><strong>ordinis</strong></span> <span class='ocrx_word' id='word_1_296' title='bbox 1615 3211 1914 3289; x_wconf 87' lang='lat' dir='ltr'><strong>principes</strong></span> <span class='ocrx_word' id='word_1_297' title='bbox 1938 3209 2275 3285; x_wconf 86' lang='lat' dir='ltr'><strong>floruerunt,</strong></span> 
     </span>
     <span class='ocr_line' id='line_1_37' title="bbox 269 3291 2278 3371; baseline 0 -20"><span class='ocrx_word' id='word_1_298' title='bbox 269 3308 597 3371; x_wconf 89' lang='lat' dir='ltr'><strong>quanquam</strong></span> <span class='ocrx_word' id='word_1_299' title='bbox 647 3299 707 3350; x_wconf 92' lang='lat' dir='ltr'><strong>et</strong></span> <span class='ocrx_word' id='word_1_300' title='bbox 757 3291 994 3352; x_wconf 81' lang='lat' dir='ltr'><strong>offensis</strong></span> <span class='ocrx_word' id='word_1_301' title='bbox 1047 3292 1586 3353; x_wconf 85' lang='lat' dir='ltr'><strong>intervenientibus.</strong></span> <span class='ocrx_word' id='word_1_302' title='bbox 1695 3292 2070 3354; x_wconf 82' lang='lat' dir='ltr'><strong>Desideravit</strong></span> <span class='ocrx_word' id='word_1_303' title='bbox 2127 3296 2278 3354; x_wconf 88' lang='lat' dir='ltr'><strong>enim</strong></span> 
     </span>
     <span class='ocr_line' id='line_1_38' title="bbox 263 3366 2276 3456; baseline -0.001 -20"><span class='ocrx_word' id='word_1_304' title='bbox 263 3366 720 3454; x_wconf 72' lang='lat' dir='ltr'><strong>nonnumquam,</strong></span> <span class='ocrx_word' id='word_1_305' title='bbox 764 3393 840 3435; x_wconf 91' lang='lat' dir='ltr'><strong>ne</strong></span> <span class='ocrx_word' id='word_1_306' title='bbox 886 3375 958 3435; x_wconf 89' lang='lat' dir='ltr'><strong>de</strong></span> <span class='ocrx_word' id='word_1_307' title='bbox 1000 3375 1262 3454; x_wconf 89' lang='lat' dir='ltr'><strong>pluribus</strong></span> <span class='ocrx_word' id='word_1_308' title='bbox 1308 3377 1588 3454; x_wconf 77' lang='lat' dir='ltr'><strong>referam,</strong></span> <span class='ocrx_word' id='word_1_309' title='bbox 1632 3385 1692 3437; x_wconf 87' lang='lat' dir='ltr'><strong>et</strong></span> <span class='ocrx_word' id='word_1_310' title='bbox 1718 3377 1796 3438; x_wconf 78' lang='lat' dir='ltr'><strong>M.</strong></span> <span class='ocrx_word' id='word_1_311' title='bbox 1827 3377 2134 3456; x_wconf 82' lang='lat' dir='ltr'><strong>Agrippae</strong></span> <span class='ocrx_word' id='word_1_312' title='bbox 2177 3392 2276 3452; x_wconf 90' lang='lat' dir='ltr'><strong>pa·</strong></span> 
     </span>
    </p>
   </div>
   <div class='ocr_carea' id='block_1_5' title="bbox 260 3456 2276 3602">
    <p class='ocr_par' dir='ltr' id='par_1_8' title="bbox 260 3456 2276 3602">
     <span class='ocr_line' id='line_1_39' title="bbox 260 3456 2276 3602; baseline -0.003 -81"><span class='ocrx_word' id='word_1_313' title='bbox 260 3460 520 3521; x_wconf 88' lang='lat' dir='ltr'><strong>tientiam</strong></span> <span class='ocrx_word' id='word_1_314' title='bbox 560 3467 621 3518; x_wconf 91' lang='lat' dir='ltr'><strong>et</strong></span> <span class='ocrx_word' id='word_1_315' title='bbox 651 3458 1008 3520; x_wconf 77' lang='lat' dir='ltr'><strong>Maecenatis</strong></span> <span class='ocrx_word' id='word_1_316' title='bbox 1044 3460 1509 3538; x_wconf 84' lang='lat' dir='ltr'><strong>taciturnitatem,</strong></span> <span class='ocrx_word' id='word_1_317' title='bbox 1547 3474 1674 3519; x_wconf 87' lang='lat' dir='ltr'><strong>cum</strong></span> <span class='ocrx_word' id='word_1_318' title='bbox 1706 3460 1808 3520; x_wconf 86' lang='lat' dir='ltr'><strong>ille</strong></span> <span class='ocrx_word' id='word_1_319' title='bbox 1840 3458 2069 3602; x_wconf 51' lang='grc' dir='ltr'><strong>6ἶέθῆ</strong></span> <span class='ocrx_word' id='word_1_320' title='bbox 2095 3456 2276 3533; x_wconf 79' lang='lat' dir='ltr'><strong>frigo·</strong></span> 
     </span>
    </p>
   </div>
  </div>
 </body>
</html>
