2553 3960
601 288 1159 337 DEPERmTomm
1203 285 1569 335 mmmmm
1614 282 2018 344 RELIQUIAE.
2193 271 2316 332 309

305 445 672 521 rediguntur,
728 444 971 504 sublatis
1035 444 1121 517 ia,
1168 442 1436 520 adposita
1479 458 1513 499 e
1541 439 1768 515 littera,
1827 437 2101 516 quidquid
2142 436 2318 497 fuerit

305 527 824 606 respondebimus,
871 535 932 586 ut
961 526 1294 604 specularia
1326 524 1657 603 speculare,
1713 521 1990 582 cocliaria
2036 521 2314 602 cocliare.

428 611 585 670 Inter
613 610 730 671 hoc
759 619 818 671 et
850 610 1000 688 huc]
1039 610 1153 669 hoc
1186 625 1510 687 pronomen
1544 606 1844 668 masculini
1887 614 1946 664 et
1996 606 2183 665 neutri
2212 622 2315 682 ge-

305 696 465 756 neris
500 711 671 754 casus
704 694 1021 769 ablativuS,
1041 692 1165 753 huc
1199 692 1537 754 adverbium
1569 699 1661 751 est
1690 690 1826 750 loci.
1903 690 2022 750 Sed
2052 689 2318 749 videntur

261 797 285 834 ε
308 796 508 840 errare
540 778 636 855 qui
665 777 781 837 hoc
809 776 1147 837 adverbium
1178 777 1297 837 loci
1321 784 1522 855 putant
1541 794 1698 855 esse,
1715 775 2081 853 [quamquam
2105 772 2318 832 dixerit

305 862 617 939 Virgilius:
670 860 791 921 huc
828 860 978 921 illuc
1021 860 1364 922 vinclorum
1406 860 1669 920 inmissa
1711 858 2027 924 volumina
2055 856 2315 935 versat]

308 946 532 1020 Quodsi
561 944 677 1004 hoc
706 944 1041 1004 adverbium
1071 952 1161 1003 est
1191 945 1347 1020 loci,
1381 944 1649 1003 dicimus:
1687 943 1843 1022 quod
1876 950 1966 1001 est
1994 957 2317 1019 pronomen

305 1031 364 1091 id
402 1030 511 1089 erit
541 1028 894 1111 adverbium.

435 1114 593 1173 Inter
623 1111 904 1171 offensam
937 1119 996 1170 et
1025 1111 1433 1189 offensionem]
1477 1110 1700 1170 offensa
1728 1126 1939 1169 nomen
1970 1118 2060 1168 est
2092 1109 2196 1186 rei,
2230 1108 2314 1167 of-

238 1222 288 1265 10
307 1198 497 1258 fensio
532 1197 774 1275 culpae,
805 1204 1092 1273 tamquam
1120 1204 1256 1256 nota
1288 1204 1345 1255 et
1375 1195 1622 1262 notatio;
1657 1202 1791 1254 nota
1817 1195 1964 1253 enim
1997 1210 2207 1252 nomen
2229 1193 2317 1252 rei

309 1292 433 1358 est,
463 1282 681 1341 notatio
720 1281 873 1339 actio
905 1281 1177 1339 notantis.

434 1365 591 1424 luter
630 1371 856 1441 patrem
898 1371 957 1422 et
999 1363 1324 1441 parentem]
1387 1372 1557 1440 pater
1607 1371 1697 1422 est
1738 1362 1979 1422 alicuius
2013 1359 2071 1437 ³¹²,
2104 1377 2317 1438 parens

310 1447 409 1507 vel
437 1445 729 1506 masculus
770 1445 876 1505 vel
917 1446 1158 1514 femina3
1205 1447 1361 1524 quod
1393 1448 1543 1505 inter
1585 1446 1890 1522 coniugem
1923 1454 1981 1504 et
2021 1446 2201 1503 virum
2235 1444 2316 1503 in-

308 1539 527 1603 terest,
560 1528 675 1588 hoc
703 1530 854 1589 inter
896 1538 1199 1607 parentem
1244 1537 1303 1587 et
1338 1538 1600 1606 patrem;
1642 1531 1853 1587 coniux
1894 1536 2137 1605 uterque
2177 1527 2316 1587 dici-

242 1635 291 1674 ιε
311 1624 401 1675 tur
423 1661 441 1691 ,
475 1614 565 1671 vir
593 1613 688 1691 qui
718 1614 951 1672 maritus
984 1620 1092 1671 est.
1191 1612 1276 1672 lta
1322 1620 1381 1671 et
1419 1629 1631 1689 parens
1665 1621 1946 1690 uterque,
1979 1610 2129 1670 alter
2161 1610 2317 1689 quod

312 1714 487 1757 causa
517 1698 589 1756 si’.
617 1704 850 1774 partus,
886 1696 1036 1757 alter
1067 1697 1223 1773 quod
1255 1696 1519 1774 pariendi
1550 1694 1762 1754 habeat
1785 1696 2099 1755 materiam.

436 1780 592 1840 Inter
648 1780 807 1840 velle
872 1788 929 1839 et
988 1779 1230 1857 cupere]
1283 1781 1379 1857 qui
1420 1778 1544 1838 vult
1585 1794 1701 1838 non
1756 1779 1952 1856 cupit,
2019 1778 2116 1855 qui
2159 1780 2317 1857 cupit

294 1866 483 1925 ·etiam
513 1863 655 1923 vult.

434 1946 542 2008 Hic
584 1965 655 2009 an
706 1946 856 2007 haec
887 1945 1070 2024 grex]
1121 1961 1525 2026 quaecumque
1572 1946 1978 2023 monosyllaba
2036 1955 2315 2024 correpta

238 2054 292 2095 20
311 2032 575 2091 finiuntur
601 2050 641 2091 x
688 2030 917 2106 littera,
960 2030 1233 2091 feminina
1266 2038 1398 2090 sunt
1428 2039 1518 2091 ut:
1554 2032 1654 2091 nix
1685 2032 1784 2109 pix
1814 2049 1931 2090 nux
1975 2049 2118 2091 crux
2145 2049 2311 2109 grex.

437 2113 742 2194 Conplicui
775 2132 845 2175 an
880 2114 1249 2192 conplicavi]
1285 2113 1577 2192 triplicavi
1609 2123 1668 2174 et
1695 2115 2134 2194 quadruplicavi
2155 2163 2169 2187 ,
2200 2132 2315 2175 non

305 2200 557 2278 triplicui
591 2208 649 2258 et
676 2198 1078 2277 quadruplicui
1122 2216 1233 2257 nec
1271 2197 1598 2276 conplicui,
1651 2207 1709 2258 et
1752 2217 1864 2259 nec
1895 2199 2134 2259 dicimus
2176 2216 2312 2259 con-

306 2284 471 2361 plicit
501 2283 607 2342 sed
638 2282 947 2360 conplicat.

437 2365 679 2424 Duobus
713 2373 770 2423 et
799 2363 1104 2441 ambobus]
1153 2365 1335 2424 ambis
1366 2366 1416 2424 si
1447 2366 1790 2442 dixerimus,
1822 2365 2081 2443 ambigua
2117 2374 2208 2425 est
2238 2368 2311 2426 si·

239 2467 291 2507 25
310 2448 637 2527 gnificati03
670 2447 796 2507 duis
830 2465 1019 2527 aeque
1053 2448 1204 2508 aliud
1234 2448 1584 2525 significabit
1612 2450 1768 2529 quod
1809 2458 1899 2509 est
1931 2450 2002 2509 de
2044 2451 2184 2516 situ;
2226 2449 2311 2509 fu-

310 2534 581 2610 giendum
626 2530 794 2591 nobis
838 2539 928 2590 est
973 2531 1089 2591 hoc
1128 2532 1320 2592 vitium
1354 2533 1758 2611 ambiguitatis.
1813 2530 1977 2592 Nunc
2000 2532 2183 2592 'etiam
2211 2551 2310 2593 ne-

311 2634 484 2677 cesse
532 2625 623 2675 est
647 2613 814 2673 nobis
858 2623 917 2673 ut
959 2614 1213 2674 dicamus
1249 2615 1357 2676 hos
1389 2617 1536 2692 due,
1580 2618 1710 2695 quia
1741 2616 1789 2697 si
1825 2616 2134 2675 dixerimus
2167 2617 2312 2676 duos

310 2700 479 2760 locos
509 2699 693 2774 talos,
726 2714 976 2757 necesse
1007 2707 1096 2757 est
1125 2700 1323 2759 dicere
1354 2699 1478 2759 duis
1511 2708 1570 2759 et
1599 2699 1747 2759 ambi
1777 2708 1837 2759 ut
1870 2699 2032 2769 mali;
2076 2700 2163 2760 sic
2194 2701 2309 2762 adi-

312 2784 530 2842 ciemus
574 2783 686 2842 duo
732 2790 791 2840 et
833 2780 1036 2857 ambo,
1072 2791 1132 2841 ut
1162 2783 1274 2843 duo
1305 2783 1529 2843 duobus
1563 2791 1621 2842 et
1651 2783 1816 2843 ambo
1854 2783 2156 2844 ambobus.

238 2881 291 2923 30
437 2866 609 2926 Ficus
641 2883 713 2925 an
743 2864 913 2942 ficos]
952 2865 1095 2925 ficus
1138 2867 1416 2944 arbores,
1462 2867 1606 2928 ficos
1644 2884 1813 2946 poma
1856 2869 2129 2945 dicimus,
2170 2868 2312 2929 ficus

308 2960 595 3030 tamquam
625 2966 822 3009 manus
851 2966 993 3009 anus
1012 2993 1029 3025 ,
1073 2949 1216 3009 ficos
1245 2959 1533 3031 tamquam
1564 2951 1751 3012 favos.

434 3034 708 3095 Decurrit
738 3051 810 3094 au
841 3032 1170 3093 decucurrit
1195 3043 1359 3095 recte
1388 3035 1668 3114 dicamus]
1697 3053 1767 3096 ea
1793 3053 1942 3116 quae
1971 3036 2310 3113 geminanda

311 3118 672 3178 eruntverba
706 3118 988 3196 temporis
1015 3118 1363 3195 praesentis,
1398 3122 1713 3197 praeterito
1730 3129 1996 3199 tempore
2011 3138 2176 3181 unam
2191 3121 2307 3196 syl-

309 3201 498 3261 labam
528 3201 836 3279 accipient,
868 3208 1154 3280 tamquam
1184 3202 1362 3268 currit
1388 3205 1657 3281 cucurrit,
1690 3204 1939 3282 spondet
1969 3205 2302 3282 spopondit.

239 3294 291 3337 ³⁵
315 3284 389 3345 At
420 3303 545 3344 cum
588 3284 946 3362 praepositio
980 3286 1335 3362 accesserit,
1378 3288 1626 3364 perdent
1669 3288 1984 3364 syllabam,
2021 3298 2305 3367 tamquam

312 3368 692 3428 decurritnon
719 3368 1068 3444 decucurrit,
1088 3377 1146 3427 et
1164 3368 1479 3448 despondit
1505 3388 1619 3429 non
1637 3371 2046 3451 despopondit.
2078 3369 2205 3430 Hoc
2228 3373 2303 3432 ita

311 3470 508 3511 verum
538 3454 667 3527 erit,
700 3451 888 3511 sinon
917 3452 1050 3530 plus
1067 3452 1318 3531 quamv.
1336 3454 1623 3532 accipient
1652 3455 2149 3535 praepositiones;
2175 3472 2303 3514 nam

314 3550 438 3593 cum
470 3535 542 3593 sit
571 3534 827 3609 mordet,
880 3545 938 3595 et
966 3535 1106 3597 facit
1133 3537 1442 3597 momordit
1476 3555 1584 3598 nec
1614 3548 1801 3600 tamen
1832 3538 1970 3599 facit
1998 3537 2300 3597 demordit.

273 3621 326 3637 Q
