2553 3960
907 254 1327 304 PRAEFATIO.
1929 257 2003 306 m

187 434 308 473 vum
350 416 497 472 enim
543 420 743 487 caput,
790 429 899 470 non
950 414 1186 484 librum,
1243 414 1420 487 prima
1471 415 1768 488 scriptoris
1825 416 2005 474 verba

182 520 238 574 p.
271 506 378 562 268
407 499 711 555 Rhetorica
748 513 962 569 quoque
999 498 1158 569 apud
1191 513 1295 553 nos
1325 499 1567 570 perinde
1610 507 1771 572 atque
1807 518 2004 573 qram-

181 588 386 640 matica
418 590 526 639 etc.
558 588 753 655 aperte
785 581 1039 653 produnt.
1125 580 1240 637 Sed
1268 599 1338 637 ne
1369 583 1425 638 in
1457 582 1747 639 codicibus
1781 584 2001 655 quidem

183 669 321 725 satis
351 668 557 724 idonea
591 670 913 737 argumenta
943 664 1204 721 diversae
1238 666 1521 737 opinionis
1548 665 1823 724 invenias.
1911 668 2003 722 In-

136 814 140 818 ,
184 751 434 824 terponit
468 751 690 821 quidem
724 747 1105 805 Berolinensis
1139 748 1285 804 liber
1319 750 1492 806 verba
1525 751 1699 806 haec:
1735 751 2004 806 Eiusdem

184 836 253 890 cle
284 835 576 889 rhetoricis
607 828 751 906 (sic)
782 831 992 888 libellus
1020 833 1227 903 incipit,
1266 832 1601 889 Harleianus
1632 841 1689 889 et
1718 833 2007 891 Parisinus

185 920 352 974 baec:
400 918 644 975 Suetonii
666 916 975 987 Tranquilli
1002 916 1069 971 de
1089 918 1466 987 qrammaticis
1494 916 1630 971 liber
1652 920 1880 989 primus
1900 933 2006 973 ex-

183 1003 354 1072 plicit.
439 1003 685 1072 sequitur
730 1000 969 1055 eiusdem
1019 1000 1087 1055 de
1130 999 1442 1055 rhetoribus
1484 999 1621 1055 liber
1662 997 2002 1077 (secundus)

184 1085 491 1141 Vaticanus
517 1089 657 1146 4498
678 1086 848 1139 haec:
892 1083 1058 1138 Liber
1074 1085 1298 1154 primus
1322 1084 1463 1154 finit.
1540 1082 1786 1141 Suetonii
1819 1086 2002 1141 Tran-

187 1170 344 1240 quilli
381 1168 630 1225 lu’storici
672 1167 740 1222 cle
781 1165 1111 1223 Rhetoribus
1135 1166 1301 1222 Liber
1341 1165 1428 1222 ΙΙ.
1517 1168 1722 1224 Verum
1764 1169 1821 1223 hi
1871 1169 2003 1225 libri

188 1253 301 1309 levi
337 1258 467 1307 sunt
496 1250 854 1319 auctoritate,
892 1244 956 1306 ac
988 1251 1127 1306 ssdes
1155 1250 1343 1322 potius
1375 1250 1445 1307 iis
1474 1252 1750 1323 habenda,
1785 1252 1881 1324 qui
1911 1252 2005 1310 vel

190 1335 328 1391 nihil
367 1335 513 1390 tituli
546 1336 636 1391 vel
680 1335 748 1389 de
787 1333 1098 1389 rhetoribus
1139 1339 1347 1389 tantum
1388 1334 1767 1406 interserunt,
1809 1336 2005 1407 quales

190 1425 316 1475 sunt
342 1418 665 1489 Leidensis,
697 1416 1014 1487 Gudianus,
1044 1417 1449 1487 Farnesianus,
1476 1418 1733 1474 Vaticani
1778 1425 1919 1480 1518
1951 1424 2009 1474 et

190 1508 342 1565 1862.
375 1502 491 1558 alii.
556 1499 611 1557 ls
641 1516 864 1572 quoque
894 1501 1108 1570 titulus,
1141 1499 1235 1571 qui
1264 1501 1532 1572 vulgares
1565 1501 1847 1558 editiones
1876 1501 2008 1557 inde

190 1586 258 1641 ab
301 1585 506 1641 Aldina
570 1584 699 1642 anni
748 1591 885 1645 1508
939 1584 1263 1656 occupavit:
1318 1583 1377 1640 0.
1422 1582 1664 1640 Suetonii
1701 1585 2013 1656 Tranquilli

191 1668 318 1725 libri
344 1669 474 1738 duo,
506 1669 575 1723 de
615 1667 1032 1723 illustribus
1066 1669 1444 1739 qrammaticis
1471 1671 1524 1722 et
1560 1668 1793 1722 claris
1822 1666 2008 1722 rheto-

192 1752 358 1822 ribus,
389 1751 721 1824 prostremis
749 1751 913 1807 modo
944 1751 1137 1807 verbis
1164 1751 1532 1808 vetustiorum
1560 1750 1775 1821 aliquot
1803 1750 2006 1806 editio·

192 1852 317 1893 num
340 1842 527 1893 aucto!
541 1834 728 1892 itatem
759 1833 1032 1907 sequitur,
1061 1835 1328 1891 maiorem
1358 1840 1573 1907 partem
1605 1834 1673 1890 ab
1693 1833 1841 1890 Aldo
1872 1850 2009 1890 con-

196 1923 448 1978 cinnatus
480 1927 584 1976 cst.

320 2006 478 2061 Hunc
524 2004 774 2061 libellum
820 2010 951 2076 post
989 1998 1473 2076 Hieronymum27)
1517 2001 1611 2075 qui
1657 2003 1869 2075 legerit
1914 2009 2011 2060 aut

196 2086 743 2157 commemoraverit,
784 2089 1056 2143 neminem
1088 2088 1237 2144 novi.
1322 2088 1508 2143 Multis
1551 2087 1727 2157 igitur
1762 2087 2009 2143 saeculis

198 2189 297 2246 pro
331 2172 625 2244 deperdito
650 2171 845 2228 haberi
875 2171 1088 2240 debuit,
1120 2173 1302 2227 donec
1333 2170 1561 2226 circiter
1587 2188 1639 2226 a.
1661 2177 1794 2230 1452
1821 2171 2010 2226 Enoc

199 2257 632 2321 Asculanos,
690 2253 981 2310 Germania
1022 2254 1310 2324 Daniaque
1352 2260 1684 2327 peragrata,
1732 2270 1852 2310 cum
1896 2254 2009 2310 alia

199 2336 538 2410 antiquitatis
589 2344 936 2393 monumenta
984 2333 1087 2411 (de
1132 2337 1333 2409 quibus
1373 2335 1601 2393 videndi
1647 2335 1892 2393 Orellius
1940 2338 2011 2392 ad

200 2422 489 2478 Ciceronis
533 2421 803 2492 epistolas
856 2421 944 2476 ed.
975 2427 1010 2478 2
1051 2438 1105 2492 p.
1140 2420 1340 2487 XLIII,
1382 2421 1693 2476 Massmann
1731 2420 1802 2476 ad
1831 2419 2008 2476 Taciti

198 2505 541 2563 Germaniam
580 2521 637 2575 p.
674 2511 733 2563 ll
783 2508 839 2559 et
872 2504 932 2557 T.
974 2505 1274 2562 Mommsen
1331 2506 1387 2561 in
1433 2507 1625 2562 Museo
1665 2508 1931 2563 Rhenano
1976 2513 2011 2564 6

198 2609 248 2662 p.
272 2585 403 2661 627)
437 2596 547 2643 tum
577 2588 753 2645 Taciti
787 2589 928 2644 duos
972 2589 1222 2659 libellos,
1253 2590 1324 2644 de
1355 2588 1647 2644 Germania
1681 2596 1737 2644 et
1766 2589 1835 2644 de
1870 2588 2011 2645 Ora-

196 2675 442 2742 toribus,
470 2689 593 2727 cum
622 2674 730 2728 hoc
759 2671 1118 2742 Suetoniano,
1149 2688 1258 2728 uno
1288 2677 1350 2726 ut
1371 2671 1595 2728 videtur
1625 2670 1824 2727 codice
1856 2688 2004 2727 com·

198 2758 531 2827 prehensos,
562 2756 779 2827 reperit
805 2756 861 2810 in
892 2756 1219 2828 Italiamque
1251 2755 1453 2812 attulit.
1544 2754 1690 2810 Vide
1720 2755 2009 2811 Iovianum

195 2841 495 2898 Pontanum
526 2856 575 2896 a.
613 2844 748 2898 1460
780 2840 922 2894 baec
961 2841 1271 2895 tradentem
1298 2837 1446 2895 infra
1475 2856 1530 2911 p.
1562 2844 1683 2898 288.
1775 2837 1877 2894 Cui
1908 2856 2007 2896 au-

196 2923 338 2980 ctori
381 2922 794 2980 assentiendum
828 2921 1086 2978 existimo
1122 2923 1391 2978 referenti
1431 2924 1719 2979 mendosos
1758 2925 1867 2978 iam
1898 2929 2005 2979 tum

195 3013 247 3062 el
284 3005 637 3078 imperfectos
674 3005 714 3059 i.
764 3022 813 3062 e.
854 3012 1099 3061 extrema
1152 3013 1311 3078 parte
1359 3006 1639 3062 mutilatos
1683 3006 1859 3062 fuisse
1900 3008 2006 3062 hos

194 3091 587 3162 grammaticos
629 3095 685 3144 et
713 3090 1003 3153 rhetoras;
1046 3091 1147 3145 sed
1178 3090 1340 3145 ssdem
1371 3089 1782 3160 denegandam,
1823 3106 1945 3146 cum
1977 3107 2008 3146 a

194 3175 504 3231 Polentono
534 3173 800 3229 Patavino
829 3174 1061 3228 alterum
1077 3172 1334 3229 Suetonii
1364 3173 1636 3241 codicem,
1671 3172 1728 3227 in
1760 3189 1869 3245 quo
1899 3173 2009 3231 alia

195 3258 500 3313 Illustrium
552 3256 800 3314 virorum
856 3272 989 3327 pars
1052 3255 1297 3325 inesset,
1350 3261 1754 3311 concrematum
1805 3257 2007 3328 arguit.

330 3383 423 3448 27)
463 3382 680 3435 Gellium
727 3400 928 3449 quoque
974 3384 1093 3434 huic
1137 3385 1306 3434 libello
1350 3386 1533 3435 debere
1582 3387 1796 3438 arbitror
1811 3424 1826 3447 ,
1878 3402 2009 3450 quae

199 3453 406 3572 Quill
446 3468 551 3504 non
596 3455 808 3504 nimium
855 3454 1125 3519 diligenter
1167 3453 1232 3503 de
1278 3451 1596 3518 philosophis
1630 3465 1680 3503 et
1722 3454 2008 3504 rhetoribus

1573 3635 1582 3642 .
1683 3590 1751 3643 d*

2027 2003 2198 2046 saeculo
2240 2004 2320 2047 XV

2056 2054 2203 2096 medio
2241 2056 2288 2097 in

2091 2109 2261 2148 ventus.
