2553 3960
446 250 1002 300 nEPan'ronum
1042 252 1404 300 mmmmm
1442 253 1841 313 ammonuit.
2027 239 2152 305 315

275 404 601 483 Innocens,
640 406 933 485 innoxius]
983 407 1264 467 innocens
1305 415 1397 466 est
1438 407 1649 466 nemini
1691 425 1944 487 nocens,
1988 408 2150 468 inno·

150 491 281 551 xius
313 490 485 570 culpa
517 489 822 551 cuiuslibet
851 489 1102 550 criminis
1128 508 1366 551 vacuus.

279 573 547 635 Inducias
599 573 808 634 foedus
864 582 923 634 et
963 592 1168 654 pacem
1215 574 1332 635 hoc
1374 574 1644 652 interest,
1690 575 1846 654 quod
1887 574 2153 636 induciae

151 675 393 717 numero
412 658 629 718 dierum
658 658 941 735 finiuntur,
968 658 1124 737 quod
1149 667 1207 718 et
1234 667 1592 738 sequestram
1622 676 1828 739 pacem
1858 657 2155 739 appellant

102 754 128 794 ⁶
153 749 242 802 ut:
266 758 433 820 pace
463 747 789 822 sequestra
813 740 928 803 Bis
954 759 1139 804 sanos
1159 742 1457 822 pepiyere
1491 743 1624 806 dies
1635 767 1666 814 ,·
1697 742 1906 804 foedus
1934 744 1992 803 in
2020 760 2152 822 per·

156 834 391 903 petuum
420 827 599 886 autin
633 843 907 887 annorum
939 834 1159 887 certum
1192 844 1484 888 numerum
1513 827 1727 896 fertur3
1771 845 1885 906 pax
1921 844 2047 887 cum
2080 842 2153 886 eo

156 908 377 987 populo
421 909 802 988 conponitur,
861 910 957 989 qui
1004 910 1349 970 imbecillior
1393 920 1483 972 est
1524 911 1709 974 altero
1755 909 2154 988 praevalente,

155 994 253 1072 qui
284 993 572 1053 existimet
601 995 772 1053 tutius
803 1011 939 1054 esse
968 994 1078 1054 sibi
1111 991 1472 1055 descendere
1501 995 1559 1054 in
1589 994 1956 1055 conditiones
1988 994 2156 1074 pacis

155 1094 324 1155 quam
358 1075 583 1137 dubiam
612 1076 754 1137 belli
781 1077 1067 1137 fortunam
1097 1079 1374 1158 experiri.

82 1169 135 1212 ¹⁰
281 1159 514 1237 Laniat,
559 1160 836 1239 lancinat,
880 1161 1098 1223 lacerat
1142 1161 1260 1223 hoc
1293 1162 1513 1240 differt,
1557 1160 1712 1241 quod
1744 1161 1920 1226 laniat
1944 1162 2152 1239 lanius,

154 1262 282 1304 cum
311 1244 567 1304 membra
600 1245 892 1324 decerpit;
934 1244 1153 1309 lacerat
1182 1247 1278 1326 qui
1321 1246 1579 1325 partibus
1618 1246 1737 1306 suis
1765 1244 2023 1308 membra
2053 1245 2153 1307 de-

150 1330 366 1394 stituit:
411 1328 660 1388 lancinat
689 1330 784 1407 qui
813 1330 1086 1392 inutiliter
1114 1330 1368 1391 membra
1397 1329 1696 1408 discerpit.

279 1410 481 1471 Lustra
540 1411 823 1490 producte
880 1421 940 1472 et
975 1413 1157 1474 lustra
1208 1423 1483 1493 correpte
1521 1413 1638 1474 hoc
1680 1414 1954 1491 interest,
2001 1411 2155 1491 quod

151 1493 334 1555 lustra
368 1503 527 1554 certa
555 1503 819 1575 tempora
851 1504 997 1574 sunt,
1027 1495 1208 1557 lustra
1239 1496 1479 1560 latibula
1511 1497 1764 1557 ferarum
1787 1496 1882 1557 vel
1906 1496 2152 1575 turpium

80 1597 133 1639 ιε
155 1579 444 1639 hominum
483 1579 878 1660 receptacula.

280 1661 556 1740 Legatum
599 1672 659 1723 et
700 1663 1018 1742 oratorem]
1064 1662 1294 1739 legatus
1327 1662 1541 1741 legitur
1573 1663 1645 1724 ad
1691 1663 1945 1724 officium
1997 1682 2029 1725 a
2074 1665 2152 1724 ci·

153 1749 364 1816 vitate3
410 1755 607 1809 orator
642 1746 710 1808 ad
746 1746 1018 1808 orandum
1053 1748 1296 1824 missus,
1327 1747 1407 1808 uti
1461 1748 1581 1808 oris
1626 1748 1851 1808 ratione
1897 1757 2154 1827 exponat

151 1831 209 1892 id
238 1829 390 1910 quod
423 1832 585 1910 petit.

279 1913 523 1976 Liberos
567 1924 625 1975 et
659 1914 838 1996 filios]
875 1914 974 1976 filii
1009 1914 1326 1977 masculino
1361 1932 1585 1994 genere
1617 1924 1941 1996 ponuntur,
1982 1915 2153 1977 liberi

76 2018 134 2059 πο
151 2000 210 2060 in
245 2008 492 2079 utroque
526 2018 698 2068 sexu:
747 2009 806 2060 et
837 2000 990 2079 quod
1031 1999 1130 2060 filii
1162 2000 1228 2058 in
1250 2017 1544 2060 numerum
1586 1999 1939 2078 singularem
1980 2019 2151 2062 revo-

153 2085 273 2144 cari
305 2093 578 2163 possunt,
610 2084 780 2144 liberi
810 2101 926 2145 non
957 2092 1225 2164 possunt3
1267 2083 1468 2162 (nemo
1499 2085 1647 2144 enim
1673 2083 1811 2145 dicit
1852 2086 1948 2163 qui
1978 2083 2155 2146 habet

148 2185 320 2227 unum
352 2168 557 2228 filium:
603 2186 772 2228 unum
801 2168 1044 2228 liberum
1071 2166 1298 2248 habeo)
1329 2169 1464 2228 item
1499 2168 1656 2248 quod
1686 2167 1766 2229 fili
1798 2170 1982 2229 omnis
2014 2186 2150 2241 con-

151 2251 383 2311 ditionis
414 2251 859 2330 intelleguntur,
902 2261 1015 2312 tam
1050 2253 1209 2312 servi
1239 2269 1410 2331 quam
1438 2251 1707 2330 ingenui,
1749 2252 1918 2313 liberi
1958 2262 2149 2314 autem

149 2351 268 2394 non
300 2335 560 2394 dicuntur
587 2336 696 2394 nisi
724 2338 819 2415 qui
852 2334 924 2395 ab
953 2337 1217 2414 ingenuis
1250 2345 1580 2396 nascuntur.

76 2439 132 2480 τε
276 2416 469 2496 L'eges
504 2426 563 2478 et
590 2419 712 2479 iura
742 2419 858 2479 hoc
887 2419 1110 2496 differt,
1155 2419 1311 2499 quod
1349 2421 1471 2480 iura
1501 2429 1742 2499 reperta
1771 2428 1902 2480 sunt
1934 2420 2005 2480 ab
2041 2419 2146 2481 ho·

148 2509 315 2561 nesta
355 2501 804 2571 consuetudine;
856 2501 1033 2585 (unde
1075 2504 1243 2562 etiam
1274 2504 1364 2563 ius
1397 2513 1454 2564 et
1496 2504 1711 2565 iustitia
1758 2504 1882 2584 pari
1923 2505 2151 2566 ratione

149 2585 413 2647 dicuntur
440 2586 513 2648 ab
546 2586 712 2646 unius
741 2587 1017 2664 cuiusque
1047 2583 1202 2668 iure)
1238 2586 1428 2667 leges,
1462 2587 1616 2666 quod
1648 2587 1876 2649 electae
1910 2589 2022 2648 sint
2054 2587 2150 2648 vel

146 2671 466 2730 sententias
494 2670 674 2730 artius
703 2671 888 2748 ligent
918 2689 1017 2730 seu
1050 2671 1310 2748 alligent.
1854 2704 1862 2711 ·

273 2751 592 2830 Legionem
641 2764 698 2814 et
733 2753 1029 2833 dilectum]
1067 2754 1227 2832 legio
1258 2755 1466 2816 dicitur
1498 2756 1755 2817 virorum
1787 2756 2003 2818 electio
2028 2756 2147 2834 for·

69 2851 125 2894 ao
147 2838 285 2896 tium
319 2836 414 2896 vel
447 2847 641 2897 certus
673 2837 907 2898 militum
937 2856 1228 2915 numeruS,
1259 2838 1318 2899 id
1348 2848 1439 2899 est
1462 2840 1524 2907 V.
1555 2853 1669 2908 1303
1716 2837 1968 2902 dilectos
1999 2856 2148 2921 quos

143 2922 395 2981 maxime
426 2918 748 3000 diligimus,
783 2931 851 2981 'ut
880 2921 1042 2983 filios
1060 2931 1339 3003 parentes
1368 2932 1656 3002 cognatos
1687 2925 1784 2984 vel
1815 2924 2048 2985 fratres.

267 3002 596 3067 Ludibrium
646 3013 705 3066 et
755 3003 1063 3086 ludicrum]
1117 3004 1420 3068 ludibrium
1458 3009 1516 3068 in
1563 3008 1803 3070 alterius
1849 3009 2141 3078 iniuriam;

144 3089 424 3150 ludicrum
461 3107 576 3169 quo
612 3091 723 3169 ipsi
759 3090 1114 3153 delectamur
1140 3092 1264 3152 sine
1297 3093 1629 3171 cuiusquam
1664 3093 2025 3153 contumelia.

269 3173 351 3234 Mi
395 3184 453 3234 et
491 3173 625 3234 mihi
667 3173 782 3235 hoc
814 3174 1036 3252 differt,
1071 3175 1147 3235 mi
1190 3192 1513 3254 pronomen
1556 3186 1646 3236 est
1675 3178 1930 3238 vocativi
1974 3195 2143 3238 casus

71 3258 125 3302 ²5
146 3265 205 3317 et
234 3258 394 3317 venit
424 3275 456 3317 a
488 3258 837 3319 nominativo
871 3277 1064 3328 meus;
1109 3259 1243 3320 mihi
1276 3261 1660 3340 compositum
1690 3277 2011 3339 pronomen
2041 3259 2139 3322 da-

142 3341 245 3401 tivi
279 3359 478 3410 casus;
525 3351 584 3401 et
609 3343 685 3402 mi
718 3342 1028 3422 aliquando
1060 3343 1291 3422 ponitur
1321 3362 1432 3424 pro
1465 3342 1743 3406 adverbio
1787 3345 2041 3406 adfativo
2080 3352 2141 3404 ut

141 3423 287 3485 vale
312 3424 398 3485 mi
414 3424 621 3504 frater
647 3427 978 3489 carissime
1010 3426 1175 3489 mihi.

267 3507 577 3569 Miseratus
622 3519 682 3570 et
718 3512 1012 3592 misertus]
1057 3509 1209 3592 quod
1239 3513 1502 3573 miserari
1547 3511 1889 3574 calamitatis
1928 3518 1987 3570 et
2017 3509 2136 3569 for·
