2553 3960
515 145 1070 224 DEPERm'roRUM
1112 171 1477 224 Lmnonmu
1521 176 1922 235 RELIQmAE.
2123 164 2245 227 287

241 333 505 395 fenderet
532 341 760 411 partes,
794 333 978 410 primo
1007 330 1280 405 Quirinus
1312 340 1401 390 est
1433 331 1650 406 dictus,
1682 330 1814 391 inde
1839 329 2080 407 Caesar,
2115 340 2248 409 post
2354 388 2359 392 .

240 420 297 477 in
325 419 555 477 nomine
585 417 898 493 permansit
918 414 1185 491 Augusti.
1238 414 1497 475 Servius
1519 414 1607 474 ad
1635 412 1810 494 Very.
1840 415 2042 492 Geor-9
2069 423 2126 490 3,
2155 423 2247 474 27.

245 501 518 563 Ioannes
547 497 921 560 Laurentius
961 496 1175 577 Lydus
1222 500 1300 559 de
1340 498 1652 559 mensibus
1702 508 1742 558 4
1794 517 1858 577 p.
1911 506 2016 558 101
2048 497 2243 559 Bonn.

253 584 469 645 Verum
502 582 834 643 Suetonius
865 600 1063 661 supra
1090 601 1156 661 p.
1198 592 1279 644 40
1307 583 1383 642 de
1420 580 1710 702 ThurinO,
1736 600 1859 643 non
1887 582 1964 642 de
1989 578 2248 654 Quirino

203 688 229 727 5
249 667 605 749 coynomine
635 674 1089 727 commemorat.

369 751 721 811 Naturaliter
749 750 1047 827 Augustus
1076 752 1287 827 igneos
1311 750 1515 810 oculos
1546 750 1820 810 habuisse
1845 750 2070 827 dicitur,
2102 750 2248 810 adeo

247 845 307 896 ut
337 835 593 896 obtutum
626 838 749 894 eius
785 853 952 895 nemo
985 843 1184 894 contra
1223 844 1535 913 aspectare
1568 842 1802 913 posset,
1842 834 2087 914 denique
2128 836 2250 911 qui-

248 920 375 980 dam
407 937 585 999 eques
613 920 907 979 Romanus
945 920 1338 995 interrogatus
1372 918 1443 978 ab
1477 936 1580 995 eo,
1615 936 1715 977 cur
1746 937 1810 978 se
1843 921 1971 978 viso
1996 927 2252 977 verteret

246 1005 490 1080 faciem,
522 1002 764 1063 dixerit:
803 1006 934 1081 quia
960 1002 1175 1062 fulmen
1200 1002 1504 1062 oculorum
1535 1012 1758 1062 tuorum
1783 1003 1942 1062 ferre
1970 1020 2084 1062 non
2116 1020 2250 1081 pos·

179 1112 227 1153 10
248 1108 400 1157 sum;
450 1089 598 1148 sicut
638 1090 715 1146 ait
755 1087 1084 1146 Suetonius.
1144 1085 1404 1146 Servius
1449 1086 1537 1145 ad
1584 1084 1762 1165 Very.
1812 1085 1965 1147 Aen.
2016 1094 2071 1161 8,
2113 1093 2248 1147 680.

246 1171 484 1233 Horum
518 1172 828 1232 minimam
856 1177 1100 1248 partem
1121 1169 1310 1231 habet
1330 1168 1664 1230 Suetonius
1685 1188 1885 1249 supra
1902 1189 1968 1251 p.
2001 1178 2093 1246 73,
2113 1170 2248 1248 ple-

246 1274 444 1335 raque
472 1253 766 1316 Aurelius
802 1254 1011 1316 Victor
1041 1255 1106 1314 in
1139 1255 1401 1332 epitome
1429 1264 1482 1330 1,
1518 1263 1610 1315 20.

375 1332 508 1399 Καὶ
534 1335 729 1398 τοῦτο
772 1330 1200 1435 Τραγκυλλος
1228 1333 1302 1398 ἐν
1330 1345 1467 1408 τοῖς
1501 1331 1650 1434 περὶ
1671 1326 2078 1415 Λυγούστου
2104 1334 2249 1397 δια-

250 1418 606 1502 μέμνηται
656 1414 886 1482 ἰδόντα
915 1414 1041 1518 γάρ
1089 1433 1253 1499 φησι
1299 1410 1417 1481 τὸν
1459 1411 1864 1517 Αὔγουστον
1905 1416 1979 1481 ἐν
2021 1417 2113 1504 τῷ
2141 1416 2254 1480 ἱπ-

182 1529 233 1569 15
252 1504 593 1609 ποδρομίῳ
618 1494 802 1575 τινὰς
828 1501 960 1564 τῶν
973 1493 1323 1603 Ρωμαίων
1351 1498 1456 1563 ἐπὶ
1481 1494 1555 1565 τὸ
1577 1494 1994 1600 βαρβαρικὸν
2019 1482 2254 1564 ἐσταλ-

252 1585 498 1687 μένους
546 1578 1020 1686 αγανακτῆσαι,
1054 1575 1142 1683 (ξς
1170 1577 1310 1647 ἐν’
1272 1595 1513 1685 ακαρεϊ
1545 1577 1704 1658 τούς
1732 1581 2256 1679 καταγνωσθέν-

254 1693 367 1744 τας
396 1663 857 1752 ἀποβαλόντας
890 1661 964 1732 τὸ
1006 1662 1355 1752 βαρβαρον
1396 1662 1585 1750 μόγις
1617 1667 2115 1751 ἐπιγνωσθῆναι
2164 1666 2256 1755 τῷ

252 1756 558 1836 Καίσαρι.
623 1754 896 1817 Ioannes
926 1754 1302 1815 Laurentius
1340 1753 1549 1833 Lydus
1594 1755 1671 1814 de
1695 1755 2041 1835 mayistrat.
2074 1737 2249 1815 Rom.

257 1851 311 1918 1,
351 1849 423 1901 12
461 1860 524 1919 p.
562 1849 667 1900 131
706 1839 904 1901 Bonn.
952 1857 1211 1918 quorum
1247 1846 1573 1917 postrema
1614 1840 1787 1918 apud
1833 1837 2251 1919 Tranquillum

181 1947 236 1987 20
250 1945 316 2006 p.
354 1934 453 2001 56,
492 1933 567 1986 36
597 1943 719 1987 non
750 1924 1046 2005 leyuntur.

383 2010 674 2069 Sexcenta
714 2009 868 2068 milia
911 2007 1250 2068 Iudaeorum
1298 2026 1369 2068 eo
1408 2008 1567 2069 hello
1600 2009 1904 2069 interfecta
1944 2007 2251 2068 Cornelius

246 2092 305 2143 et
346 2085 657 2142 Suetonius
699 2083 974 2142 referunt.
1071 2081 1339 2144 Orosius
1380 2093 1434 2158 7,
1484 2091 1536 2144 9.
1626 2084 1795 2146 Sane
1835 2083 2147 2144 Eusebius
2189 2085 2253 2143 in

248 2166 558 2228 Chronico
589 2173 650 2226 et
688 2164 941 2228 Tacitus
974 2167 1115 2228 hist.
1158 2177 1366 2242 5,13,·
1407 2168 1738 2229 Suetonius
1768 2187 1891 2229 non
1921 2166 2080 2228 item.

381 2263 456 2323 X.
512 2257 782 2342 Στέμμα
804 2251 1147 2342 Ῥωμαίων
1176 2251 1447 2341 ἀνδρῶν
1473 2253 1833 2343 ἐπισήμων.
1885 2261 2141 2323 Βαίἀαε.

175 2374 234 2412 25
395 2360 707 2410 Vocabulum
742 2355 968 2424 Στέμμα
1002 2362 1066 2411 ad
1110 2362 1423 2427 superiorem
1460 2362 1659 2412 titulum
1694 2363 1945 2428 pertinere
1984 2374 2165 2411 censeo
2204 2368 2255 2410 et

258 2429 543 2480 addendam
582 2426 677 2477 hoc
707 2429 814 2478 loco
845 2431 1266 2495 praepositionem
1304 2428 1452 2490 περί.
1493 2427 1790 2492 Στέμματα
1832 2431 2096 2497 proposuit
2139 2443 2251 2478 cnm

261 2499 490 2549 Ernestio
517 2498 569 2545 in
593 2496 807 2546 Fabricii
829 2497 1128 2547 bibliotheca
1152 2501 1200 2558 2,
1233 2513 1287 2563 p.
1318 2497 1424 2548 464
1454 2500 1604 2548 etiam
1626 2498 1946 2562 UBernhardy

383 2579 678 2653 HortariS,
722 2577 971 2656 Dexter,
1010 2589 1066 2640 ut
1096 2581 1484 2659 Tranquillum
1524 2600 1775 2660 sequens
1819 2581 2255 2641 ecclesiasticos

258 2664 581 2742 scriptores
626 2663 682 2720 in
724 2662 982 2722 ordinem
1024 2664 1315 2741 digeram,
1353 2674 1409 2725 et
1440 2665 1593 2744 quod
1630 2666 1729 2725 ille
1766 2667 1822 2724 in
1856 2655 2255 2725 enumerandis

175 2771 234 2812 30
257 2745 1050 2824 gentiliumlitterarumviri
1071 2768 1098 2808 s
1136 2748 1280 2808 fecit
1321 2750 1776 2830 illustribus,
1811 2767 1922 2826 ego
1960 2751 2016 2807 in
2043 2750 2257 2808 nostris

254 2831 487 2904 faciam,
515 2826 578 2888 id
609 2839 698 2889 est
726 2839 828 2889 ut.
874 2848 1119 2891 ‚omnes
1143 2834 1236 2911 qui
1264 2832 1337 2893 de
1370 2835 1675 2911 scripturis
1701 2834 1916 2893 sanctis
1944 2833 2257 2891 memoriae

254 2913 473 2992 aliquid
515 2913 889 2991 prodiderunt
922 2915 1021 2975 tibi
1058 2916 1316 2976 breviter
1340 2934 1648 2996 exponam.
1714 2917 2004 2978 Fecerunt
2029 2916 2257 2995 quidem

251 2999 373 3058 hoc
409 2998 563 3057 idem
591 2998 741 3075 apud
775 2999 1033 3060 Graecos
1063 3000 1414 3080 Hermippus
1446 3003 1896 3080 peripateticus,
1929 2998 2256 3077 Antigonus

256 3080 590 3159 Carystius„
623 3083 864 3157 Satyrus
897 3083 1100 3143 doctus
1129 3086 1248 3161 vir,
1283 3094 1340 3144 et
1374 3084 1552 3162 longe
1597 3088 1843 3144 omnium
1894 3085 2259 3144 doctissimus

176 3186 236 3228 85
259 3166 649 3226 Aristoxenus
708 3167 987 3235 musicus:
1049 3167 1201 3245 apud
1250 3169 1482 3229 Latinos
1540 3179 1728 3229 autem
1777 3171 1999 3244 Verre,
2034 3170 2256 3242 Santra,

258 3250 462 3329 Nepos
484 3296 501 3327 ,
546 3249 807 3326 Hyginus
839 3259 900 3309 et
944 3250 1044 3328 (ad
1079 3253 1241 3310 cuius
1273 3270 1380 3311 nos
1410 3253 1739 3331 exemplum
1771 3255 1861 3311 vis
1892 3250 2255 3330 provocare)

262 3332 649 3411 Tranquillus.
707 3332 1121 3414 Hieronymus
1152 3334 1238 3394 ad
1262 3333 1566 3395 Dextrum
1592 3344 1630 3396 t.
1670 3344 1705 3396 2
1729 3355 1793 3415 p.
1833 3343 1948 3396 821
1985 3333 2254 3394 Vallars.

265 3416 487 3493 Scripsi
530 3416 740 3477 librum
780 3419 866 3478 de
916 3418 1359 3478 illustribus
1419 3420 1604 3478 viris
1641 3464 1654 3478 .
1690 3464 1703 3477 .
1740 3464 1754 3479 .
1787 3420 2034 3478 imitatus
2079 3415 2255 3475 Tran-
