2553 3960
543 210 1100 260 DEPERm'roRUM
1141 209 1505 263 mmmmm
1543 210 1947 271 numanus.
2125 198 2252 261 297

235 369 379 431 Nam
410 368 562 447 apud
598 385 730 427 eum
773 366 1024 445 epistola
1056 366 1343 426 invenitur
1390 364 1636 443 Augusti
1677 364 2032 443 increpantis
2063 364 2246 427 Hera·

235 457 405 529 tium,
458 452 612 531 quod
652 468 768 511 non
812 450 884 510 ad
914 467 982 510 se
1024 467 1258 529 quoque
1294 449 1536 527 plurima
1565 450 1803 510 scribat.
1873 448 2134 511 Scholia
2163 450 2255 512 ad

235 537 460 600 Horat.
494 536 672 614 epist.
710 543 766 611 2,
800 543 854 610 1,
890 543 924 594 1
944 578 959 592 .
985 579 999 592 .
1021 578 1038 593 .
1059 532 1131 606 Q.
1163 533 1438 594 Horatius
1465 531 1737 613 Flaccus,
1767 532 2117 610 Venusinus,
2129 553 2247 614 pa-

237 630 329 683 tre
358 631 420 681 ut
443 621 573 698 ipse
604 618 777 679 tradit
817 617 1104 679 libertino
1137 625 1196 678 et
1223 618 1617 679 exactionum
1642 623 1953 694 coactare,
1985 618 2079 697 (ut
2105 638 2249 680 vere

191 723 218 763 s
241 706 521 766 creditum
559 711 652 763 est
699 701 1174 782 salsamentario,
1228 719 1357 761 cum
1399 701 1482 761 illi
1516 702 1747 780 quidam
1777 704 1833 760 in
1864 702 2247 764 altercatione

237 787 687 867 exprobrasset·
753 783 1047 860 Quotiens
1092 804 1204 865 eqo
1245 785 1382 846 cidi
1413 793 1661 864 patrem
1688 792 1855 847 tuum
1893 784 2153 849 brachio
2182 805 2252 848 se

236 866 729 953 emunyentemI)
777 868 939 930 bello
971 868 1331 949 Philippensi
1371 871 1598 929 excitus
1633 888 1664 930 a
1706 869 1903 930 Marco
1934 869 2112 931 Bruto
2148 872 2248 931 im·

236 966 545 1038 peratore,
606 955 867 1015 tribunus
911 953 1146 1014 militum
1183 954 1420 1020 meruit:
1464 954 1753 1033 victisque
1784 953 2045 1033 partibus
2079 957 2249 1016 venia

236 1045 522 1121 inpetrata
552 1039 830 1117 scriptum
862 1038 1253 1116 quaestorium
1288 1039 1663 1115 comparavit.
1726 1037 1816 1098 Ac
1861 1040 2046 1138 primo
2090 1039 2247 1100 Mae-

166 1145 217 1187 10
240 1126 472 1202 cenati,
501 1140 638 1184 mox
669 1121 935 1200 Augusto
972 1123 1289 1182 insinuatus
1331 1139 1446 1183 non
1473 1122 1877 1183 mediocrem
1860 1141 1916 1182 m
1952 1124 2248 1184 amborum

234 1209 483 1272 amicitia
522 1209 716 1269 locum
765 1208 965 1266 tenuit.
1039 1205 1352 1266 Maecenas
1394 1215 1759 1286 quantopere
1802 1225 1931 1267 eum
1977 1207 2250 1268 dilexerit

235 1295 376 1355 satis
404 1301 649 1354 testatur
679 1290 781 1350 illo
815 1292 1263 1369 epigrammate:

540 1379 617 1434 Ni
643 1386 693 1434 te
724 1379 1020 1434 visceribus
1046 1381 1178 1435 meis
1193 1422 1206 1448 ,
1235 1379 1458 1447 Horati,

538 1462 680 1519 Plus
705 1464 820 1517 iam
850 1464 1009 1534 diligo
1025 1505 1038 1530 ,
1073 1469 1130 1518 tu
1158 1468 1308 1517 tuum
1337 1464 1580 1518 sodalem

169 1560 218 1602 ιε
543 1545 746 1603 Innulo
772 1547 960 1604 videas
986 1547 1356 1618 striyosiorem
1372 1570 1390 1607 ;

236 1628 343 1689 sed
384 1627 560 1687 multo
605 1628 789 1703 magis
832 1627 1109 1686 extremis
1143 1624 1369 1684 iudiciis
1410 1626 1513 1686 tali
1548 1625 1621 1685 ad
1654 1624 1977 1702 Augustum
2007 1626 2243 1704 elogio:

236 1709 466 1773 Horati
506 1709 720 1772 Flacci
761 1716 827 1770 ut
865 1709 987 1769 mei
1026 1714 1155 1770 esto
1195 1711 1466 1769 memor!
1543 1709 1840 1786 Augustus
1872 1710 2246 1789 epistolarum

239 1811 473 1874 quoque
521 1796 577 1855 ei
619 1793 873 1854 officium
916 1793 1143 1871 optulit.
1217 1792 1346 1853 Hoc
1383 1792 1454 1852 ad
1485 1791 1881 1853 Maecenatem
1916 1795 2137 1872 scripto
2171 1795 2245 1853 si·

237 1879 499 1957 gnificat:
554 1876 714 1939 Ante
741 1878 878 1957 ipse
905 1875 1294 1956 sufficiebam
1321 1875 1670 1938 scribendis
1700 1877 1982 1955 epistolis
2014 1878 2243 1939 amico-

165 1982 219 2024 κο
237 1982 375 2024 rum
390 2008 408 2040 ,
450 1980 614 2024 nunc
647 1961 1167 2042 occupatissimus
1192 1966 1253 2023 et
1281 1960 1564 2040 infirmus
1596 1960 1927 2024 Horatium
1966 1968 2246 2025 nostrum

238 2065 281 2108 a
309 2053 367 2109 te
397 2047 577 2126 cupio
610 2045 939 2108 abducere.
984 2044 1190 2107 Veniet
1219 2064 1367 2126 erqo
1396 2045 1477 2107 ab
1505 2047 1631 2108 ista
1652 2047 2012 2126 parasitica
2031 2065 2248 2108 mensa

236 2131 325 2194 ad
351 2132 514 2193 hanc
539 2131 797 2211 reyiam,
834 2138 892 2192 et
917 2149 1033 2192 nos
1060 2131 1125 2191 in
1153 2130 1432 2209 epistolis
1457 2131 1807 2193 scribendis
1828 2130 2085 2192 iuvabit.
2155 2132 2246 2192 Ac

234 2234 308 2276 ne
347 2217 639 2276 recusanti
681 2216 913 2295 quidem
958 2225 1055 2275 aut
1098 2216 1427 2275 suscensuit
1457 2217 1767 2296 quicquam
1803 2224 1900 2276 aut
1940 2217 2245 2277 amicitiam

213 2319 397 2361 suam
431 2301 702 2377 ingerere
747 2300 934 2360 desiit.
1001 2298 1216 2359 Extant
1257 2299 1580 2377 epistolae,
1626 2318 1659 2360 e
1692 2300 1899 2399 quibus
1925 2302 2243 2378 argumenti

163 2404 219 2446 2⁶
237 2384 421 2461 gratia
477 2400 661 2481 pauca
712 2384 965 2444 subieci:
1025 2382 1212 2444 Sume
1262 2382 1375 2443 tibi
1428 2383 1670 2464 aliquid
1715 2383 1876 2444 iuris
1919 2384 2094 2464 apud
2124 2403 2240 2460 me,

237 2475 548 2547 tamquam
588 2467 650 2526 si
690 2467 1006 2529 convictor
1037 2466 1185 2528 mihi
1220 2465 1468 2545 fueris,·
1526 2475 1692 2529 recte
1723 2468 1881 2529 entim
1921 2474 1979 2528 et
2003 2486 2128 2529 non
2157 2476 2238 2528 te-

233 2569 400 2612 mere
426 2549 686 2629 feceris,
725 2551 1015 2634 quoniam
1057 2551 1127 2611 id
1152 2568 1307 2611 usus
1347 2551 1497 2612 mihi
1533 2559 1728 2613 tecum
1759 2568 1897 2612 esse
1922 2552 2120 2628 colui,
2186 2552 2247 2612 si

230 2653 349 2716 per
377 2635 776 2696 valitudinem
803 2640 971 2695 tuam
990 2635 1134 2714 fieri
1150 2635 1374 2714 possit.
1452 2640 1520 2695 Et
1546 2654 1776 2696 rursus:
1860 2634 1976 2697 Tui
2003 2635 2246 2716 qualem

235 2718 500 2780 habeam
521 2719 901 2795 memoriam,
927 2719 1168 2799 poteris
1190 2737 1270 2780 em
1293 2718 1588 2798 Septimio
1616 2737 1856 2800 quoque
1881 2726 2095 2783 nostro
2130 2737 2241 2782 au-

162 2822 219 2864 so
236 2803 418 2873 dire;
403 2820 588 2863 ·nam
616 2803 834 2865 incidit
856 2810 922 2864 ut
945 2802 1054 2865 illo
1086 2821 1301 2865 coram
1330 2804 1505 2883 fieret
1538 2820 1580 2863 a
1604 2822 1701 2864 me
1730 2804 1820 2865 tui
1845 2804 2088 2865 mentia.
2120 2802 2242 2865 Ne-

236 2906 353 2969 que
380 2887 538 2948 enim
566 2886 624 2948 si
646 2894 710 2948 tu
736 2885 1045 2967 superbus
1072 2887 1410 2948 amicitiam
1439 2895 1720 2950 nostram
1747 2889 2069 2967 sprevisti,
2103 2888 2243 2950 ideo

232 2989 351 3034 nos
381 2989 621 3052 quoque
650 2960 1384 3070 ἄνθυφερῃφανοῦμεν.
1446 2972 1760 3033 Praeterea
1789 2990 1971 3051 saepe
2003 2991 2129 3032 eum
2162 2975 2243 3033 in-

233 3065 326 3116 ter
353 3056 504 3116 alios
538 3057 704 3116 iocos
729 3056 1130 3135 purissimum
1154 3073 1375 3135 penem
1397 3063 1461 3117 et
1482 3055 1945 3118 homuncionem
1983 3056 2239 3136 lepidis-

233 3140 453 3201 simum
497 3140 791 3219 appellat,
839 3158 1067 3219 unaque
1100 3149 1159 3200 et
1202 3140 1387 3201 altera
1435 3140 1788 3201 liberalitate
1838 3141 2239 3219 locupletavit.

162 3225 465 3304 asscripta
509 3225 739 3304 quidem
784 3226 907 3286 eius
947 3243 1132 3304 usque
1170 3226 1323 3286 adeo
1368 3225 1637 3304 probavit
1683 3242 2068 3305 mansuraque
2110 3245 2243 3305 per-

236 3318 410 3387 petua
460 3312 727 3387 opinatus
763 3319 900 3385 -est,
954 3318 1014 3369 ut
1057 3327 1172 3370 non
1202 3309 1377 3369 modo
1411 3309 1695 3370 Seculare
1742 3326 1975 3369 carmen
2005 3327 2244 3388 compo-

234 3392 482 3453 nendum
513 3394 822 3454 iniunxerit
862 3392 971 3454 sed
1016 3404 1075 3454 et
1099 3393 1464 3454 vindelicam
1508 3394 1811 3453 victoriam
1847 3392 2065 3453 Tiberii
2094 3393 2241 3453 Dru-

234 3476 436 3553 sique,
482 3477 873 3556 privignorum
917 3495 1185 3554 suorum,
1230 3495 1476 3556 eumque
1524 3479 1790 3556 coegerit
1839 3484 2083 3555 propter
2128 3477 2244 3537 hoc
