2553 3960
326 225 444 288 182
512 237 572 286 ο.
605 236 906 286 stm'rom
940 236 1193 296 ΤΒΑΝρ.
1226 237 1323 284 DE
1354 236 1523 285 vrrA
1559 236 1924 284 CAESARUM
1953 237 2092 284 mn.
2117 237 2211 284 v1.

326 413 491 474 quam
540 403 747 474 postea
790 391 1024 470 publico
1072 409 1137 451 se
1183 390 1323 451 illud
1362 390 1543 451 horae
1585 392 1708 451 sine
1754 390 1995 450 tribunis
2040 390 2324 452 commisit

325 476 532 558 procul
567 487 624 537 et
655 476 884 536 occulte
915 474 1417 555 subsequentibus.
1484 474 1739 535 Interdiu
1770 492 2002 554 quoque
2035 474 2181 536 clam
2210 494 2315 553 ge-

325 563 561 624 statoria
592 561 738 621 sella
771 559 995 620 delatus
1025 562 1083 619 in
1111 558 1410 636 theatrum,
1442 558 1820 619 seditionibus
1844 561 2319 637 pantomimorum

326 666 358 707 e
391 654 556 726 parte
586 645 894 725 proscaeni
924 645 1228 722 superiore
1257 643 1500 720 signifer
1528 642 1692 702 si'mul
1735 661 1803 702 ac
1845 651 2145 722 spectator
2188 643 2319 704 ade·

323 740 439 800 rat3
475 739 533 790 et
563 747 688 789 cum
719 728 789 789 ad
816 745 1014 787 manus
1047 735 1279 787 ventum
1310 735 1469 786 esset
1490 726 1895 806 lapidibusque
1926 736 1985 787 et
2013 726 2319 787 subsellio·
2340 755 2368 794 5

323 832 447 874 rum
478 811 854 890 fragminibus
877 812 1310 888 decerneretur,
1341 810 1515 871 multa
1543 821 1601 871 et
1625 813 1751 890 ipse
1775 811 1913 870 iecit
1939 812 1996 869 in
2019 810 2317 890 populum,

238 922 303 978 27
325 908 496 978 atque
528 899 695 957 etiam
733 897 1019 975 praetoris
1059 904 1233 973 caput
1266 896 1675 956 consauciavit.
1765 894 2040 955 Paulatim
2070 912 2214 954 vero
2239 897 2319 954 in-

325 980 758 1042 valescentibus
791 981 965 1056 vitiis,
999 979 1276 1041 iocularia
1307 988 1365 1038 et
1393 978 1648 1040 latebras
1684 980 1872 1040 omisit
1903 978 2176 1059 nullaque
2205 979 2292 1039 dis

325 1065 625 1127 simulandi
654 1083 791 1124 cura
821 1064 891 1124 ad
929 1065 1145 1123 maiora
1178 1063 1366 1140 palam
1399 1064 1606 1142 erupit.

448 1148 667 1228 Epulas
697 1167 728 1208 a
759 1147 948 1208 medio
983 1146 1077 1206 die
1116 1146 1186 1206 ad
1206 1147 1450 1207 mediam
1475 1156 1705 1207 noctem
1730 1146 2126 1226 protrahebat,
2160 1147 2314 1206 refo·
2340 1159 2390 1201 ιο

322 1243 413 1294 tus
443 1233 676 1311 saepius
709 1231 909 1291 calidis
941 1232 1177 1309 piscinis
1216 1249 1285 1291 ac
1329 1239 1591 1308 tempore
1635 1233 1855 1292 aestivo
1901 1231 2142 1300 nivatis;
2189 1249 2319 1290 cae·
2402 1296 2403 1299 Ἴ

321 1316 654 1395 uitabatque
684 1332 1101 1394 nonnumquam
1134 1322 1193 1373 et
1233 1317 1290 1373 in
1335 1314 1593 1392 publico,
1637 1315 1968 1375 naumachia
2015 1314 2322 1393 praeclusa

321 1400 418 1460 vel
445 1400 648 1461 Martio
692 1416 897 1479 campo
941 1398 1035 1457 vel
1082 1399 1239 1458 circo
1284 1400 1551 1475 maximo,
1598 1401 1748 1459 iuter
1786 1408 2109 1460 scortorum
2148 1400 2322 1459 totius

321 1484 481 1544 urbis
532 1492 589 1543 et
641 1482 1062 1544 ambubaiarum
1110 1483 1442 1543 ministeria.
1532 1483 1814 1558 Quotiens
1854 1481 2069 1542 Ostiam
2123 1482 2320 1543 Tiberi

322 1568 604 1629 deflueret
634 1576 729 1628 aut
756 1567 1027 1627 Baianum
1060 1568 1241 1626 sinum
1272 1567 1827 1645 praeternavigaret,
1866 1567 2185 1646 dispositae
2212 1585 2320 1645 per
2340 1587 2393 1628 ιε

320 1653 493 1713 litora
542 1660 601 1710 et
669 1653 828 1730 ripas
893 1651 1265 1710 deversoriae
1320 1650 1594 1711 tabernae
1653 1651 2002 1731 parabantur
2057 1651 2319 1728 insignes

320 1754 510 1813 ganea
542 1744 601 1795 et
629 1745 1014 1796 matronarum
1042 1734 1325 1794 institorio
1375 1752 1555 1813 copas
1600 1735 1929 1796 imitantium
1976 1743 2146 1815 atque
2188 1735 2321 1795 hinc

320 1819 451 1879 inde
481 1820 828 1879 hortantium
859 1828 920 1879 ut
949 1818 1296 1897 appelleret.
1384 1818 1683 1880 Indicebat
1711 1828 1768 1880 et
1791 1818 2164 1879 familiaribus
2189 1837 2318 1879 cae-

319 1921 445 1980 naS,
484 1921 724 1983 quorum
753 1903 847 1962 uni
874 1903 1132 1962 mitellita
1163 1901 1513 1980 quadragies
1545 1905 1814 1964 sestertio
1843 1903 2116 1983 constitit,
2152 1902 2320 1962 alteri

320 1988 505 2067 pluris
538 1989 828 2067 aliquanto
858 1988 1102 2048 rosaria.
2335 2007 2390 2049 20

251 2100 321 2155 23
449 2072 641 2151 Super
673 2074 1050 2148 ingenuorum
1081 2071 1453 2150 paedagogia
1486 2080 1546 2131 et
1571 2079 1873 2149 nuptarum
1907 2070 2319 2131 concubinatus

321 2154 547 2217 Vestali
589 2155 799 2231 virgini
840 2153 1093 2216 Rubriae
1137 2158 1251 2216 vim
1294 2154 1511 2231 intulit,
1556 2155 1749 2215 Acten
1781 2155 2048 2216 libertam
2091 2153 2319 2234 paulum

318 2239 458 2300 afuit
488 2239 623 2318 quin
655 2239 804 2297 iusto
836 2238 943 2298 sibi
983 2239 1344 2299 matrimonio
1388 2240 1786 2316 coniungeret,
1828 2240 2139 2299 summissis
2184 2255 2317 2298 con·

319 2321 606 2383 sularibus
640 2323 773 2381 viris
809 2324 904 2402 qui
944 2323 1113 2399 regio
1156 2342 1379 2402 genere
1429 2332 1612 2383 ortam
1665 2324 2028 2400 peierarent;
2080 2340 2318 2401 puerum

319 2407 567 2484 Sporum
601 2407 826 2465 exectis
862 2405 1104 2466 testibus
1148 2409 1318 2468 etiam
1359 2409 1416 2466 in
1457 2405 1794 2467 muliebrem
1834 2416 2089 2468 naturam
2134 2415 2388 2468 trans-2⁶

319 2491 571 2567 figurare
603 2497 864 2567 conatus,
899 2508 1024 2550 cum
1055 2490 1190 2551 dote
1226 2501 1286 2551 et
1313 2491 1574 2551 flammeo
1607 2507 1714 2569 per
1749 2490 2050 2551 sollemnia
2093 2491 2309 2568 nuptia-

316 2592 439 2633 rum
489 2572 871 2634 celeberrimo
919 2574 1114 2636 officio
1159 2576 1461 2635 deductum
1507 2574 1578 2634 ad
1622 2592 1686 2633 se
1727 2593 1834 2654 pro
1880 2593 2065 2635 uxore
2100 2573 2315 2633 habuit.

315 2656 605 2737 Extatque
638 2657 928 2718 cuiusdam
957 2676 1071 2718 non
1095 2660 1334 2720 inscitus
1358 2661 1544 2736 iocus,
1576 2657 1727 2719 bene
1757 2659 1865 2738 aqi
1880 2657 2158 2737 potuisse
2181 2675 2317 2719 cum

314 2742 505 2803 rebus
533 2740 838 2818 humanis,
871 2742 933 2803 si
948 2741 1255 2804 Domitius
1279 2749 1464 2822 pater
1489 2743 1671 2804 talem
1692 2741 2014 2803 habuisset
2032 2758 2310 2802 umorem.

315 2825 477 2885 Hunc
518 2826 790 2905 Sporum,
834 2824 1219 2902 Augustarum
1261 2828 1610 2887 ornamentis
1653 2826 1940 2887 excultum
1985 2826 2385 2903 lecticaqueso

316 2919 578 2987 vectum,
630 2918 687 2970 et
736 2911 890 2969 circa
934 2919 1251 2969 conventus
1291 2920 1692 2989 mercatusque
1735 2909 2016 2971 Graeciae
2070 2927 2141 2971 ac
2179 2926 2315 2969 mox

314 2994 534 3054 Romae
568 2996 724 3054 circa
753 2993 1045 3070 Sigillaria
1092 2995 1395 3055 comitatus
1435 3003 1544 3071 est,
1593 2992 1900 3053 identidem
1944 2992 2311 3054 exosculans.

315 3074 460 3135 Nam
489 3079 685 3137 matris
718 3076 1079 3138 concubitum
1111 3078 1410 3156 appetisse
1440 3088 1498 3138 et
1532 3077 1601 3138 ab
1636 3077 2122 3138 obtrectatoribus
2167 3077 2311 3153 eius,

315 3176 388 3216 ne
419 3159 591 3219 ferox
626 3170 796 3239 atque
825 3162 1112 3239 impotens
1141 3161 1346 3222 mulier
1376 3171 1434 3223 et
1460 3163 1573 3222 hoc
1604 3180 1827 3239 genere
1872 3164 2094 3239 gratiae
2141 3177 2309 3239 prae-

316 3240 561 3319 valeret,
593 3242 946 3322 deterritum,
976 3262 1145 3304 nemo
1188 3245 1497 3323 dubitavit,
1542 3247 1736 3324 utique
1778 3255 2081 3326 postquam
2123 3254 2379 3304 mere-³⁵

314 3322 538 3399 tricem,
569 3342 735 3403 quam
768 3328 918 3388 fama
951 3338 1076 3389 erat
1108 3328 1471 3409 Agrippinae
1504 3329 1875 3407 simillimam,
1918 3332 2066 3390 inter
2098 3345 2310 3388 concu-

313 3403 477 3465 binas
509 3408 750 3484 recepit.
840 3410 986 3471 Olim
1021 3415 1189 3473 etiam
1223 3416 1490 3494 quotiens
1520 3413 1731 3474 lectica
1766 3432 1892 3474 cum
1920 3422 2102 3473 matre
2130 3410 2310 3471 vehe-

313 3493 493 3566 retur,
516 3487 869 3550 libidinatum
890 3494 1112 3556 inceste
1139 3516 1209 3558 ac
1230 3499 1469 3559 maculis
1493 3498 1672 3558 vestis
1696 3497 1986 3577 proditum
2005 3497 2310 3558 affirmant.
