2553 3960
513 219 660 268 XXX
1194 220 1612 270 PRAEFATIO.

517 379 770 452 magistri
801 379 1014 452 aliquot
1044 380 1117 436 de
1147 379 1471 437 coniectura
1500 381 1591 437 vel
1633 381 1794 452 requi
1822 380 1915 437 vel
1954 382 2177 453 imperii
2205 399 2343 456 sup-

516 464 676 538 plere
703 465 1032 535 maluerunt,
1062 465 1211 536 quod
1240 471 1526 536 utrumque
1555 465 1613 520 in
1647 463 1935 537 principes
1964 482 2185 538 quoque
2219 465 2343 522 edi-

518 548 704 606 tiones
736 548 976 604 transiit.
1062 548 1195 605 Eam
1236 549 1488 605 lacunam
1519 564 1663 620 quae
1707 566 1758 621 p.
1796 554 1897 618 26,
1947 555 2010 608 19
2053 551 2342 623 complura

517 633 693 690 verba
736 633 1057 705 absorpsit,
1110 634 1503 704 grammaticus
1548 633 1768 704 quidam
1814 633 2046 690 saeculo
2089 632 2191 690 XV
2231 641 2342 690 tam

515 717 804 773 commode
849 717 1117 787 resarsit,
1173 722 1234 773 ut
1276 716 1333 772 in
1378 717 1499 772 eius
1533 716 1857 774 coniectura
1890 716 2179 788 acquiesci
2212 725 2343 790 pot-

514 800 678 857 uerit.
768 801 1121 873 Receperunt
1153 800 1385 857 codices
1429 800 1859 870 Perizoniauus,
1894 800 2133 858 Parisini
2178 808 2338 862 5809.

513 891 671 945 5811.
713 890 854 944 5814
895 891 952 940 et
997 884 1276 941 editiones
1320 885 1596 942 Romanae
1644 884 1948 957 principes.
2038 885 2343 943 Difficilior

514 969 670 1026 visus
719 969 903 1025 hiatus
940 986 994 1041 p.
1036 974 1141 1039 36,
1187 975 1285 1031 20:
1336 970 1570 1041 explere
1612 969 1945 1025 studuerunt
1984 986 2091 1026 sex
2123 976 2342 1041 septem

514 1052 770 1124 magistri
815 1053 957 1110 alter
1014 1054 1207 1111 altero
1249 1052 1640 1126 probabilius,
1699 1053 1940 1109 omnium
1995 1053 2242 1126 pessime
2289 1054 2343 1110 is

515 1137 674 1192 cuius
702 1142 1064 1193 commentum
1108 1136 1164 1193 in
1196 1136 1450 1193 Parisino
1480 1143 1651 1206 5809,
1694 1136 2023 1207 Turicensi,
2071 1136 2342 1194 Cortiano

512 1220 796 1277 inventum
828 1225 1114 1292 postremo
1149 1221 1206 1276 in
1253 1220 1596 1277 editionibus
1642 1221 1914 1277 subsedit.
2007 1221 2214 1278 Contra
2254 1222 2341 1278 fa-

513 1304 718 1361 cillima
755 1321 849 1361 res
881 1304 985 1359 fuit
1015 1305 1070 1360 in
1107 1304 1456 1361 restituendo
1493 1321 1562 1361 eo
1592 1306 1744 1376 loco,
1781 1305 1875 1376 qui
1904 1323 1960 1378 p.
1993 1311 2079 1376 24,
2114 1312 2344 1366 34—36

512 1388 711 1445 lacuna
740 1388 962 1457 hiabat,
1004 1396 1307 1461 supersunt
1351 1388 1494 1444 enim
1525 1389 1699 1446 verba
1733 1390 1925 1461 elapsa
1965 1389 2021 1445 in
2057 1405 2341 1447 commen-

513 1473 673 1529 tariis
706 1471 1080 1530 Caesarianis.
1173 1473 1377 1528 Tamen
1425 1489 1534 1528 non
1572 1479 1900 1546 comparent
1930 1473 2041 1530 nisi
2094 1473 2152 1529 in
2183 1475 2341 1531 Pari-
2379 1472 2384 1476 ’

511 1557 653 1614 sinis
684 1562 945 1628 quattuor
973 1563 1129 1618 5803.
1178 1563 1334 1616 5812.
1368 1558 1551 1629 suppl.
1577 1557 1691 1614 Lat.
1727 1563 1847 1616 140.
1881 1557 2180 1615 Sorbonne
2212 1565 2340 1629 914,

510 1641 567 1698 in
600 1640 896 1698 Basiliensi
931 1647 988 1696 et
1013 1640 1438 1698 vindobonensi
1480 1648 1614 1712 183,
1657 1641 1901 1713 itemque
1931 1659 2053 1698 cum
2088 1642 2203 1698 levi
2239 1659 2340 1700 va-

512 1725 713 1781 rietate
746 1725 802 1780 in
832 1725 1083 1796 margine
1113 1725 1354 1782 Medicei
1385 1723 1548 1797 primi
1588 1732 1644 1781 et
1676 1724 1732 1781 in
1767 1725 2025 1783 Parisino
2054 1732 2227 1797 5810,
2266 1743 2339 1783 ex

513 1808 873 1865 editionibus·
903 1809 958 1864 in
1003 1808 1363 1882 Lugdunensi
1411 1826 1460 1865 a.
1511 1815 1664 1871 1508.
1752 1809 1915 1866 Alius
1962 1810 2185 1883 quidam
2222 1827 2335 1867 ma-

508 1892 690 1963 gister
722 1893 993 1965 pauciora
1028 1894 1202 1950 verba
1233 1895 1377 1950 haec
1407 1894 1578 1950 ceteri
1599 1910 1766 1967 quam
1795 1894 1932 1950 bene
1959 1899 2124 1966 atque
2151 1908 2337 1950 emen-

507 1977 635 2033 date
660 1977 799 2034 satis
831 1994 958 2034 esse
984 1985 1136 2035 ratus
1160 1977 1415 2036 Parisino
1439 1985 1577 2039 5805
1596 2021 1611 2050 ,
1639 1996 1686 2037 a.
1717 1985 1854 2040 1453
1876 1978 2115 2052 scripto,
2149 1986 2206 2035 et
2230 1980 2334 2036 Be-

507 2062 709 2118 roaldo
745 2079 795 2117 a.
833 2068 968 2122 1506
1002 2063 1299 2136 persuasit.

629 2144 823 2217 Neque
864 2146 1041 2203 minus
1087 2146 1438 2204 noviciorum
1482 2148 1753 2204 librorum
1785 2146 2089 2205 auctoritas
2134 2163 2205 2203 eo
2247 2147 2334 2202 in-

506 2230 803 2301 fringitur,
853 2232 1003 2303 quod
1044 2248 1153 2289 non
1198 2237 1353 2289 certa
1399 2236 1459 2287 et
1508 2232 1787 2289 constanti
1830 2232 2015 2304 aliqua
2064 2231 2335 2289 affinitate

505 2332 627 2371 cum
689 2314 932 2387 antiquis
989 2317 1263 2389 exemplis
1326 2316 1769 2387 coniunguntur,
1825 2316 1927 2373 sed
1978 2316 2334 2373 diversorum

507 2399 889 2472 exemplorum
929 2400 1235 2456 collatione
1285 2400 1642 2458 contaminati
1688 2401 1855 2457 modo
1890 2401 1959 2458 ad
1988 2401 2131 2458 banc
2167 2400 2335 2457 modo

507 2484 576 2540 ad
619 2484 770 2539 illam
802 2484 1070 2541 librorum
1116 2484 1349 2557 stirpem
1393 2483 1680 2557 pertinere
1719 2485 1999 2541 videntur.
2090 2483 2188 2540 Sic
2228 2486 2336 2539 Ba-

507 2567 756 2624 siliensis
801 2568 983 2625 codex
1022 2569 1062 2623 F
1103 2569 1127 2624 1
1170 2575 1239 2628 12
1287 2575 1344 2623 et
1384 2566 1847 2625 vindobonensis
1894 2575 1999 2630 183
2037 2566 2235 2644 (Vind.
2285 2575 2334 2627 1.

506 2651 818 2725 appellavit
857 2648 1318 2727 Oudendorpius)
1359 2652 1453 2724 qui
1498 2651 1629 2708 libri
1675 2653 1823 2709 inter
1864 2669 1927 2709 se
1968 2659 2075 2710 tam
2114 2651 2334 2708 similes

503 2743 630 2794 sunt
661 2742 721 2791 ut
753 2754 857 2809 pro
887 2753 998 2793 uno
1028 2736 1225 2793 haberi
1255 2737 1508 2809 possint,
1550 2737 1950 2793 accedentibus
1980 2735 2216 2808 reliquis
2254 2735 2335 2792 si-

503 2820 748 2891 milibus,
776 2818 1179 2891 Perizoniano,
1208 2819 1592 2889 Harlemensi‚
1625 2820 2153 2890 corsendonciano,
2184 2819 2333 2877 Non-

506 2906 693 2974 niano,
710 2905 1224 2976 Lindenbrogiano,
1246 2904 1619 2975 Ferrariensi,
1632 2903 2175 2961 vratislaviensibus
2191 2904 2334 2960 duo-

503 2990 607 3045 bus
623 2985 724 3063 ²0),
756 2988 1024 3046 Parisinis
1055 2995 1214 3049 5812.
1256 2989 1440 3061 suppl.
1471 2990 1587 3044 Lat.
1623 2994 1741 3047 140.
1775 2987 2079 3048 Sorb.914.
2121 2989 2333 3045 tribus-

643 3170 738 3234 20)
758 3171 1126 3222 Perizonianus
1145 3171 1308 3222 codex
1322 3172 1457 3222 notis
1478 3170 1843 3237 marginalibus
1870 3170 2105 3237 oppletus
2125 3185 2170 3220 a.
2200 3170 2333 3222 1545

503 3240 665 3290 Roma
693 3240 953 3291 Vesaliam
983 3240 1182 3291 delatus
1213 3247 1319 3302 est,
1360 3248 1469 3290 tum
1497 3255 1529 3289 a
1562 3238 1694 3289 Guil.
1727 3238 1968 3289 Noomsio
2002 3239 2068 3289 ad
2093 3239 2333 3290 Iacobum

504 3308 856 3370 Perizonium,
910 3319 1166 3376 postremo
1225 3308 1279 3358 in
1327 3308 1630 3359 Leidensem
1676 3307 2034 3358 bibliothecam
2078 3309 2333 3374 pervenit.

504 3375 595 3428 Usi
632 3386 749 3429 sunt
781 3379 1103 3429 Burmannus
1137 3385 1187 3427 et
1213 3375 1619 3444 Oudendorpius.
1657 3404 1723 3415 —
1763 3376 1825 3428 Ut
1849 3377 2217 3427 Perizoniauus
2247 3392 2332 3427 co»

502 3445 603 3495 dex
637 3447 703 3497 ad
737 3448 1016 3498 Romanam
1050 3447 1325 3498 editionem
1363 3449 1435 3497 10.
1469 3445 1705 3496 Andreae
1743 3448 1979 3512 proxime
2008 3445 2227 3506 accedit,
2262 3445 2334 3496 ita

502 3512 709 3566 editioni
743 3517 960 3584 principi
988 3517 1213 3566 Venetae
1239 3516 1410 3566 nullus
1439 3514 1654 3566 similior
1688 3526 1765 3564 est
1790 3514 2106 3565 Harlemensi
2131 3514 2184 3564 in
2207 3514 2331 3565 bibl.
