2553 3960
948 194 1367 245 PRAEFATIO.
1866 195 2057 245 Lxxv

229 351 428 420 initia,
470 368 616 424 quae
649 353 1027 422 incrementa,
1071 370 1210 424 quas
1238 353 1571 410 mutationes
1600 353 1892 424 habuerit,
1937 360 2050 411 tum

227 435 302 491 de
335 436 510 491 claris
539 436 919 510 scriptoribus
954 432 1089 509 (cfr.
1119 454 1175 508 p.
1208 442 1334 506 259,
1367 442 1452 495 24.
1501 442 1625 506 269,
1661 431 1761 509 37)
1797 436 2049 506 singula-

228 519 326 575 tim
361 525 596 589 ageret,
635 525 1051 591 temporumque
1094 518 1347 575 ordinem
1390 525 1615 575 secutus
1660 535 1848 575 eorum
1884 519 2051 577 vitam

230 608 288 656 et
329 600 547 673 scripta
592 602 845 658 breviter
883 602 1285 674 perscriberet.
1376 601 1549 668 Quam
1576 618 1714 658 vero
1751 602 2053 672 diligenter

229 684 456 755 singula
471 679 542 752 ⁶⁸)
572 692 956 757 perscrutatus
999 686 1075 741 sit
1102 691 1498 756 auctorumque
1543 685 1880 742 testimoniis
1913 702 2051 742 con-

231 767 573 838 firmaverit,
619 769 914 840 praeclaro
960 770 1217 840 exemplo
1248 768 1495 825 Terentii
1529 769 1643 825 vita
1687 770 2050 826 demonstrat.

354 850 477 907 Hae
511 850 763 907 editione
795 851 1044 909 libellum
1079 851 1301 923 quidem
1326 853 1396 908 de
1426 850 1805 908 Grammaticis
1837 860 1893 907 et
1923 854 2052 909 rhe-

227 933 472 1003 toribus,
507 939 567 988 ut
597 935 775 990 adhue
805 935 927 1005 fuit,
957 940 1275 1006 separatum
1307 935 1662 1005 reliquimus;
1703 941 1923 992 ceteras
1952 954 2050 992 au-

227 1023 339 1072 tem
371 1016 650 1088 reliquias
679 1017 755 1072 ita
789 1017 934 1074 inter
961 1035 1023 1074 se
1057 1017 1488 1090 composuimus,
1520 1025 1581 1073 ut
1606 1018 1747 1075 vitas
1781 1032 1921 1089 quae
1953 1036 2049 1075 su-

224 1106 469 1172 persunt
525 1100 782 1172 integrae
826 1117 946 1157 eum
992 1101 1262 1158 brevibus
1309 1100 1426 1157 illis
1478 1101 1728 1158 chronici
1768 1101 2048 1173 Hierony-

223 1185 401 1240 miani
461 1183 843 1241 notationibus
895 1184 1360 1254 coniungor-emus
1414 1201 1481 1240 ac
1534 1201 1638 1258 pro
1681 1187 1948 1241 librorum
1994 1192 2050 1242 et

225 1273 545 1340 temporum
576 1267 797 1323 ratione
827 1263 1267 1340 disponeremus.
1309 1269 1624 1324 Meminerit
1649 1269 1822 1339 igitur
1844 1269 2045 1340 lector,

226 1367 293 1407 ea
340 1351 475 1406 loca
505 1349 833 1419 Hieronymi
873 1352 1230 1423 singula‘pro
1261 1351 1411 1406 tenui
1444 1353 1677 1423 quadam
1721 1354 1912 1409 umbra
1949 1369 2046 1408 co-

222 1433 519 1505 piosarum
544 1433 800 1503 vitarum,
823 1435 1017 1505 quales
1050 1436 1343 1491 nonnullas
1374 1435 1591 1491 fortuna
1622 1435 1888 1506 servavit,
1921 1452 2049 1491 esse
2085 1455 2089 1459 ⁴

225 1512 514 1586 habenda,
547 1517 812 1573 universa
840 1533 977 1573 vero
1003 1533 1074 1574 ne
1107 1517 1368 1574 dimidiae
1400 1517 1621 1589 quidem
1647 1518 1826 1590 partis
1859 1517 2050 1590 operis

228 1618 257 1655 a
288 1600 625 1671 Tranquillo
665 1601 867 1672 scripti
899 1600 1121 1658 nomina
1151 1602 1397 1673 prodere
1429 1617 1493 1656 ae
1521 1600 1856 1657 memoriam.
1916 1599 2049 1656 Nam

228 1700 353 1739 cum
397 1684 887 1754 grammaticorum
924 1684 1076 1740 XXII
1119 1683 1483 1756 superstitum
1524 1683 1894 1752 Hieronymus
1939 1700 2046 1740 non

228 1767 473 1839 amplius
517 1767 797 1839 quinque,
854 1769 1137 1824 rhetorum
1189 1773 1372 1824 autem
1415 1766 1540 1822 XVI
1597 1772 1799 1821 tantum
1856 1768 2048 1822 decem

227 1851 521 1906 mentione
572 1851 780 1920 dignos
830 1851 1193 1920 iudicaverit,
1251 1850 1441 1922 itaque
1482 1851 1553 1907 de
1595 1849 1727 1906 vitis
1769 1849 2043 1908 XXXVIII

224 1933 554 2005 quindecim
598 1934 800 1990 reddat
840 1934 1030 2006 aliquo
1072 1935 1233 1991 modo
1276 1933 1332 1989 in
1368 1935 1649 2007 epitomen
1693 1941 2041 1991 contractas:

223 2018 354 2090 plus
390 2033 552 2087 quam
585 2016 867 2073 dimidiam
908 2025 1122 2090 partem
1157 2018 1459 2073 lllustrium
1489 2020 1765 2088 virorum,
1815 2034 2043 2089 quorum

224 2101 374 2156 vitas
408 2117 439 2155 a
471 2100 744 2156 Suetonio
770 2102 936 2172 plene
964 2102 1206 2174 scriptas
1236 2102 1487 2158 manibus
1519 2102 1762 2170 tenebat,
1790 2108 2045 2173 praeter-

222 2183 456 2239 misisse
488 2188 546 2239 et
573 2184 722 2254 quod
758 2184 815 2238 in
852 2201 921 2241 eo
957 2186 1062 2240 fuit
1095 2184 1370 2241 oblivioni
1403 2185 1703 2240 tradidisse
1734 2184 1844 2239 diei
1880 2189 2041 2257 pote-

222 2261 419 2339 rit⁸⁹).
510 2265 622 2322 Sed
658 2266 834 2337 iniqui
880 2283 948 2323 ne
994 2268 1199 2336 simus,
1254 2268 1433 2336 gratia
1478 2267 1530 2322 ei
1573 2266 1759 2338 potius
1787 2267 2039 2323 habenda

226 2350 338 2405 erit
381 2366 575 2406 eorum
607 2366 749 2420 quae
803 2350 1048 2407 servavit
1093 2367 1254 2421 quam
1309 2349 1655 2406 irascendum
1697 2356 1931 2423 propter
1972 2368 2037 2407 ea

225 2450 374 2504 quae
407 2433 739 2506 suppressit.

348 2516 420 2571 Et
450 2533 585 2572 vere
617 2516 893 2574 Suetonio
934 2517 1215 2574 reddenda
1253 2534 1380 2573 esse
1411 2518 1591 2573 omnia
1640 2517 1762 2572 fere
1795 2533 1938 2587 quae
1969 2517 2039 2573 de

228 2599 493 2655 Romanis
553 2600 928 2672 scriptoribus
945 2594 1020 2674 ⁶⁰)
1090 2602 1233 2671 apud
1302 2600 1701 2669 Hieronymum
1754 2599 2037 2669 leguntur,

227 2690 358 2754 post
390 2682 689 2738 Pontacum
720 2689 775 2739 et
809 2682 1192 2753 scaligerum,
1235 2681 1537 2738 Eusebiani
1574 2680 1824 2738 chronici
1857 2681 2038 2738 edito-

360 2891 457 2955 58)
492 2894 568 2942 Ita
607 2908 737 2957 quae
774 2909 808 2959 p
848 2894 969 2954 258,
1002 2894 1064 2943 12
1097 2895 1349 2960 leguntur,
1388 2896 1607 2946 Varroni
1644 2895 1903 2959 debentur,
1943 2895 2035 2947 cfr.

225 2960 420 3011 Plinius
453 2974 504 3013 n.
536 2961 590 3010 h.
623 2961 690 3011 25
719 2964 750 3023 S
771 2963 854 3010 2⁴.

364 3025 462 3089 59)
525 3028 656 3078 Vide
711 3029 862 3078 modo
911 3038 1135 3079 oratores
1176 3045 1228 3095 p.
1267 3029 1371 3082 289
1416 3039 1463 3081 et
1502 3031 1770 3083 historicos
1824 3048 1875 3098 p.
1916 3032 2036 3092 300,

222 3111 443 3215 Ι(ξῐιιοι-ιιιιι
487 3111 591 3146 non
632 3097 946 3161 antiquiores
983 3099 1392 3149 commemoravit
1439 3099 1679 3151 Cicerone
1724 3107 1773 3151 et
1805 3100 2035 3151 Cornelio

267 3181 296 3215 e
368 3174 434 3215 te.

297 3180 455 3296 po60)
494 3232 606 3283 Non
638 3234 843 3284 omnino
881 3234 1072 3293 omnia3
1120 3249 1233 3284 nam
1262 3235 1466 3285 aliunde
1501 3237 1713 3302 petitum
1746 3246 1822 3288 est
1847 3250 1895 3286 v.
1919 3252 1963 3286 c.
1984 3238 2036 3287 id

220 3302 359 3365 quod
398 3300 627 3351 Remmio
666 3301 958 3353 Palaemoni
990 3303 1275 3354 subiunxit:
1308 3306 1394 3368 qm·
1418 3307 1661 3369 quondam
1695 3308 2037 3369 inemoqatus

218 3371 342 3433 quad
379 3372 515 3420 inter
543 3373 728 3421 stillam
775 3379 829 3420 ee
860 3379 1051 3434 guttam
1093 3374 1381 3431 interesset,
1430 3380 1616 3437 quita
1668 3373 1825 3437 inquil
1867 3380 2005 3422 stat

221 3440 410 3489 stilla
458 3441 667 3491 eadit.
740 3439 872 3490 Vide
904 3440 1054 3489 etiam
1093 3440 1226 3490 infra
1264 3441 1436 3491 adnot.
1472 3440 1558 3491 63.
