2553 3960
308 251 434 311 242
492 261 552 310 G.
586 262 886 310 SUETONI
921 258 1176 320 TRANQ.
1206 261 1303 306 DE
1336 261 1502 308 VITA
1540 258 1906 308 CAESARUM
1936 262 2074 310 LIB.
2106 263 2250 310 VIII.

312 416 641 495 transtulit)
692 425 946 477 ceterum
998 433 1222 476 omnem
1273 416 1390 474 vim
1441 414 1841 475 dominationis
1902 423 2015 475 tam
2064 415 2320 480 licenter

313 503 595 578 exercuit,
632 510 688 561 ut
717 503 827 560 iam
856 509 971 559 tum
1005 498 1193 579 qualis
1214 498 1438 558 futurus
1462 507 1622 559 esset
1646 498 2002 560 ostenderet.
2055 499 2146 560 Ne
2172 518 2313 562 exe·

312 606 455 666 quar
480 585 730 663 singula,
759 585 1131 644 contractatis
1161 582 1465 643 multorum
1494 583 1803 660 uxoribus,
1827 583 2135 645 Domitiam
2162 585 2313 646 Lon-

309 673 502 749 ginam
542 669 717 730 Aelio
749 668 979 728 Lamiae
1020 677 1252 746 nuptam
1304 669 1472 728 etiam
1517 669 1572 727 in
1598 668 2017 728 matrimonium
2051 667 2311 747 abduxit,

309 764 480 836 atque
509 770 623 813 uno
656 752 749 813 die
780 742 958 831 super
989 751 1118 812 XX.
1153 751 1347 811 officia
1377 750 1592 812 urbana
1634 760 1729 812 aut
1768 753 2082 831 peregrina
2124 717 2312 813 distri-’-
2334 778 2363 816 5

308 838 449 916 buit,
485 838 713 898 mirari
728 854 799 898 se
819 836 1185 915 Vespasiano
1211 834 1529 912 dictitante,
1558 835 1725 916 quod
1744 853 2167 898 successorem
2188 855 2315 898 non

241 949 279 1000 2
308 931 367 984 et
390 922 516 983 sibi
554 923 832 984 mitteret.
920 919 1366 999 Expeditionem
1417 937 1647 999 quoque
1688 922 1745 980 in
1792 918 2035 982 Galliam
2077 919 2310 981 Germa·

308 1008 547 1086 uiasque
575 1023 764 1085 neque
791 1005 1179 1065 necessariam
1210 1012 1268 1063 et
1311 1002 1773 1065 dissuadentibus
1814 1007 2071 1084 paternis
2112 1006 2312 1065 amicis

307 1091 622 1166 inchoavit,
657 1098 871 1150 tantum
900 1097 961 1148 ut
988 1089 1148 1149 fratri
1193 1105 1259 1147 se
1303 1097 1361 1147 et
1400 1086 1610 1166 opibus
1664 1098 1722 1148 et
1760 1088 2095 1166 dignatione
2140 1089 2309 1149 adae-

351 1183 530 1235 uaret.
2334 1190 2387 1230 ιο

309 1196 346 1255 q
434 1258 522 1318 Ob
553 1257 700 1318 haec
736 1264 1078 1336 correptus,
1123 1273 1238 1336 quo
1269 1258 1456 1334 magis
1498 1265 1556 1316 et
1600 1258 1808 1319 aetatis
1852 1268 1912 1318 et
1961 1259 2309 1321 conditionis

308 1342 735 1418 admoneretur,
765 1339 1056 1399 habitabat
1089 1358 1214 1400 cum
1246 1350 1412 1419 patre
1442 1358 1570 1419 una,
1597 1341 1917 1422 sellamque
1955 1344 2080 1403 eius
2102 1362 2171 1404 ac
2194 1345 2306 1404 fra-

307 1428 445 1504 tris,
492 1427 759 1505 quotiens
806 1423 1140 1503 prodirent,
1209 1425 1420 1485 lectica
1462 1424 1813 1504 sequebatur
1857 1444 1926 1487 ac
1967 1428 2308 1505 triumphum

305 1512 603 1589 utriusque
639 1508 930 1570 Iudaicum
961 1523 1114 1587 equo
1147 1507 1283 1568 albo
1319 1509 1617 1569 comitatus
1653 1518 1761 1569 est.
1836 1510 1901 1571 In
1945 1529 2053 1571 sex
2100 1530 2306 1572 consu-

307 1596 518 1655 latibus
549 1593 776 1653 nonnisi
819 1611 988 1652 unum
1034 1590 1382 1652 ordinarium
1419 1593 1636 1670 gessit,
1669 1611 1913 1672 eumque
1953 1595 2195 1656 cedente
2235 1615 2307 1656 ac
2328 1622 2379 1662 ιε,

308 1681 660 1756 suffragante
689 1677 889 1737 fratre.
952 1674 1249 1736 Simulavit
1281 1686 1338 1736 et
1367 1677 1495 1755 ipse
1525 1678 1667 1737 mire
1696 1677 2066 1756 modestiam,
2102 1681 2158 1738 in
2189 1681 2303 1760 pri-

239 1836 242 1841 ·
307 1765 531 1843 misque
565 1762 832 1841 poeticae
864 1760 1129 1837 studium,
1160 1769 1274 1821 tam
1298 1761 1581 1821 insuetum
1615 1770 1784 1822 antea
1813 1762 1922 1822 sibi
1957 1781 2122 1842 quam
2147 1773 2304 1843 post-

309 1866 377 1908 ea
419 1855 676 1925 spretum
724 1853 783 1904 et
837 1843 1157 1921 abiectum,
1206 1845 1587 1923 recitavitque
1633 1847 1801 1906 etiam
1852 1846 2104 1925 publice.
2176 1847 2306 1908 Nec

307 1941 497 1993 tamen
528 1948 599 1993 eo
633 1929 835 2007 setius,
869 1946 997 1990 cum
1026 1928 1403 2008 Vologaesus
1433 1928 1772 1990 Parthorum
1811 1949 1917 1991 rex
1956 1932 2165 1993 auxilia
2209 1932 2302 1993 ad-

305 2035 513 2077 versus
542 2015 768 2076 Alanos
796 2013 1117 2094 ducemque
1149 2013 1389 2074 alterum
1420 2033 1495 2074 ex
1525 2016 1870 2093 Vespasiani
1894 2016 2096 2077 liberis
2124 2017 2303 2098 depo-
2321 2043 2374 2083 ιο

307 2102 619 2182 poscisset,
654 2100 805 2158 omni
836 2115 952 2178 ope
984 2097 1282 2158 contendit
1311 2106 1372 2157 ut
1401 2099 1531 2177 ipse
1564 2100 1921 2178 potissimum
1951 2103 2300 2170 mitten-etun

308 2194 367 2245 et
391 2186 522 2263 quia
551 2182 814 2243 discussa
846 2201 943 2242 res
972 2189 1084 2259 est,
1116 2181 1263 2244 alios
1294 2181 1545 2241 Orientis
1585 2201 1763 2261 reges
1809 2192 1869 2244 ut
1912 2184 2062 2245 idem
2105 2195 2302 2265 postu-

307 2268 495 2329 larent
531 2267 697 2327 donis
726 2285 796 2326 ac
831 2265 1348 2345 pollicitationibus
1379 2265 1699 2327 sollicitare
1731 2271 2050 2349 temptavit.

429 2351 598 2412 Patre
629 2350 926 2427 defunctO,
960 2350 1052 2410 diu
1084 2359 1391 2411 cunctatus.
1416 2368 1486 2410 an
1516 2349 1749 2430 duplum
1782 2352 2109 2413 donativum
2140 2353 2304 2413 militi

306 2437 580 2513 offerret,
622 2453 923 2514 numquam
951 2437 1167 2495 iactare
1208 2434 1486 2494 dubitavit
1529 2435 1811 2497 relictum
1837 2455 1908 2498 se
1933 2436 2374 2516 participem&

305 2519 567 2600 imperii,
597 2520 711 2581 sed
735 2518 1026 2598 fraudem
1056 2526 1413 2581 testamento
1451 2517 1794 2581 adhibitam
1802 2545 1835 2592 ,·
1879 2539 2067 2600 neque
2112 2539 2304 2581 cessa-

305 2606 387 2664 vit
417 2623 494 2665 ex
528 2621 601 2665 eo
633 2603 869 2665 insidias
900 2613 1122 2664 struere
1164 2604 1327 2664 fratri
1364 2602 1512 2663 clam
1549 2604 1893 2683 palamque,
1942 2604 2132 2683 quoad
2176 2622 2304 2664 cor·

303 2698 531 2767 reptum
560 2690 725 2765 gravi
755 2687 1101 2764 valitudine,
1143 2689 1304 2767 prius
1349 2705 1515 2766 quam
1559 2688 1732 2766 plane
1782 2688 2010 2749 efflaret
2041 2689 2301 2765 animam,

304 2791 412 2852 pro
446 2781 670 2833 mortuo
716 2771 911 2832 deseri
952 2773 1153 2851 iussit3
1206 2771 1651 2851 defunctumque
1692 2772 1848 2832 nullo
1897 2782 2305 2851 praeterquam

308 2857 767 2938 consecrationis
792 2856 1016 2916 honore
1046 2855 1340 2934 dignatus,
1384 2873 1565 2934 saepe
1599 2857 1770 2916 etiam
1808 2856 2024 2935 carpsit
2057 2856 2373 2935 obliquisao

307 2941 663 3004 orationibus
697 2949 756 3001 et
788 2939 1014 3001 edictis.

241 3045 285 3097 ‚3
427 3026 584 3087 Inter
612 3027 770 3088 initia
803 3026 1162 3104 principatus
1196 3023 1412 3084 cotidie
1442 3032 1731 3084 secretum
1774 3023 1883 3083 sibi
1915 3024 2185 3085 horarum
2213 3043 2303 3085 su-

307 3128 465 3170 mere
495 3109 745 3188 solebat,
774 3128 887 3170 nec
912 3110 1216 3190 quicquam
1248 3106 1494 3187 amplius
1523 3127 1692 3187 quam
1720 3126 1949 3168 muscas
1975 3118 2212 3187 captare
2235 3127 2306 3169 ac

308 3191 441 3252 stilo
493 3202 808 3272 praeacuto
862 3194 1192 3272 configere3
1245 3201 1310 3251 ut
1353 3191 1575 3253 cuidam
1622 3194 2035 3271 interroganti,
2072 3201 2305 3252 essetne

310 3276 437 3354 quis
469 3275 620 3335 intus
653 3295 778 3337 cum
813 3276 1100 3356 Caesare,
1132 3294 1248 3338 non
1281 3275 1529 3337 absurde
1559 3294 1905 3356 responsum
1945 3277 2018 3336 sit
2057 3295 2089 3337 a
2129 3275 2304 3338 Vibio
2324 3293 2373 3335 ³⁵

312 3358 542 3437 Crispo,
578 3376 656 3418 ne
683 3378 959 3423 muscam
987 3324 1247 3443 qui’dem.
1307 3360 1532 3421 Deinde
1570 3378 1810 3421 uxorem
1850 3359 2186 3437 Domitiam,
2230 3378 2306 3420 ex

311 3458 421 3518 qua
464 3441 523 3499 in
563 3443 817 3503 secundo
864 3463 968 3506 suo
1023 3446 1323 3507 consulatu
1366 3444 1540 3506 filium
1592 3445 1803 3506 tulerat
1847 3444 1950 3481 *⁴¹*
2006 3444 2309 3524 alteroque

311 3538 460 3581 anno
489 3524 868 3586 consalutavit
885 3528 1233 3607 Augustam
1261 3528 1521 3608 eandem,
1549 3529 1772 3590 Paridis
1794 3527 2089 3588 histrionis
2109 3545 2308 3588 amore
