<?xml version="1.0" encoding="UTF-8"?>
<!DOCTYPE html PUBLIC "-//W3C//DTD XHTML 1.0 Transitional//EN"
    "http://www.w3.org/TR/xhtml1/DTD/xhtml1-transitional.dtd">
<html xmlns="http://www.w3.org/1999/xhtml" xml:lang="en" lang="en">
 <head>
  <title>
</title>
<meta http-equiv="Content-Type" content="text/html;charset=utf-8" />
  <meta name='ocr-system' content='tesseract 3.04.00' />
  <meta name='ocr-capabilities' content='ocr_page ocr_carea ocr_par ocr_line ocrx_word'/>
</head>
<body>
  <div class='ocr_page' id='page_1' title='image "./csuetonitranqui06rothgoog_0092.png"; bbox 0 0 2553 3960; ppageno 0'>
   <div class='ocr_carea' id='block_1_1' title="bbox 471 239 1561 292">
    <p class='ocr_par' dir='ltr' id='par_1_1' title="bbox 471 239 1561 292">
     <span class='ocr_line' id='line_1_1' title="bbox 471 239 1561 292; baseline -0.002 0"><span class='ocrx_word' id='word_1_1' title='bbox 471 242 737 292; x_wconf 80' lang='lat' dir='ltr'>LXXXVI</span> <span class='ocrx_word' id='word_1_2' title='bbox 1141 239 1561 290; x_wconf 71' lang='lat' dir='ltr'><strong>PRAEFATIO.</strong></span> 
     </span>
    </p>
   </div>
   <div class='ocr_carea' id='block_1_2' title="bbox 467 396 2279 1804">
    <p class='ocr_par' dir='ltr' id='par_1_2' title="bbox 471 396 2279 1224">
     <span class='ocr_line' id='line_1_2' title="bbox 473 396 2279 474; baseline -0.002 -15"><span class='ocrx_word' id='word_1_3' title='bbox 473 418 594 460; x_wconf 87' lang='lat' dir='ltr'><strong>cum</strong></span> <span class='ocrx_word' id='word_1_4' title='bbox 623 401 749 474; x_wconf 87' lang='lat' dir='ltr'><strong>ipso</strong></span> <span class='ocrx_word' id='word_1_5' title='bbox 785 398 1002 457; x_wconf 90' lang='lat' dir='ltr'><strong>nomine</strong></span> <span class='ocrx_word' id='word_1_6' title='bbox 1034 415 1101 454; x_wconf 92' lang='lat' dir='ltr'><strong>ea</strong></span> <span class='ocrx_word' id='word_1_7' title='bbox 1126 416 1271 471; x_wconf 91' lang='lat' dir='ltr'><strong>quae</strong></span> <span class='ocrx_word' id='word_1_8' title='bbox 1298 400 1367 455; x_wconf 92' lang='lat' dir='ltr'><strong>ad</strong></span> <span class='ocrx_word' id='word_1_9' title='bbox 1398 416 1575 470; x_wconf 79' lang='lat' dir='ltr'><strong>genus</strong></span> <span class='ocrx_word' id='word_1_10' title='bbox 1599 399 1952 455; x_wconf 83' lang='lat' dir='ltr'><strong>Annaeorum</strong></span> <span class='ocrx_word' id='word_1_11' title='bbox 1986 396 2279 471; x_wconf 72' lang='lat' dir='ltr'><strong>ipsiusque</strong></span> 
     </span>
     <span class='ocr_line' id='line_1_3' title="bbox 471 482 2276 559; baseline -0.003 -17"><span class='ocrx_word' id='word_1_12' title='bbox 471 491 676 559; x_wconf 86' lang='lat' dir='ltr'><strong>poetae</strong></span> <span class='ocrx_word' id='word_1_13' title='bbox 707 491 943 541; x_wconf 85' lang='lat' dir='ltr'><strong>aetatem</strong></span> <span class='ocrx_word' id='word_1_14' title='bbox 974 484 1287 539; x_wconf 74' lang='lat' dir='ltr'><strong>accuratius</strong></span> <span class='ocrx_word' id='word_1_15' title='bbox 1321 482 1686 540; x_wconf 82' lang='lat' dir='ltr'><strong>deliniendam</strong></span> <span class='ocrx_word' id='word_1_16' title='bbox 1710 482 2098 555; x_wconf 79' lang='lat' dir='ltr'><strong>pertinebant,</strong></span> <span class='ocrx_word' id='word_1_17' title='bbox 2131 498 2276 553; x_wconf 90' lang='lat' dir='ltr'><strong>quae</strong></span> 
     </span>
     <span class='ocr_line' id='line_1_4' title="bbox 473 565 2276 639; baseline -0.001 -15"><span class='ocrx_word' id='word_1_18' title='bbox 473 568 730 624; x_wconf 86' lang='lat' dir='ltr'><strong>consulto</strong></span> <span class='ocrx_word' id='word_1_19' title='bbox 761 567 1100 623; x_wconf 85' lang='lat' dir='ltr'><strong>scholiasten</strong></span> <span class='ocrx_word' id='word_1_20' title='bbox 1128 565 1389 623; x_wconf 88' lang='lat' dir='ltr'><strong>omisisse</strong></span> <span class='ocrx_word' id='word_1_21' title='bbox 1418 565 1774 636; x_wconf 79' lang='lat' dir='ltr'><strong>crediderim,</strong></span> <span class='ocrx_word' id='word_1_22' title='bbox 1809 572 2101 639; x_wconf 81' lang='lat' dir='ltr'><strong>postquam</strong></span> <span class='ocrx_word' id='word_1_23' title='bbox 2134 567 2276 622; x_wconf 89' lang='lat' dir='ltr'><strong>alte-</strong></span> 
     </span>
     <span class='ocr_line' id='line_1_5' title="bbox 473 645 2276 723; baseline -0.002 -16"><span class='ocrx_word' id='word_1_24' title='bbox 473 668 589 708; x_wconf 78' lang='lat' dir='ltr'><strong>ram</strong></span> <span class='ocrx_word' id='word_1_25' title='bbox 617 652 785 708; x_wconf 84' lang='lat' dir='ltr'><strong>vitam</strong></span> <span class='ocrx_word' id='word_1_26' title='bbox 818 668 957 723; x_wconf 92' lang='lat' dir='ltr'><strong>quae</strong></span> <span class='ocrx_word' id='word_1_27' title='bbox 969 651 1188 706; x_wconf 77' lang='lat' dir='ltr'><strong>Vaccae</strong></span> <span class='ocrx_word' id='word_1_28' title='bbox 1222 651 1401 706; x_wconf 78' lang='lat' dir='ltr'><strong>fertur</strong></span> <span class='ocrx_word' id='word_1_29' title='bbox 1428 648 1700 721; x_wconf 83' lang='lat' dir='ltr'><strong>integram</strong></span> <span class='ocrx_word' id='word_1_30' title='bbox 1729 645 2141 723; x_wconf 81' lang='lat' dir='ltr'><strong>perscripsit⁷⁸‚)</strong></span> <span class='ocrx_word' id='word_1_31' title='bbox 2171 651 2276 705; x_wconf 89' lang='lat' dir='ltr'><strong>has</strong></span> 
     </span>
     <span class='ocr_line' id='line_1_6' title="bbox 472 733 2278 807; baseline -0.001 -16"><span class='ocrx_word' id='word_1_32' title='bbox 472 752 564 791; x_wconf 91' lang='lat' dir='ltr'><strong>res</strong></span> <span class='ocrx_word' id='word_1_33' title='bbox 595 733 1023 806; x_wconf 79' lang='lat' dir='ltr'><strong>diligentissime</strong></span> <span class='ocrx_word' id='word_1_34' title='bbox 1054 740 1394 790; x_wconf 81' lang='lat' dir='ltr'><strong>exsecutam.</strong></span> <span class='ocrx_word' id='word_1_35' title='bbox 1446 734 1579 790; x_wconf 90' lang='lat' dir='ltr'><strong>Tum</strong></span> <span class='ocrx_word' id='word_1_36' title='bbox 1606 734 1663 789; x_wconf 91' lang='lat' dir='ltr'><strong>in</strong></span> <span class='ocrx_word' id='word_1_37' title='bbox 1693 733 2104 807; x_wconf 74' lang='lat' dir='ltr'><strong>posterioribus</strong></span> <span class='ocrx_word' id='word_1_38' title='bbox 2135 749 2278 805; x_wconf 91' lang='lat' dir='ltr'><strong>quo-</strong></span> 
     </span>
     <span class='ocr_line' id='line_1_7' title="bbox 475 816 2276 891; baseline -0.001 -18"><span class='ocrx_word' id='word_1_39' title='bbox 475 835 581 891; x_wconf 92' lang='lat' dir='ltr'><strong>que</strong></span> <span class='ocrx_word' id='word_1_40' title='bbox 613 818 873 874; x_wconf 91' lang='lat' dir='ltr'><strong>nonnulla</strong></span> <span class='ocrx_word' id='word_1_41' title='bbox 915 817 1092 873; x_wconf 89' lang='lat' dir='ltr'><strong>minus</strong></span> <span class='ocrx_word' id='word_1_42' title='bbox 1136 816 1381 888; x_wconf 81' lang='lat' dir='ltr'><strong>levigata</strong></span> <span class='ocrx_word' id='word_1_43' title='bbox 1422 825 1581 887; x_wconf 79' lang='lat' dir='ltr'><strong>sunt,</strong></span> <span class='ocrx_word' id='word_1_44' title='bbox 1615 823 1675 873; x_wconf 88' lang='lat' dir='ltr'><strong>ut</strong></span> <span class='ocrx_word' id='word_1_45' title='bbox 1714 816 1949 889; x_wconf 84' lang='lat' dir='ltr'><strong>pristina</strong></span> <span class='ocrx_word' id='word_1_46' title='bbox 1993 816 2276 888; x_wconf 77' lang='lat' dir='ltr'><strong>elegantia</strong></span> 
     </span>
     <span class='ocr_line' id='line_1_8' title="bbox 474 900 2276 972; baseline -0.003 -12"><span class='ocrx_word' id='word_1_47' title='bbox 474 902 776 960; x_wconf 90' lang='lat' dir='ltr'><strong>omittendo</strong></span> <span class='ocrx_word' id='word_1_48' title='bbox 811 902 1304 972; x_wconf 85' lang='lat' dir='ltr'><strong>contrahendoque</strong></span> <span class='ocrx_word' id='word_1_49' title='bbox 1335 902 1632 958; x_wconf 86' lang='lat' dir='ltr'><strong>obscurata</strong></span> <span class='ocrx_word' id='word_1_50' title='bbox 1675 918 1806 956; x_wconf 90' lang='lat' dir='ltr'><strong>esse</strong></span> <span class='ocrx_word' id='word_1_51' title='bbox 1837 901 2109 957; x_wconf 84' lang='lat' dir='ltr'><strong>videatur.</strong></span> <span class='ocrx_word' id='word_1_52' title='bbox 2198 900 2276 955; x_wconf 81' lang='lat' dir='ltr'><strong>At</strong></span> 
     </span>
     <span class='ocr_line' id='line_1_9' title="bbox 474 983 2269 1060; baseline -0.001 -20"><span class='ocrx_word' id='word_1_53' title='bbox 474 1005 529 1060; x_wconf 89' lang='lat' dir='ltr'><strong>p.</strong></span> <span class='ocrx_word' id='word_1_54' title='bbox 561 992 695 1053; x_wconf 83' lang='grc'><strong>299,</strong></span> <span class='ocrx_word' id='word_1_55' title='bbox 725 990 789 1042; x_wconf 83' lang='lat'><strong>21</strong></span> <span class='ocrx_word' id='word_1_56' title='bbox 830 1000 938 1041; x_wconf 89' lang='lat' dir='ltr'><strong>non</strong></span> <span class='ocrx_word' id='word_1_57' title='bbox 970 983 1311 1041; x_wconf 75' lang='lat' dir='ltr'><strong>scholiastae</strong></span> <span class='ocrx_word' id='word_1_58' title='bbox 1342 983 1599 1051; x_wconf 89' lang='lat' dir='ltr'><strong>consilio,</strong></span> <span class='ocrx_word' id='word_1_59' title='bbox 1634 985 1735 1040; x_wconf 90' lang='lat' dir='ltr'><strong>sed</strong></span> <span class='ocrx_word' id='word_1_60' title='bbox 1765 985 1982 1040; x_wconf 91' lang='lat' dir='ltr'><strong>librarii</strong></span> <span class='ocrx_word' id='word_1_61' title='bbox 2013 985 2172 1055; x_wconf 89' lang='lat' dir='ltr'><strong>lapsu</strong></span> <span class='ocrx_word' id='word_1_62' title='bbox 2203 1001 2269 1038; x_wconf 90' lang='lat' dir='ltr'><strong>ea</strong></span> 
     </span>
     <span class='ocr_line' id='line_1_10' title="bbox 476 1066 2270 1140; baseline -0.001 -16"><span class='ocrx_word' id='word_1_63' title='bbox 476 1068 759 1124; x_wconf 80' lang='lat' dir='ltr'><strong>excidisse</strong></span> <span class='ocrx_word' id='word_1_64' title='bbox 789 1074 1022 1140; x_wconf 89' lang='lat' dir='ltr'><strong>apparet</strong></span> <span class='ocrx_word' id='word_1_65' title='bbox 1046 1084 1187 1139; x_wconf 91' lang='lat' dir='ltr'><strong>quae</strong></span> <span class='ocrx_word' id='word_1_66' title='bbox 1212 1068 1282 1123; x_wconf 90' lang='lat' dir='ltr'><strong>de</strong></span> <span class='ocrx_word' id='word_1_67' title='bbox 1317 1067 1447 1138; x_wconf 79' lang='lat' dir='ltr'><strong>fuga</strong></span> <span class='ocrx_word' id='word_1_68' title='bbox 1473 1068 1676 1124; x_wconf 87' lang='lat' dir='ltr'><strong>Lucani</strong></span> <span class='ocrx_word' id='word_1_69' title='bbox 1710 1074 1766 1123; x_wconf 84' lang='lat' dir='ltr'><strong>et</strong></span> <span class='ocrx_word' id='word_1_70' title='bbox 1794 1067 1994 1123; x_wconf 83' lang='lat' dir='ltr'><strong>itinere</strong></span> <span class='ocrx_word' id='word_1_71' title='bbox 2021 1066 2270 1123; x_wconf 80' lang='lat' dir='ltr'><strong>Athenas</strong></span> 
     </span>
     <span class='ocr_line' id='line_1_11' title="bbox 476 1150 2278 1224; baseline -0.002 -17"><span class='ocrx_word' id='word_1_72' title='bbox 476 1153 624 1208; x_wconf 77' lang='lat' dir='ltr'><strong>facto</strong></span> <span class='ocrx_word' id='word_1_73' title='bbox 656 1151 969 1222; x_wconf 85' lang='lat' dir='ltr'><strong>studiisque</strong></span> <span class='ocrx_word' id='word_1_74' title='bbox 998 1150 1391 1223; x_wconf 86' lang='lat' dir='ltr'><strong>philosophiae</strong></span> <span class='ocrx_word' id='word_1_75' title='bbox 1423 1151 1629 1224; x_wconf 87' lang='lat' dir='ltr'><strong>scripta</strong></span> <span class='ocrx_word' id='word_1_76' title='bbox 1670 1151 1912 1206; x_wconf 79' lang='lat' dir='ltr'><strong>fuerunt.</strong></span> <span class='ocrx_word' id='word_1_77' title='bbox 2273 1218 2278 1222; x_wconf 11' lang='grc' dir='ltr'><em>ᾗ</em></span> 
     </span>
    </p>

    <p class='ocr_par' dir='ltr' id='par_1_3' title="bbox 467 1233 2271 1804">
     <span class='ocr_line' id='line_1_12' title="bbox 595 1233 2268 1308; baseline -0.001 -18"><span class='ocrx_word' id='word_1_78' title='bbox 595 1235 745 1291; x_wconf 82' lang='lat' dir='ltr'><strong>Haec</strong></span> <span class='ocrx_word' id='word_1_79' title='bbox 787 1233 900 1290; x_wconf 79' lang='lat' dir='ltr'><strong>vita</strong></span> <span class='ocrx_word' id='word_1_80' title='bbox 941 1240 1072 1307; x_wconf 88' lang='lat' dir='ltr'><strong>post</strong></span> <span class='ocrx_word' id='word_1_81' title='bbox 1113 1234 1415 1291; x_wconf 72' lang='lat' dir='ltr'><strong>editionem</strong></span> <span class='ocrx_word' id='word_1_82' title='bbox 1454 1234 1765 1308; x_wconf 88' lang='lat' dir='ltr'><strong>principem</strong></span> <span class='ocrx_word' id='word_1_83' title='bbox 1807 1252 1859 1289; x_wconf 89' lang='lat' dir='ltr'><strong>a.</strong></span> <span class='ocrx_word' id='word_1_84' title='bbox 1893 1239 2027 1294; x_wconf 84' lang='lat'>1475</span> <span class='ocrx_word' id='word_1_85' title='bbox 2071 1235 2268 1290; x_wconf 77' lang='lat' dir='ltr'><strong>factam</strong></span> 
     </span>
     <span class='ocr_line' id='line_1_13' title="bbox 472 1317 2271 1390; baseline -0.001 -17"><span class='ocrx_word' id='word_1_86' title='bbox 472 1318 640 1374; x_wconf 84' lang='lat' dir='ltr'><strong>toties</strong></span> <span class='ocrx_word' id='word_1_87' title='bbox 665 1334 786 1374; x_wconf 90' lang='lat' dir='ltr'><strong>cum</strong></span> <span class='ocrx_word' id='word_1_88' title='bbox 815 1317 1018 1374; x_wconf 87' lang='lat' dir='ltr'><strong>Lucani</strong></span> <span class='ocrx_word' id='word_1_89' title='bbox 1048 1317 1292 1375; x_wconf 85' lang='lat' dir='ltr'><strong>carmine</strong></span> <span class='ocrx_word' id='word_1_90' title='bbox 1317 1319 1539 1390; x_wconf 79' lang='lat' dir='ltr'><strong>vulgata</strong></span> <span class='ocrx_word' id='word_1_91' title='bbox 1574 1325 1681 1388; x_wconf 88' lang='lat' dir='ltr'><strong>est,</strong></span> <span class='ocrx_word' id='word_1_92' title='bbox 1709 1324 1772 1372; x_wconf 89' lang='lat' dir='ltr'><strong>ut</strong></span> <span class='ocrx_word' id='word_1_93' title='bbox 1804 1335 1937 1374; x_wconf 91' lang='lat' dir='ltr'><strong>sane</strong></span> <span class='ocrx_word' id='word_1_94' title='bbox 1968 1317 2271 1374; x_wconf 86' lang='lat' dir='ltr'><strong>mirandum</strong></span> 
     </span>
     <span class='ocr_line' id='line_1_14' title="bbox 472 1396 2270 1474; baseline -0.001 -17"><span class='ocrx_word' id='word_1_95' title='bbox 472 1403 547 1458; x_wconf 92' lang='lat' dir='ltr'><strong>sit</strong></span> <span class='ocrx_word' id='word_1_96' title='bbox 580 1408 637 1457; x_wconf 90' lang='lat' dir='ltr'><strong>et</strong></span> <span class='ocrx_word' id='word_1_97' title='bbox 669 1396 1014 1471; x_wconf 86' lang='lat' dir='ltr'><strong>Scaligerum</strong></span> <span class='ocrx_word' id='word_1_98' title='bbox 1055 1400 1247 1457; x_wconf 78' lang='lat' dir='ltr'><strong>formis</strong></span> <span class='ocrx_word' id='word_1_99' title='bbox 1296 1417 1405 1456; x_wconf 88' lang='lat' dir='ltr'><strong>non</strong></span> <span class='ocrx_word' id='word_1_100' title='bbox 1437 1418 1698 1458; x_wconf 87' lang='lat' dir='ltr'><strong>excusam</strong></span> <span class='ocrx_word' id='word_1_101' title='bbox 1743 1401 2027 1474; x_wconf 85' lang='lat' dir='ltr'><strong>putavisse</strong></span> <span class='ocrx_word' id='word_1_102' title='bbox 2077 1407 2133 1456; x_wconf 91' lang='lat' dir='ltr'><strong>et</strong></span> <span class='ocrx_word' id='word_1_103' title='bbox 2163 1401 2270 1456; x_wconf 88' lang='lat' dir='ltr'><strong>Ca-</strong></span> 
     </span>
     <span class='ocr_line' id='line_1_15' title="bbox 471 1481 2270 1558; baseline -0.002 -17"><span class='ocrx_word' id='word_1_104' title='bbox 471 1487 777 1541; x_wconf 90' lang='lat' dir='ltr'><strong>saubonum</strong></span> <span class='ocrx_word' id='word_1_105' title='bbox 819 1485 1096 1540; x_wconf 90' lang='lat' dir='ltr'><strong>secundae</strong></span> <span class='ocrx_word' id='word_1_106' title='bbox 1126 1501 1261 1540; x_wconf 91' lang='lat' dir='ltr'><strong>suae</strong></span> <span class='ocrx_word' id='word_1_107' title='bbox 1308 1481 1627 1558; x_wconf 54' lang='lat' dir='ltr'><strong>editioniff)</strong></span> <span class='ocrx_word' id='word_1_108' title='bbox 1671 1485 1956 1541; x_wconf 88' lang='lat' dir='ltr'><strong>addidisse</strong></span> <span class='ocrx_word' id='word_1_109' title='bbox 1998 1490 2270 1555; x_wconf 82' lang='lat' dir='ltr'><strong>tamquam</strong></span> 
     </span>
     <span class='ocr_line' id='line_1_16' title="bbox 471 1563 2269 1641; baseline -0.001 -17"><span class='ocrx_word' id='word_1_110' title='bbox 471 1563 839 1641; x_wconf 58' lang='lat' dir='ltr'><strong>ineditamoe).</strong></span> <span class='ocrx_word' id='word_1_111' title='bbox 930 1566 1139 1640; x_wconf 84' lang='lat' dir='ltr'><strong>Scripti</strong></span> <span class='ocrx_word' id='word_1_112' title='bbox 1185 1567 1321 1625; x_wconf 90' lang='lat' dir='ltr'><strong>libri</strong></span> <span class='ocrx_word' id='word_1_113' title='bbox 1358 1567 1596 1639; x_wconf 88' lang='lat' dir='ltr'><strong>inspecti</strong></span> <span class='ocrx_word' id='word_1_114' title='bbox 1639 1575 1766 1624; x_wconf 88' lang='lat' dir='ltr'><strong>sunt</strong></span> <span class='ocrx_word' id='word_1_115' title='bbox 1794 1569 1970 1624; x_wconf 88' lang='lat' dir='ltr'><strong>adhuc</strong></span> <span class='ocrx_word' id='word_1_116' title='bbox 1998 1568 2125 1623; x_wconf 84' lang='lat' dir='ltr'><strong>vm</strong></span> <span class='ocrx_word' id='word_1_117' title='bbox 2165 1583 2269 1622; x_wconf 91' lang='lat' dir='ltr'><strong>nu-</strong></span> 
     </span>
     <span class='ocr_line' id='line_1_17' title="bbox 469 1650 2267 1724; baseline -0.002 -16"><span class='ocrx_word' id='word_1_118' title='bbox 469 1668 655 1722; x_wconf 84' lang='lat' dir='ltr'><strong>mero,</strong></span> <span class='ocrx_word' id='word_1_119' title='bbox 687 1667 918 1724; x_wconf 89' lang='lat' dir='ltr'><strong>quorum</strong></span> <span class='ocrx_word' id='word_1_120' title='bbox 950 1650 1067 1706; x_wconf 91' lang='lat' dir='ltr'><strong>bini</strong></span> <span class='ocrx_word' id='word_1_121' title='bbox 1095 1653 1309 1708; x_wconf 90' lang='lat' dir='ltr'><strong>Beruae</strong></span> <span class='ocrx_word' id='word_1_122' title='bbox 1341 1657 1399 1706; x_wconf 89' lang='lat' dir='ltr'><strong>et</strong></span> <span class='ocrx_word' id='word_1_123' title='bbox 1426 1651 1685 1719; x_wconf 75' lang='lat' dir='ltr'><strong>Parisii8‚</strong></span> <span class='ocrx_word' id='word_1_124' title='bbox 1715 1650 1920 1721; x_wconf 80' lang='lat' dir='ltr'><strong>singuli</strong></span> <span class='ocrx_word' id='word_1_125' title='bbox 1951 1651 2267 1722; x_wconf 86' lang='lat' dir='ltr'><strong>Montepes-</strong></span> 
     </span>
     <span class='ocr_line' id='line_1_18' title="bbox 467 1734 2265 1804; baseline -0.002 -13"><span class='ocrx_word' id='word_1_126' title='bbox 467 1734 578 1792; x_wconf 80' lang='lat' dir='ltr'><strong>suli</strong></span> <span class='ocrx_word' id='word_1_127' title='bbox 605 1734 872 1791; x_wconf 77' lang='lat' dir='ltr'><strong>cassellis</strong></span> <span class='ocrx_word' id='word_1_128' title='bbox 902 1735 1147 1790; x_wconf 89' lang='lat' dir='ltr'><strong>Berolini</strong></span> <span class='ocrx_word' id='word_1_129' title='bbox 1175 1741 1555 1804; x_wconf 84' lang='lat' dir='ltr'><strong>asservantur,</strong></span> <span class='ocrx_word' id='word_1_130' title='bbox 1585 1751 1723 1789; x_wconf 90' lang='lat' dir='ltr'><strong>unus</strong></span> <span class='ocrx_word' id='word_1_131' title='bbox 1756 1734 2023 1789; x_wconf 89' lang='lat' dir='ltr'><strong>incertum</strong></span> <span class='ocrx_word' id='word_1_132' title='bbox 2057 1734 2151 1788; x_wconf 92' lang='lat' dir='ltr'><strong>ubi</strong></span> <span class='ocrx_word' id='word_1_133' title='bbox 2177 1734 2265 1789; x_wconf 88' lang='lat' dir='ltr'><strong>la-</strong></span> 
     </span>
    </p>
   </div>
   <div class='ocr_carea' id='block_1_3' title="bbox 467 1849 870 1860">
    <p class='ocr_par' dir='ltr' id='par_1_4' title="bbox 467 1849 870 1860">
     <span class='ocr_line' id='line_1_19' title="bbox 467 1849 870 1860; baseline 0 2100"><span class='ocrx_word' id='word_1_134' title='bbox 467 1849 870 1860; x_wconf 95' lang='lat' dir='ltr'><strong> </strong></span> 
     </span>
    </p>
   </div>
   <div class='ocr_carea' id='block_1_4' title="bbox 456 1910 2266 3542">
    <p class='ocr_par' dir='ltr' id='par_1_5' title="bbox 465 1910 2266 2251">
     <span class='ocr_line' id='line_1_20' title="bbox 603 1910 2264 1980; baseline 0 -16"><span class='ocrx_word' id='word_1_135' title='bbox 603 1910 698 1976; x_wconf 86' lang='grc'><strong>78)</strong></span> <span class='ocrx_word' id='word_1_136' title='bbox 738 1911 978 1978; x_wconf 83' lang='lat' dir='ltr'><strong>Superest</strong></span> <span class='ocrx_word' id='word_1_137' title='bbox 1015 1915 1125 1965; x_wconf 89' lang='lat' dir='ltr'><strong>eius</strong></span> <span class='ocrx_word' id='word_1_138' title='bbox 1161 1914 1363 1980; x_wconf 78' lang='lat' dir='ltr'><strong>generis</strong></span> <span class='ocrx_word' id='word_1_139' title='bbox 1398 1913 1561 1963; x_wconf 85' lang='lat' dir='ltr'><strong>codex</strong></span> <span class='ocrx_word' id='word_1_140' title='bbox 1596 1913 1866 1964; x_wconf 86' lang='lat' dir='ltr'><strong>Beruensis</strong></span> <span class='ocrx_word' id='word_1_141' title='bbox 1897 1913 1999 1966; x_wconf 82' lang='lat'><strong>370</strong></span> <span class='ocrx_word' id='word_1_142' title='bbox 2029 1913 2264 1977; x_wconf 80' lang='lat' dir='ltr'><strong>idemque</strong></span> 
     </span>
     <span class='ocr_line' id='line_1_21' title="bbox 466 1982 2266 2050; baseline -0.001 -15"><span class='ocrx_word' id='word_1_143' title='bbox 466 1984 691 2036; x_wconf 81' lang='lat' dir='ltr'><strong>omnium</strong></span> <span class='ocrx_word' id='word_1_144' title='bbox 725 1982 1180 2033; x_wconf 81' lang='lat' dir='ltr'><strong>emendatissimus.</strong></span> <span class='ocrx_word' id='word_1_145' title='bbox 1252 1984 1312 2033; x_wconf 92' lang='lat' dir='ltr'><strong>ln</strong></span> <span class='ocrx_word' id='word_1_146' title='bbox 1360 1997 1419 2033; x_wconf 90' lang='lat' dir='ltr'><strong>eo</strong></span> <span class='ocrx_word' id='word_1_147' title='bbox 1456 1984 1589 2033; x_wconf 89' lang='lat' dir='ltr'><strong>enim</strong></span> <span class='ocrx_word' id='word_1_148' title='bbox 1622 1990 1737 2050; x_wconf 89' lang='lat' dir='ltr'><strong>post</strong></span> <span class='ocrx_word' id='word_1_149' title='bbox 1767 1984 2065 2034; x_wconf 85' lang='lat' dir='ltr'><strong>vocabulum</strong></span> <span class='ocrx_word' id='word_1_150' title='bbox 2093 1999 2266 2034; x_wconf 79' lang='lat' dir='ltr'><strong>acces-</strong></span> 
     </span>
     <span class='ocr_line' id='line_1_22' title="bbox 465 2051 2264 2117; baseline -0.001 -14"><span class='ocrx_word' id='word_1_151' title='bbox 465 2054 559 2112; x_wconf 75' lang='lat' dir='ltr'><strong>sio,</strong></span> <span class='ocrx_word' id='word_1_152' title='bbox 588 2051 726 2116; x_wconf 92' lang='lat' dir='ltr'><strong>quod</strong></span> <span class='ocrx_word' id='word_1_153' title='bbox 755 2051 983 2102; x_wconf 88' lang='lat' dir='ltr'><strong>ultimum</strong></span> <span class='ocrx_word' id='word_1_154' title='bbox 1013 2059 1091 2101; x_wconf 90' lang='lat' dir='ltr'><strong>est</strong></span> <span class='ocrx_word' id='word_1_155' title='bbox 1120 2051 1253 2101; x_wconf 85' lang='lat' dir='ltr'><strong>vitae</strong></span> <span class='ocrx_word' id='word_1_156' title='bbox 1286 2066 1317 2101; x_wconf 98' lang='lat' dir='ltr'><strong>a</strong></span> <span class='ocrx_word' id='word_1_157' title='bbox 1344 2051 1512 2101; x_wconf 86' lang='lat' dir='ltr'><strong>Vacca</strong></span> <span class='ocrx_word' id='word_1_158' title='bbox 1541 2052 1870 2117; x_wconf 83' lang='lat' dir='ltr'><strong>conscriptae,</strong></span> <span class='ocrx_word' id='word_1_159' title='bbox 1908 2054 2145 2103; x_wconf 88' lang='lat' dir='ltr'><strong>continuo</strong></span> <span class='ocrx_word' id='word_1_160' title='bbox 2182 2068 2264 2102; x_wconf 89' lang='lat' dir='ltr'><strong>se·</strong></span> 
     </span>
     <span class='ocr_line' id='line_1_23' title="bbox 467 2120 2264 2186; baseline -0.001 -16"><span class='ocrx_word' id='word_1_161' title='bbox 467 2129 689 2185; x_wconf 88' lang='lat' dir='ltr'><strong>quuntur</strong></span> <span class='ocrx_word' id='word_1_162' title='bbox 715 2120 889 2169; x_wconf 78' lang='lat' dir='ltr'><strong>Prima</strong></span> <span class='ocrx_word' id='word_1_163' title='bbox 923 2121 1107 2184; x_wconf 64' lang='lat' dir='ltr'><strong>ingenii</strong></span> <span class='ocrx_word' id='word_1_164' title='bbox 1133 2128 1224 2170; x_wconf 91' lang='lat' dir='ltr'><strong>etc.</strong></span> <span class='ocrx_word' id='word_1_165' title='bbox 1271 2120 1483 2186; x_wconf 88' lang='lat' dir='ltr'><strong>parvulo</strong></span> <span class='ocrx_word' id='word_1_166' title='bbox 1520 2121 1691 2171; x_wconf 84' lang='lat' dir='ltr'><strong>relicto</strong></span> <span class='ocrx_word' id='word_1_167' title='bbox 1728 2121 1989 2171; x_wconf 86' lang='lat' dir='ltr'><strong>intervallo</strong></span> <span class='ocrx_word' id='word_1_168' title='bbox 2026 2120 2264 2183; x_wconf 83' lang='lat' dir='ltr'><strong>nulloque</strong></span> 
     </span>
     <span class='ocr_line' id='line_1_24' title="bbox 466 2186 947 2251; baseline 0.002 -14"><span class='ocrx_word' id='word_1_169' title='bbox 466 2186 610 2238; x_wconf 77' lang='lat' dir='ltr'><strong>titul&#39;o</strong></span> <span class='ocrx_word' id='word_1_170' title='bbox 635 2188 947 2251; x_wconf 76' lang='lat' dir='ltr'><strong>interposito·</strong></span> 
     </span>
    </p>

    <p class='ocr_par' dir='ltr' id='par_1_6' title="bbox 456 2253 2266 3274">
     <span class='ocr_line' id='line_1_25' title="bbox 603 2253 2263 2323; baseline 0.002 -20"><span class='ocrx_word' id='word_1_171' title='bbox 603 2253 698 2319; x_wconf 88' lang='grc'><strong>79)</strong></span> <span class='ocrx_word' id='word_1_172' title='bbox 741 2256 804 2307; x_wconf 83' lang='grc' dir='ltr'><strong>Α.</strong></span> <span class='ocrx_word' id='word_1_173' title='bbox 858 2254 1004 2305; x_wconf 88' lang='grc'>1610.</span> <span class='ocrx_word' id='word_1_174' title='bbox 1077 2255 1177 2307; x_wconf 88' lang='lat' dir='ltr'><strong>Sed</strong></span> <span class='ocrx_word' id='word_1_175' title='bbox 1224 2258 1325 2307; x_wconf 88' lang='lat' dir='ltr'><strong>iam</strong></span> <span class='ocrx_word' id='word_1_176' title='bbox 1359 2272 1407 2307; x_wconf 91' lang='lat' dir='ltr'><strong>a.</strong></span> <span class='ocrx_word' id='word_1_177' title='bbox 1448 2257 1581 2309; x_wconf 80' lang='grc'><strong>1596</strong></span> <span class='ocrx_word' id='word_1_178' title='bbox 1613 2265 1899 2323; x_wconf 87' lang='lat' dir='ltr'><strong>acceperat,</strong></span> <span class='ocrx_word' id='word_1_179' title='bbox 1938 2272 1968 2306; x_wconf 89' lang='lat' dir='ltr'><strong>a</strong></span> <span class='ocrx_word' id='word_1_180' title='bbox 1999 2256 2263 2307; x_wconf 84' lang='lat' dir='ltr'><strong>Theodoro</strong></span> 
     </span>
     <span class='ocr_line' id='line_1_26' title="bbox 466 2323 2265 2390; baseline -0.001 -16"><span class='ocrx_word' id='word_1_181' title='bbox 466 2324 680 2374; x_wconf 81' lang='lat' dir='ltr'><strong>Cantero</strong></span> <span class='ocrx_word' id='word_1_182' title='bbox 721 2323 1043 2374; x_wconf 86' lang='lat' dir='ltr'><strong>Ultraiectino</strong></span> <span class='ocrx_word' id='word_1_183' title='bbox 1092 2341 1120 2373; x_wconf 91' lang='lat' dir='ltr'><strong>e</strong></span> <span class='ocrx_word' id='word_1_184' title='bbox 1157 2325 1315 2376; x_wconf 84' lang='lat' dir='ltr'><strong>veteri</strong></span> <span class='ocrx_word' id='word_1_185' title='bbox 1355 2326 1526 2377; x_wconf 89' lang='lat' dir='ltr'><strong>codice</strong></span> <span class='ocrx_word' id='word_1_186' title='bbox 1566 2326 1865 2390; x_wconf 85' lang='lat' dir='ltr'><strong>descriptam</strong></span> <span class='ocrx_word' id='word_1_187' title='bbox 1885 2362 1900 2387; x_wconf 93' lang='lat'><strong>,</strong></span> <span class='ocrx_word' id='word_1_188' title='bbox 1946 2325 2034 2376; x_wconf 74' lang='lat' dir='ltr'><strong>cfr.</strong></span> <span class='ocrx_word' id='word_1_189' title='bbox 2074 2326 2265 2376; x_wconf 84' lang='lat' dir='ltr'><strong>Casan-</strong></span> 
     </span>
     <span class='ocr_line' id='line_1_27' title="bbox 465 2390 2263 2459; baseline 0 -16"><span class='ocrx_word' id='word_1_190' title='bbox 465 2390 585 2443; x_wconf 87' lang='lat' dir='ltr'><strong>boni</strong></span> <span class='ocrx_word' id='word_1_191' title='bbox 635 2390 876 2455; x_wconf 90' lang='lat' dir='ltr'><strong>epistolae</strong></span> <span class='ocrx_word' id='word_1_192' title='bbox 917 2408 970 2456; x_wconf 91' lang='lat' dir='ltr'><strong>p.</strong></span> <span class='ocrx_word' id='word_1_193' title='bbox 1015 2391 1118 2444; x_wconf 87' lang='grc'><strong>646</strong></span> <span class='ocrx_word' id='word_1_194' title='bbox 1153 2393 1336 2443; x_wconf 77' lang='lat' dir='ltr'><strong>Almel.</strong></span> <span class='ocrx_word' id='word_1_195' title='bbox 1388 2394 1521 2457; x_wconf 90' lang='lat' dir='ltr'><strong>quod</strong></span> <span class='ocrx_word' id='word_1_196' title='bbox 1556 2395 1839 2459; x_wconf 81' lang='lat' dir='ltr'><strong>exemplum</strong></span> <span class='ocrx_word' id='word_1_197' title='bbox 1874 2394 2263 2444; x_wconf 83' lang='lat' dir='ltr'><strong>Almeloveenus</strong></span> 
     </span>
     <span class='ocr_line' id='line_1_28' title="bbox 465 2458 2264 2528; baseline 0 -18"><span class='ocrx_word' id='word_1_198' title='bbox 465 2460 532 2510; x_wconf 87' lang='lat' dir='ltr'><strong>ad</strong></span> <span class='ocrx_word' id='word_1_199' title='bbox 565 2458 796 2524; x_wconf 77' lang='lat' dir='ltr'><strong>vulgatas</strong></span> <span class='ocrx_word' id='word_1_200' title='bbox 829 2458 1073 2510; x_wconf 87' lang='lat' dir='ltr'><strong>editiones</strong></span> <span class='ocrx_word' id='word_1_201' title='bbox 1118 2462 1389 2512; x_wconf 86' lang='lat' dir='ltr'><strong>refluxisse</strong></span> <span class='ocrx_word' id='word_1_202' title='bbox 1415 2463 1629 2512; x_wconf 85' lang='lat' dir='ltr'><strong>videtur.</strong></span> <span class='ocrx_word' id='word_1_203' title='bbox 1699 2461 2026 2528; x_wconf 85' lang='lat' dir='ltr'><strong>Desumptam</strong></span> <span class='ocrx_word' id='word_1_204' title='bbox 2069 2478 2100 2513; x_wconf 88' lang='lat' dir='ltr'><strong>a</strong></span> <span class='ocrx_word' id='word_1_205' title='bbox 2132 2464 2264 2513; x_wconf 85' lang='lat' dir='ltr'><strong>Can-</strong></span> 
     </span>
     <span class='ocr_line' id='line_1_29' title="bbox 465 2525 2263 2596; baseline 0.001 -18"><span class='ocrx_word' id='word_1_206' title='bbox 465 2539 572 2578; x_wconf 87' lang='lat' dir='ltr'><strong>tero</strong></span> <span class='ocrx_word' id='word_1_207' title='bbox 606 2526 661 2577; x_wconf 88' lang='lat' dir='ltr'><strong>C.</strong></span> <span class='ocrx_word' id='word_1_208' title='bbox 695 2526 776 2576; x_wconf 85' lang='lat' dir='ltr'><strong>Fr.</strong></span> <span class='ocrx_word' id='word_1_209' title='bbox 809 2525 998 2577; x_wconf 88' lang='lat' dir='ltr'><strong>Weber</strong></span> <span class='ocrx_word' id='word_1_210' title='bbox 1042 2531 1341 2595; x_wconf 80' lang='lat' dir='ltr'><strong>opinabatur</strong></span> <span class='ocrx_word' id='word_1_211' title='bbox 1371 2546 1436 2580; x_wconf 84' lang='lat' dir='ltr'><strong>ex</strong></span> <span class='ocrx_word' id='word_1_212' title='bbox 1472 2530 1642 2594; x_wconf 86' lang='lat' dir='ltr'><strong>aliqua</strong></span> <span class='ocrx_word' id='word_1_213' title='bbox 1676 2532 1953 2596; x_wconf 87' lang='lat' dir='ltr'><strong>priscarum</strong></span> <span class='ocrx_word' id='word_1_214' title='bbox 1987 2532 2263 2581; x_wconf 89' lang='lat' dir='ltr'><strong>editionum</strong></span> 
     </span>
     <span class='ocr_line' id='line_1_30' title="bbox 464 2594 2266 2665; baseline 0.001 -19"><span class='ocrx_word' id='word_1_215' title='bbox 464 2610 579 2646; x_wconf 89' lang='lat' dir='ltr'><strong>cum</strong></span> <span class='ocrx_word' id='word_1_216' title='bbox 612 2594 793 2659; x_wconf 89' lang='lat' dir='ltr'><strong>quibus</strong></span> <span class='ocrx_word' id='word_1_217' title='bbox 831 2596 1071 2646; x_wconf 88' lang='lat' dir='ltr'><strong>nonnulla</strong></span> <span class='ocrx_word' id='word_1_218' title='bbox 1119 2599 1404 2648; x_wconf 86' lang='lat' dir='ltr'><strong>communia</strong></span> <span class='ocrx_word' id='word_1_219' title='bbox 1435 2599 1611 2660; x_wconf 89' lang='lat' dir='ltr'><strong>habet,</strong></span> <span class='ocrx_word' id='word_1_220' title='bbox 1657 2607 1713 2649; x_wconf 92' lang='lat' dir='ltr'><strong>ut</strong></span> <span class='ocrx_word' id='word_1_221' title='bbox 1747 2615 1797 2665; x_wconf 89' lang='lat' dir='ltr'><strong>p.</strong></span> <span class='ocrx_word' id='word_1_222' title='bbox 1838 2599 1967 2660; x_wconf 84' lang='lat'><strong>299,</strong></span> <span class='ocrx_word' id='word_1_223' title='bbox 2014 2601 2078 2650; x_wconf 89' lang='grc'><strong>15</strong></span> <span class='ocrx_word' id='word_1_224' title='bbox 2109 2599 2266 2648; x_wconf 87' lang='lat' dir='ltr'><strong>inter-</strong></span> 
     </span>
     <span class='ocr_line' id='line_1_31' title="bbox 462 2664 2262 2733; baseline 0.001 -17"><span class='ocrx_word' id='word_1_225' title='bbox 462 2665 634 2732; x_wconf 74' lang='lat' dir='ltr'><strong>polata</strong></span> <span class='ocrx_word' id='word_1_226' title='bbox 669 2664 822 2715; x_wconf 87' lang='lat' dir='ltr'><strong>verba</strong></span> <span class='ocrx_word' id='word_1_227' title='bbox 851 2665 948 2727; x_wconf 78' lang='lat' dir='ltr'><strong>Qui</strong></span> <span class='ocrx_word' id='word_1_228' title='bbox 975 2672 1148 2717; x_wconf 81' lang='lat' dir='ltr'><strong>tantae</strong></span> <span class='ocrx_word' id='word_1_229' title='bbox 1185 2668 1404 2719; x_wconf 77' lang='lat' dir='ltr'><strong>levitatis</strong></span> <span class='ocrx_word' id='word_1_230' title='bbox 1441 2671 1493 2718; x_wconf 71' lang='lat' dir='ltr'><strong>et</strong></span> <span class='ocrx_word' id='word_1_231' title='bbox 1524 2670 1872 2719; x_wconf 74' lang='lat' dir='ltr'><strong>immoderatae</strong></span> <span class='ocrx_word' id='word_1_232' title='bbox 1904 2670 2103 2733; x_wconf 67' lang='lat' dir='ltr'><strong>linquae</strong></span> <span class='ocrx_word' id='word_1_233' title='bbox 2144 2669 2262 2729; x_wconf 73' lang='lat' dir='ltr'><strong>fuit.</strong></span> 
     </span>
     <span class='ocr_line' id='line_1_32' title="bbox 465 2733 2265 2801; baseline 0.002 -18"><span class='ocrx_word' id='word_1_234' title='bbox 465 2738 531 2783; x_wconf 87' lang='lat' dir='ltr'><strong>At</strong></span> <span class='ocrx_word' id='word_1_235' title='bbox 576 2733 754 2783; x_wconf 86' lang='lat' dir='ltr'><strong>eadem</strong></span> <span class='ocrx_word' id='word_1_236' title='bbox 804 2733 958 2783; x_wconf 85' lang='lat' dir='ltr'><strong>verba</strong></span> <span class='ocrx_word' id='word_1_237' title='bbox 1005 2733 1345 2786; x_wconf 85' lang='lat' dir='ltr'><strong>Berolinensis</strong></span> <span class='ocrx_word' id='word_1_238' title='bbox 1397 2750 1595 2801; x_wconf 79' lang='lat' dir='ltr'><strong>quoque</strong></span> <span class='ocrx_word' id='word_1_239' title='bbox 1643 2738 1769 2787; x_wconf 87' lang='lat' dir='ltr'><strong>liber</strong></span> <span class='ocrx_word' id='word_1_240' title='bbox 1817 2738 1966 2787; x_wconf 90' lang='lat' dir='ltr'><strong>habet</strong></span> <span class='ocrx_word' id='word_1_241' title='bbox 1977 2753 1991 2798; x_wconf 82' lang='lat'>3</span> <span class='ocrx_word' id='word_1_242' title='bbox 2037 2745 2085 2787; x_wconf 90' lang='lat' dir='ltr'><strong>et</strong></span> <span class='ocrx_word' id='word_1_243' title='bbox 2139 2735 2265 2787; x_wconf 88' lang='lat' dir='ltr'><strong>haec</strong></span> 
     </span>
     <span class='ocr_line' id='line_1_33' title="bbox 462 2801 2262 2868; baseline 0.003 -16"><span class='ocrx_word' id='word_1_244' title='bbox 462 2811 595 2852; x_wconf 85' lang='lat' dir='ltr'><strong>certe</strong></span> <span class='ocrx_word' id='word_1_245' title='bbox 625 2816 677 2865; x_wconf 92' lang='lat' dir='ltr'><strong>p.</strong></span> <span class='ocrx_word' id='word_1_246' title='bbox 708 2801 839 2862; x_wconf 83' lang='lat'>299,</span> <span class='ocrx_word' id='word_1_247' title='bbox 871 2803 936 2852; x_wconf 86' lang='lat'><strong>12</strong></span> <span class='ocrx_word' id='word_1_248' title='bbox 974 2802 1051 2852; x_wconf 89' lang='grc' dir='ltr'><strong>Μ.</strong></span> <span class='ocrx_word' id='word_1_249' title='bbox 1084 2804 1327 2855; x_wconf 80' lang='lat' dir='ltr'><strong>Annaeus</strong></span> <span class='ocrx_word' id='word_1_250' title='bbox 1363 2805 1600 2855; x_wconf 76' lang='lat' dir='ltr'><strong>Lucanus</strong></span> <span class='ocrx_word' id='word_1_251' title='bbox 1633 2807 1992 2866; x_wconf 82' lang='lat' dir='ltr'><strong>Cordubensis,</strong></span> <span class='ocrx_word' id='word_1_252' title='bbox 2031 2806 2093 2855; x_wconf 91' lang='grc'>21</span> <span class='ocrx_word' id='word_1_253' title='bbox 2133 2809 2262 2868; x_wconf 73' lang='lat' dir='ltr'><strong>rur-i,</strong></span> 
     </span>
     <span class='ocr_line' id='line_1_34' title="bbox 461 2868 2260 2938; baseline 0.005 -19"><span class='ocrx_word' id='word_1_254' title='bbox 461 2886 515 2937; x_wconf 76' lang='lat' dir='ltr'><strong>p.</strong></span> <span class='ocrx_word' id='word_1_255' title='bbox 549 2868 668 2929; x_wconf 87' lang='lat'><strong>300,</strong></span> <span class='ocrx_word' id='word_1_256' title='bbox 706 2869 732 2917; x_wconf 94' lang='lat' dir='ltr'><strong>l</strong></span> <span class='ocrx_word' id='word_1_257' title='bbox 759 2872 1086 2933; x_wconf 72' lang='lat' dir='ltr'><strong>pam-icidam,</strong></span> <span class='ocrx_word' id='word_1_258' title='bbox 1122 2872 1155 2924; x_wconf 84' lang='lat'><strong>3</strong></span> <span class='ocrx_word' id='word_1_259' title='bbox 1186 2876 1310 2934; x_wconf 80' lang='lat' dir='ltr'><strong>suis,</strong></span> <span class='ocrx_word' id='word_1_260' title='bbox 1342 2874 1374 2924; x_wconf 88' lang='lat'>5</span> <span class='ocrx_word' id='word_1_261' title='bbox 1411 2890 1523 2938; x_wconf 88' lang='lat' dir='ltr'><strong>sqq.</strong></span> <span class='ocrx_word' id='word_1_262' title='bbox 1583 2874 1823 2926; x_wconf 75' lang='lat' dir='ltr'><strong>Poemata</strong></span> <span class='ocrx_word' id='word_1_263' title='bbox 1852 2878 1996 2925; x_wconf 76' lang='lat' dir='ltr'><strong>etiam</strong></span> <span class='ocrx_word' id='word_1_264' title='bbox 2027 2878 2135 2926; x_wconf 75' lang='lat' dir='ltr'><strong>eius</strong></span> <span class='ocrx_word' id='word_1_265' title='bbox 2163 2884 2260 2929; x_wconf 85' lang='lat' dir='ltr'><strong>etc.</strong></span> 
     </span>
     <span class='ocr_line' id='line_1_35' title="bbox 461 2937 2262 3010; baseline 0.004 -23"><span class='ocrx_word' id='word_1_266' title='bbox 461 2938 634 3001; x_wconf 86' lang='lat' dir='ltr'><strong>utique</strong></span> <span class='ocrx_word' id='word_1_267' title='bbox 681 2937 735 2986; x_wconf 90' lang='lat' dir='ltr'><strong>in</strong></span> <span class='ocrx_word' id='word_1_268' title='bbox 770 2938 971 3005; x_wconf 87' lang='lat' dir='ltr'><strong>scriptis</strong></span> <span class='ocrx_word' id='word_1_269' title='bbox 1014 2940 1155 2992; x_wconf 86' lang='lat' dir='ltr'><strong>libris</strong></span> <span class='ocrx_word' id='word_1_270' title='bbox 1188 2950 1418 3010; x_wconf 88' lang='lat' dir='ltr'><strong>reperta,</strong></span> <span class='ocrx_word' id='word_1_271' title='bbox 1464 2957 1612 2993; x_wconf 87' lang='lat' dir='ltr'><strong>nemo</strong></span> <span class='ocrx_word' id='word_1_272' title='bbox 1656 2943 1946 3009; x_wconf 68' lang='lat' dir='ltr'><strong>typothetae</strong></span> <span class='ocrx_word' id='word_1_273' title='bbox 1989 2944 2262 2995; x_wconf 82' lang='lat' dir='ltr'><strong>tradiderat</strong></span> 
     </span>
     <span class='ocr_line' id='line_1_36' title="bbox 458 3004 2256 3077; baseline 0.003 -21"><span class='ocrx_word' id='word_1_274' title='bbox 458 3015 575 3057; x_wconf 87' lang='lat' dir='ltr'><strong>ante</strong></span> <span class='ocrx_word' id='word_1_275' title='bbox 605 3004 974 3057; x_wconf 80' lang='lat' dir='ltr'><strong>Gasaubonum.</strong></span> <span class='ocrx_word' id='word_1_276' title='bbox 1045 3008 1286 3060; x_wconf 82' lang='lat' dir='ltr'><strong>Dubitare</strong></span> <span class='ocrx_word' id='word_1_277' title='bbox 1322 3009 1479 3077; x_wconf 80' lang='lat' dir='ltr'><strong>igitur</strong></span> <span class='ocrx_word' id='word_1_278' title='bbox 1508 3010 1610 3062; x_wconf 89' lang='lat' dir='ltr'><strong>noli</strong></span> <span class='ocrx_word' id='word_1_279' title='bbox 1648 3013 1768 3076; x_wconf 88' lang='lat' dir='ltr'><strong>quin</strong></span> <span class='ocrx_word' id='word_1_280' title='bbox 1800 3013 1971 3063; x_wconf 87' lang='lat' dir='ltr'><strong>codice</strong></span> <span class='ocrx_word' id='word_1_281' title='bbox 2004 3027 2099 3066; x_wconf 84' lang='lat' dir='ltr'><strong>ms.</strong></span> <span class='ocrx_word' id='word_1_282' title='bbox 2130 3013 2256 3064; x_wconf 80' lang='lat' dir='ltr'><strong>Can-</strong></span> 
     </span>
     <span class='ocr_line' id='line_1_37' title="bbox 457 3077 2261 3148; baseline 0.003 -23"><span class='ocrx_word' id='word_1_283' title='bbox 457 3084 597 3125; x_wconf 87' lang='lat' dir='ltr'><strong>terus</strong></span> <span class='ocrx_word' id='word_1_284' title='bbox 632 3089 757 3126; x_wconf 86' lang='lat' dir='ltr'><strong>usus</strong></span> <span class='ocrx_word' id='word_1_285' title='bbox 793 3077 886 3136; x_wconf 88' lang='lat' dir='ltr'><strong>sit,</strong></span> <span class='ocrx_word' id='word_1_286' title='bbox 925 3084 973 3125; x_wconf 86' lang='lat' dir='ltr'><strong>et</strong></span> <span class='ocrx_word' id='word_1_287' title='bbox 1007 3077 1094 3126; x_wconf 85' lang='lat' dir='ltr'><strong>tali</strong></span> <span class='ocrx_word' id='word_1_288' title='bbox 1131 3078 1334 3141; x_wconf 86' lang='lat' dir='ltr'><strong>quidem</strong></span> <span class='ocrx_word' id='word_1_289' title='bbox 1373 3079 1460 3142; x_wconf 88' lang='lat' dir='ltr'><strong>qui</strong></span> <span class='ocrx_word' id='word_1_290' title='bbox 1491 3079 1556 3129; x_wconf 89' lang='lat' dir='ltr'><strong>ad</strong></span> <span class='ocrx_word' id='word_1_291' title='bbox 1573 3079 1883 3131; x_wconf 86' lang='lat' dir='ltr'><strong>Beruensem</strong></span> <span class='ocrx_word' id='word_1_292' title='bbox 1918 3082 1986 3132; x_wconf 79' lang='lat'><strong>45</strong></span> <span class='ocrx_word' id='word_1_293' title='bbox 2029 3081 2261 3148; x_wconf 87' lang='lat' dir='ltr'><strong>proxime</strong></span> 
     </span>
     <span class='ocr_line' id='line_1_38' title="bbox 459 3141 2260 3217; baseline 0.004 -24"><span class='ocrx_word' id='word_1_294' title='bbox 459 3141 751 3203; x_wconf 81' lang='lat' dir='ltr'><strong>accedebat,</strong></span> <span class='ocrx_word' id='word_1_295' title='bbox 786 3143 878 3195; x_wconf 81' lang='lat' dir='ltr'><strong>cfr.</strong></span> <span class='ocrx_word' id='word_1_296' title='bbox 910 3160 962 3210; x_wconf 90' lang='lat' dir='ltr'><strong>p.</strong></span> <span class='ocrx_word' id='word_1_297' title='bbox 1000 3144 1118 3206; x_wconf 84' lang='lat'><strong>299,</strong></span> <span class='ocrx_word' id='word_1_298' title='bbox 1153 3145 1221 3196; x_wconf 92' lang='grc'><strong>20</strong></span> <span class='ocrx_word' id='word_1_299' title='bbox 1256 3147 1357 3197; x_wconf 81' lang='lat' dir='ltr'><strong>Hie</strong></span> <span class='ocrx_word' id='word_1_300' title='bbox 1382 3151 1443 3201; x_wconf 73' lang='lat' dir='ltr'><strong>,in</strong></span> <span class='ocrx_word' id='word_1_301' title='bbox 1476 3150 1647 3211; x_wconf 75' lang='lat' dir='ltr'><strong>initia,</strong></span> <span class='ocrx_word' id='word_1_302' title='bbox 1694 3151 1756 3198; x_wconf 84' lang='lat'><strong>21</strong></span> <span class='ocrx_word' id='word_1_303' title='bbox 1789 3152 1951 3215; x_wconf 65' lang='lat' dir='ltr'><strong>lonae,</strong></span> <span class='ocrx_word' id='word_1_304' title='bbox 1980 3165 2034 3217; x_wconf 87' lang='lat' dir='ltr'><strong>p.</strong></span> <span class='ocrx_word' id='word_1_305' title='bbox 2071 3149 2192 3210; x_wconf 84' lang='lat'><strong>300,</strong></span> <span class='ocrx_word' id='word_1_306' title='bbox 2225 3152 2260 3201; x_wconf 87' lang='grc'>2</span> 
     </span>
     <span class='ocr_line' id='line_1_39' title="bbox 456 3210 1271 3274; baseline 0.007 -15"><span class='ocrx_word' id='word_1_307' title='bbox 456 3210 616 3260; x_wconf 77' lang='lat' dir='ltr'><strong>libero</strong></span> <span class='ocrx_word' id='word_1_308' title='bbox 639 3211 877 3274; x_wconf 74' lang='lat' dir='ltr'><strong>arbitrio,</strong></span> <span class='ocrx_word' id='word_1_309' title='bbox 919 3213 952 3263; x_wconf 81' lang='lat'>5</span> <span class='ocrx_word' id='word_1_310' title='bbox 981 3215 1124 3262; x_wconf 73' lang='lat' dir='ltr'><strong>etlam</strong></span> <span class='ocrx_word' id='word_1_311' title='bbox 1150 3216 1271 3264; x_wconf 70' lang='lat' dir='ltr'><strong>eius.</strong></span> 
     </span>
    </p>

    <p class='ocr_par' dir='ltr' id='par_1_7' title="bbox 456 3276 2259 3542">
     <span class='ocr_line' id='line_1_40' title="bbox 592 3276 2252 3353; baseline 0.007 -27"><span class='ocrx_word' id='word_1_312' title='bbox 592 3276 682 3339; x_wconf 85' lang='lat'><strong>80)</strong></span> <span class='ocrx_word' id='word_1_313' title='bbox 718 3279 940 3331; x_wconf 89' lang='lat' dir='ltr'><strong>Primum</strong></span> <span class='ocrx_word' id='word_1_314' title='bbox 971 3281 1038 3331; x_wconf 89' lang='lat' dir='ltr'><strong>ad</strong></span> <span class='ocrx_word' id='word_1_315' title='bbox 1058 3291 1253 3333; x_wconf 84' lang='lat' dir='ltr'><strong>vetusta</strong></span> <span class='ocrx_word' id='word_1_316' title='bbox 1285 3285 1517 3351; x_wconf 85' lang='lat' dir='ltr'><strong>exempla</strong></span> <span class='ocrx_word' id='word_1_317' title='bbox 1543 3288 1821 3337; x_wconf 85' lang='lat' dir='ltr'><strong>accessisse</strong></span> <span class='ocrx_word' id='word_1_318' title='bbox 1841 3288 2108 3353; x_wconf 84' lang='lat' dir='ltr'><strong>Hugonem</strong></span> <span class='ocrx_word' id='word_1_319' title='bbox 2131 3286 2252 3337; x_wconf 89' lang='lat' dir='ltr'><strong>Gro-</strong></span> 
     </span>
     <span class='ocr_line' id='line_1_41' title="bbox 457 3344 2259 3412; baseline 0.006 -17"><span class='ocrx_word' id='word_1_320' title='bbox 457 3344 585 3395; x_wconf 84' lang='lat' dir='ltr'><strong>tium</strong></span> <span class='ocrx_word' id='word_1_321' title='bbox 620 3346 782 3406; x_wconf 86' lang='lat' dir='ltr'><strong>video,</strong></span> <span class='ocrx_word' id='word_1_322' title='bbox 822 3349 909 3412; x_wconf 87' lang='lat' dir='ltr'><strong>qui</strong></span> <span class='ocrx_word' id='word_1_323' title='bbox 951 3350 1005 3400; x_wconf 89' lang='lat' dir='ltr'><strong>in</strong></span> <span class='ocrx_word' id='word_1_324' title='bbox 1034 3363 1129 3400; x_wconf 86' lang='lat' dir='ltr'><strong>aua</strong></span> <span class='ocrx_word' id='word_1_325' title='bbox 1161 3351 1381 3404; x_wconf 89' lang='lat' dir='ltr'><strong>editione</strong></span> <span class='ocrx_word' id='word_1_326' title='bbox 1415 3369 1462 3403; x_wconf 90' lang='lat' dir='ltr'><strong>a.</strong></span> <span class='ocrx_word' id='word_1_327' title='bbox 1508 3354 1641 3406; x_wconf 89' lang='grc'>1614</span> <span class='ocrx_word' id='word_1_328' title='bbox 1683 3357 1869 3405; x_wconf 86' lang='lat' dir='ltr'><strong>emissa</strong></span> <span class='ocrx_word' id='word_1_329' title='bbox 1907 3355 2259 3406; x_wconf 79' lang='lat' dir='ltr'><strong>casaubonum</strong></span> 
     </span>
     <span class='ocr_line' id='line_1_42' title="bbox 458 3412 2259 3488; baseline 0.008 -27"><span class='ocrx_word' id='word_1_330' title='bbox 458 3412 684 3475; x_wconf 85' lang='lat' dir='ltr'><strong>alioquin</strong></span> <span class='ocrx_word' id='word_1_331' title='bbox 719 3414 975 3486; x_wconf 72' lang='lat' dir='ltr'><strong>referens,</strong></span> <span class='ocrx_word' id='word_1_332' title='bbox 1028 3420 1172 3469; x_wconf 87' lang='lat' dir='ltr'><strong>uncis</strong></span> <span class='ocrx_word' id='word_1_333' title='bbox 1218 3435 1280 3470; x_wconf 85' lang='lat' dir='ltr'><strong>ea</strong></span> <span class='ocrx_word' id='word_1_334' title='bbox 1313 3422 1514 3472; x_wconf 84' lang='lat' dir='ltr'><strong>inclusit</strong></span> <span class='ocrx_word' id='word_1_335' title='bbox 1549 3438 1681 3488; x_wconf 87' lang='lat' dir='ltr'><strong>quae</strong></span> <span class='ocrx_word' id='word_1_336' title='bbox 1716 3424 1779 3474; x_wconf 88' lang='lat' dir='ltr'><strong>ab</strong></span> <span class='ocrx_word' id='word_1_337' title='bbox 1815 3424 2035 3488; x_wconf 85' lang='lat' dir='ltr'><strong>antiquis</strong></span> <span class='ocrx_word' id='word_1_338' title='bbox 2074 3424 2259 3475; x_wconf 85' lang='lat' dir='ltr'><strong>editio·</strong></span> 
     </span>
     <span class='ocr_line' id='line_1_43' title="bbox 456 3479 1287 3542; baseline 0.014 -12"><span class='ocrx_word' id='word_1_339' title='bbox 456 3479 607 3530; x_wconf 87' lang='lat' dir='ltr'><strong>nibus</strong></span> <span class='ocrx_word' id='word_1_340' title='bbox 638 3482 817 3534; x_wconf 90' lang='lat' dir='ltr'><strong>abesse</strong></span> <span class='ocrx_word' id='word_1_341' title='bbox 849 3485 1287 3542; x_wconf 85' lang='lat' dir='ltr'><strong>animadverterat.</strong></span> 
     </span>
    </p>
   </div>
  </div>
 </body>
</html>
