2553 3960
367 226 489 288 290
917 236 977 284 o.
1023 236 1352 285 sumonn
1395 235 1823 296 TRANQUILLI
1918 265 1923 266 f

368 411 492 453 mus
517 391 847 471 praefectus
879 390 1037 450 urbis
1068 390 1253 451 factus
1276 399 1448 451 sexto
1480 390 1572 450 die
1603 390 1942 467 magistratu
1972 407 2038 450 se
2061 388 2383 468 abdicavit,

368 476 659 537 incivilem
703 483 1050 554 potestatem
1096 492 1231 534 esse
1278 483 1612 535 contestans
1659 491 1718 533 a.
1755 481 1889 535 728.
1924 480 2034 533 729
2060 517 2073 530 .
2109 516 2123 532 .
2156 519 2170 532 .
2216 473 2379 534 Mes-

370 561 493 622 sala
531 556 814 620 Corvinus
846 568 1043 618 orator
1076 567 1206 619 ante
1249 558 1538 618 biennium
1569 576 1737 638 quam
1780 558 2107 617 m'oreretur
2143 559 2222 618 ita
2257 576 2394 638 me-⁸

364 646 602 705 moriam
629 653 683 703 et
715 661 945 703 sensum
978 643 1194 719 amisit,
1225 651 1286 701 ut
1313 643 1413 702 vix
1438 660 1621 721 pauca
1651 641 1831 701 verba
1864 643 2280 718 coniungeret,
2320 651 2379 701 et

364 730 436 792 ad
480 737 792 788 extremum
829 727 1030 786 ulcere
1064 726 1174 785 sibi
1220 728 1376 786 circa
1407 744 1630 786 sacram
1660 727 1884 804 spinam
1922 734 2056 785 nato
2087 724 2276 785 inedia
2310 743 2415 789 ses

369 811 625 875 confecit
661 828 809 871 anno
844 811 1049 871 aetatis
1081 811 1516 889 septuagesimo
1549 811 1733 870 altero
1767 826 1825 870 a.
1864 817 2206 871 763-765,

496 896 566 971 Q.
598 894 865 955 Haterius
902 904 1200 974 promptus
1233 904 1290 954 et
1319 895 1620 973 popularis
1652 902 1850 953 orator
1880 910 2064 971 usque
2095 893 2166 953 ad
2196 911 2374 953 nona-

366 983 646 1059 gesimum
678 997 868 1059 prope
903 997 1106 1039 annum
1137 981 1194 1039 in
1224 995 1446 1038 summo
1475 977 1702 1037 honore
1734 977 2108 1037 consenescit
2138 994 2197 1037 α.
2234 982 2374 1040 778.

492 1063 801 1124 Passienus
833 1072 1000 1141 pater
1032 1062 1390 1122 declamator
1422 1063 1663 1138 insignis
1696 1061 1845 1121 diem
1877 1059 2024 1120 obiit
2053 1077 2113 1121 a.
2145 1070 2283 1122 745.

492 1147 803 1207 Passienus
833 1147 983 1206 filius
1016 1145 1219 1206 fraude
1252 1144 1487 1205 heredis
1524 1163 1661 1205 suae
1693 1154 1933 1205 necatur
1981 1161 2042 1205 a.
2072 1152 2200 1205 791.
2246 1142 2376 1204 Cri-
2402 1171 2452 1211 ιο

301 1223 302 1226 '
368 1249 529 1309 spus,
549 1230 858 1308 „municeps
876 1229 1565 1305 Viselliensis,tirocinio
1596 1246 1701 1289 suo
1727 1230 1785 1287 in
1811 1238 2014 1288 senatu
2039 1229 2115 1287 ita
2141 1229 2377 1306 coepit:

368 1314 591 1376 Patres
622 1313 961 1392 conscripti
994 1319 1050 1373 ct
1087 1319 1149 1373 tu
1183 1310 1463 1373 Caesar!
1491 1321 1734 1392 propter
1765 1311 1921 1390 quod
1952 1312 2213 1372 simulata
2245 1329 2379 1373 ora-

369 1401 528 1459 tione
561 1396 898 1475 plenissime
929 1416 961 1458 a
991 1396 1226 1456 Tiberio
1264 1396 1638 1457 conlaudatus
1670 1405 1777 1456 est.
1849 1396 2129 1457 Plurimas
2160 1405 2381 1475 sponte

374 1499 579 1543 causas
630 1480 781 1560 apud
827 1482 1215 1541 centumviros
1253 1483 1405 1559 egit,
1457 1498 1566 1560 pro
1608 1499 1718 1559 qua
1760 1498 1825 1539 re
1867 1481 1921 1538 in
1954 1479 2197 1539 basilica
2227 1479 2379 1539 Iulia

369 1569 492 1627 eius
536 1573 720 1626 statua
767 1568 958 1644 posita
1004 1575 1111 1625 est.
1169 1563 1518 1625 Consulatus
1563 1564 1706 1624 duos
1744 1565 1950 1640 gessit.
2008 1564 2243 1625 Uxores
2268 1563 2446 1633 lla-15

368 1651 487 1710 buit
520 1648 692 1726 duaS,
729 1651 968 1728 primam
988 1649 1324 1725 Domitiam,
1358 1648 1563 1708 deinde
1589 1647 1971 1726 Agrippinam
1993 1695 2010 1724 ,
2043 1647 2201 1708 illam
2236 1648 2375 1707 ami·

369 1743 517 1811 tam,
573 1732 725 1792 hauc
777 1742 1014 1792 matrem
1061 1732 1313 1793 Neronis
1358 1730 1645 1793 Caesaris.
1740 1731 2010 1792 Possedit
2051 1731 2141 1790 bis
2184 1731 2375 1791 milies

370 1817 711 1878 sestertium.
763 1816 1019 1876 Omnium
1050 1818 1374 1896 principum
1408 1819 1651 1894 gratiam
1676 1815 1977 1895 adpetivit,
2010 1814 2114 1875 sed
2146 1818 2372 1894 praeci-

370 1920 483 1982 pue
528 1898 594 1961 C.
635 1898 938 1978 CaesariS,
978 1919 1146 1980 quem
1188 1903 1301 1959 iter
1342 1901 1651 1961 facientem
1692 1908 1926 1959 secutus
1971 1908 2060 1959 est
2101 1898 2371 1978 pedibus.

367 1987 476 2046 Hic
525 1984 684 2045 nullo
728 1982 993 2045 audiente
1034 2004 1066 2046 a
1110 1985 1348 2046 Nerone
1395 1985 1697 2065 [oportuit
1735 1983 1904 2063 Gaio]
1955 1986 2434 2061 interrogatus,2o

369 2069 684 2130 haberetne
737 2071 884 2128 sicut
934 2072 1060 2148 ipse
1115 2088 1240 2129 cum
1295 2087 1505 2130 sorore
1560 2087 1835 2147 germana
1881 2068 2371 2145 cousuetudinem,

369 2152 637 2215 nondum
683 2152 887 2230 inquit,
954 2155 1314 2231 quantumvis
1358 2153 1635 2213 decenter
1677 2161 1735 2212 et
1767 2161 1965 2229 caute,
2015 2171 2089 2211 ne
2132 2162 2230 2211 aut
2273 2171 2371 2211 ne·

370 2236 561 2314 gando
598 2253 723 2294 eum
765 2245 1038 2313 argueret
1078 2246 1173 2297 aut
1221 2237 1598 2297 adsentiendo
1644 2245 1828 2295 semet
1858 2236 2158 2296 mendacio
2192 2235 2373 2296 deho-

370 2328 642 2379 nestaret.
717 2318 895 2379 Periit
926 2339 1032 2399 per
1060 2320 1319 2382 fraudem
1350 2320 1732 2399 Agrippinae,
1781 2338 1948 2398 quam
1975 2319 2250 2379 heredem
2281 2338 2372 2379 re-

370 2404 652 2482 liquerat,
698 2412 756 2462 et
799 2404 1002 2464 funere
1037 2404 1270 2484 publico
1317 2405 1501 2466 elatus
1536 2414 1641 2464 est.
1675 2401 1934 2465 Scholia
1962 2404 2049 2464 ad
2078 2402 2436 2464 Iuvenal.2⁵

374 2498 430 2561 4,
468 2495 562 2548 81.

497 2570 563 2631 C.
619 2571 849 2631 Asinius
907 2571 1137 2649 GalluS,
1206 2573 1390 2633 Asinii
1433 2571 1716 2632 Pollionis
1764 2572 1945 2649 filius,
2008 2574 2166 2633 cuius
2198 2575 2372 2633 etiam

376 2655 651 2733 Virgilius
681 2655 961 2732 meminit,
994 2656 1131 2716 diris
1160 2676 1193 2717 a
1229 2656 1467 2717 Tiberio
1498 2656 1799 2735 suppliciis
1830 2665 2066 2717 necatur
2098 2673 2157 2715 a.
2192 2663 2331 2717 767.

501 2737 736 2799 Cassius
784 2739 1037 2807 Severus
1082 2750 1282 2802 orator
1324 2741 1633 2818 egregius,
1689 2742 1783 2818 qui
1819 2740 2182 2815 Quintianum
2228 2738 2371 2799 illud

375 2823 746 2902 proverbium
765 2822 1000 2900 luserat,
1034 2827 1319 2902 vigesimo
1354 2825 1549 2903 quinto
1582 2823 1740 2883 exilii
1771 2826 1857 2884 sui
1888 2842 2034 2884 auno
2065 2826 2122 2883 in
2151 2842 2433 2884 summam

378 2909 574 2986 inopia
609 2909 882 2983 moritur,
915 2909 1013 2967 vix
1046 2927 1234 2988 panno
1268 2908 1522 2969 verenda
1556 2916 1856 2967 contectus
1894 2926 1954 2969 a.
1995 2912 2340 2968 785—787.

505 2993 789 3052 Votienus
821 2991 1124 3052 Montanus
1155 2993 1555 3054 Narbonensis
1590 2999 1786 3051 orator
1819 2994 1876 3051 in
1909 2991 2247 3052 Balearibus
2292 2992 2370 3050 in-

379 3074 520 3133 sulis
555 3077 820 3150 moritur,
852 3093 884 3134 a
916 3075 1151 3136 Tiberio
1185 3077 1324 3137 illuc
1357 3075 1652 3152 relegatus
1685 3092 1744 3135 a.
1783 3083 1914 3137 780.
1948 3083 2077 3136 781.

499 3156 780 3218 Domitius
818 3157 964 3219 Afer
1001 3159 1412 3221 Nemausensis
1458 3159 1649 3219 clarus
1709 3168 1907 3219 orator
1935 3159 2212 3236 habetur,
2277 3161 2371 3238 qui

374 3241 857 3382 Ροειοει71ἑῖ7ονοηε
895 3254 1179 3321 regnante
1218 3263 1293 3305 ex
1333 3244 1447 3305 cibi
1485 3241 1829 3303 abundantia
1867 3245 1925 3303 in
1968 3260 2148 3303 caena
2196 3247 2437 3304 mori-as

397 3339 462 3379 ur
493 3339 551 3380 a.
703 3368 717 3384 .
757 3332 882 3385 798.

451 3448 456 3449 ff
508 3418 662 3477 Libri,
696 3421 781 3482 qui
806 3434 911 3474 erat
935 3425 1013 3476 de
1051 3426 1089 3475 P
1108 3428 1297 3488 cetis,
1323 3429 1373 3476 iu
1403 3429 1661 3492 prooemio
1689 3429 1792 3495 legi
1816 3430 1980 3494 potuit
1999 3429 2126 3479 hoc:

500 3482 715 3543 Poetae
745 3488 893 3550 uude
922 3493 1034 3553 sint
1063 3493 1231 3571 dicti,
1263 3496 1351 3554 sic
1386 3498 1464 3556 ait
1490 3495 1880 3576 Tranquillus.
1955 3496 2095 3557 Cum
2128 3501 2374 3575 primun:
