2553 3960
506 254 676 303 wa
1194 251 1609 299 PRAEFA‘no.
1706 308 1710 312 ,

513 418 670 468 terae
713 427 817 484 pro
848 410 1055 485 duplici
1087 410 1307 484 positae
1324 405 1394 484 ⁵⁰)
1426 426 1603 481 pauca
1641 408 1915 475 inveniet;
1962 416 2154 467 contra
2199 427 2332 466 sae-

513 495 743 568 pissime
771 496 1016 563 Antonii,
1051 495 1298 549 Sallustii
1327 501 1435 549 etc.
1474 498 1531 547 et
1569 493 1663 548 vel
1696 494 1927 549 obiicere
1958 500 2015 549 et
2044 494 2333 549 subiiciam

512 584 778 650 scriptum
834 585 890 634 et
940 579 1010 633 de
1055 578 1293 647 singulis
1336 575 1627 633 vocabulis
1668 577 2036 633 adolescentes
2051 572 2159 650 ⁵¹),
2206 581 2331 649 epi-

507 663 675 733 stola,
735 676 914 733 pene,
973 667 1184 716 tentare
1199 702 1214 727 ,
1278 661 1621 724 concionari,
1681 666 1918 731 quatuor
1932 702 1949 731 ,
2006 661 2332 731 vendicavit,

508 745 826 810 Brundusi,
884 761 1229 816 quanquam,
1284 760 1561 814 unquam,
1618 760 1903 814 nunquam
1952 745 2037 799 sie
2072 750 2133 799 ut
2161 745 2330 801 vides

508 829 717 901 scripta
774 826 1035 884 offendet.
1120 825 1314 884 Omnia
1376 828 1516 882 haec
1578 833 1841 898 reputans
1888 827 2070 882 codici
2134 828 2329 883 Heno-

509 912 708 968 chiano
746 911 1009 966 maiorem
1040 927 1199 982 quam
1230 910 1442 967 saeculi
1482 908 1611 964 XIII
1648 917 1882 967 aetatem
1925 911 2175 966 tribuere
2212 927 2328 967 non

508 995 755 1051 audebit.

628 1077 837 1133 Eodem
862 1079 1038 1134 altera
1072 1075 1417 1149 quaestionis
1443 1092 1595 1147 pars,
1628 1093 1792 1148 quam
1829 1078 2326 1149 tachygraphicam

506 1160 647 1229 dixi,
681 1166 941 1231 spectare
977 1161 1218 1217 videtur.
1307 1159 1699 1216 Heuochianus
1731 1161 1896 1230 liber,
1934 1162 1983 1216 si
2016 1167 2171 1216 recte
2204 1167 2324 1216 sta-

507 1243 707 1299 tuimus
736 1243 1061 1300 Leidensem
1091 1250 1148 1298 et
1181 1242 1487 1299 Gudianum
1526 1245 1777 1300 codicem
1821 1245 1930 1300 duo
1980 1244 2137 1315 quasi
2180 1261 2325 1317 apo-

502 1327 715 1397 grapha
747 1327 869 1382 eius
902 1344 1048 1396 esse,
1077 1327 1404 1382 necessario
1440 1326 1587 1381 omni
1616 1344 1828 1397 genere
1861 1328 2318 1401 compendiorum

502 1416 560 1465 et
591 1409 860 1479 siglorum
890 1411 1132 1465 refertus
1157 1410 1296 1479 ruit,
1332 1425 1564 1481 quorum
1596 1410 1768 1467 lectio
1802 1428 2077 1482 persaepe
2110 1411 2321 1466 diffici-

500 1492 572 1548 lis
619 1499 783 1565 atque
826 1494 1080 1564 ambigua
1123 1499 1290 1549 esset.
1381 1493 1592 1548 Passim
1637 1495 1960 1565 compendia
2017 1510 2322 1564 agnoscaS,

502 1577 704 1647 quibus
744 1578 1017 1634 vocabula
1061 1582 1114 1631 et
1149 1583 1205 1631 et
1240 1579 1439 1643 etiam,
1482 1576 1585 1632 hoc
1627 1583 1684 1631 et
1729 1577 1898 1648 haec,
1947 1577 2083 1633 nihil
2126 1585 2182 1632 et
2217 1580 2319 1648 nil,

501 1660 919 1716 terminationes
960 1663 1015 1716 in
1057 1661 1327 1733 perfectis
1357 1666 1522 1715 erunt
1561 1666 1617 1716 et
1659 1675 1753 1715 ere
1795 1668 1851 1716 et
1894 1661 2097 1719 similia
2142 1678 2319 1732 aegre

501 1743 996 1813 distinguerentur.
1046 1744 1107 1800 In
1140 1745 1379 1814 singulis
1408 1743 1700 1800 vocabulis
1732 1743 1839 1799 tria
1877 1746 2132 1819 exempla
2161 1760 2318 1816 pono

501 1825 724 1882 inventa
768 1828 970 1898 pagina
1017 1832 1117 1887 271
1167 1828 1470 1885 dimidiata.
1557 1828 1737 1883 Versu
1788 1828 1934 1884 enim
1978 1834 2046 1888 18
2088 1844 2192 1901 pro
2242 1844 2317 1883 eo

504 1909 651 1980 quod
682 1915 768 1966 est
796 1915 1004 1966 lantum
1027 1928 1137 1966 non
1164 1912 1307 1967 alter
1334 1910 1517 1967 scriba
1552 1918 1732 1967 lamen
1759 1928 1897 1976 non,
1933 1912 2074 1967 alter
2103 1917 2317 1967 tantum

500 1994 657 2050 modo
683 1995 866 2061 dedit;
898 2013 1065 2052 versu
1096 2002 1162 2056 27
1195 1997 1469 2067 quoddam
1500 1996 1883 2067 compendium
1912 1996 2009 2051 ille
2030 2010 2315 2066 persona-

498 2079 619 2145 lem,
657 2080 750 2135 hie
779 2082 1164 2150 proconsulem
1196 2081 1532 2151 explicavit3
1564 2096 1732 2137 versu
1762 2087 1828 2140 31
1864 2081 1961 2136 ille
1996 2081 2053 2134 in
2080 2082 2310 2150 ispeum,

502 2161 592 2219 hic
620 2163 679 2216 in
702 2171 993 2234 conspectu
1034 2164 1316 2221 invenisse
1351 2163 1460 2220 sibi
1493 2166 1645 2221 visus
1690 2170 1792 2219 est.
1879 2163 1955 2219 At
1983 2179 2119 2219 vero
2161 2165 2314 2219 haud

498 2248 623 2302 scio
667 2263 736 2303 an
770 2247 1055 2319 quisquam
1087 2249 1171 2304 rei
1205 2249 1416 2319 peritus
1446 2265 1625 2318 genus
1658 2247 1972 2319 scripturae
2016 2254 2124 2302 tam
2155 2261 2311 2302 com-

496 2329 843 2401 pendiariam
866 2331 1147 2403 antiquius
1183 2332 1411 2387 saeculo
1439 2331 1566 2387 XIII
1593 2330 1885 2387 habiturus
1918 2330 2010 2386 sit.

625 2411 975 2479 Quarundam
1000 2415 1383 2470 diversitatum
1412 2431 1513 2485 per
1543 2414 1771 2471 codices
1801 2415 2145 2472 inventarum
2176 2430 2312 2470 cau-

497 2512 591 2552 sas
636 2496 692 2550 iu
732 2496 858 2567 ipso
890 2498 1247 2554 Henochiano
1294 2498 1438 2553 libro
1483 2499 1827 2570 quaerendas
1870 2514 1996 2553 esse
2039 2503 2202 2570 puto;
2250 2499 2312 2553 fit

499 2580 641 2634 euim
689 2596 1087 2651 nonnumquam
1119 2588 1224 2637 tam
1266 2582 1322 2636 in
1351 2581 1608 2638 Leidensi
1651 2597 1810 2651 quam
1842 2580 2089 2637 Gudiano
2133 2580 2308 2651 libro,

497 2669 556 2718 ut
584 2663 725 2719 duae
761 2664 1035 2720 lectiones
1071 2665 1246 2721 altera
1282 2682 1448 2736 supra
1481 2666 1711 2720 alteram
1742 2665 1988 2737 scriptae
2019 2665 2148 2721 sint.
2207 2664 2309 2721 Sic

496 2764 551 2820 p.
592 2752 692 2808 261
713 2788 730 2817 ,
773 2753 840 2805 21
871 2748 926 2802 in
961 2756 1197 2819 utroque
1234 2763 1544 2803 marmoreo
1575 2747 1786 2818 legitur
1817 2765 1982 2820 supra
2016 2747 2306 2819 posterius

495 2847 527 2885 o
559 2831 747 2887 littera
788 2848 823 2885 a
870 2832 1084 2896 addita:
1130 2850 1184 2904 p.
1218 2837 1356 2901 264,
1404 2838 1474 2891 33
1519 2831 1616 2886 ille
1649 2830 1923 2887 Caielinae
1947 2848 1987 2886 u
2014 2830 2305 2904 imposito,

497 2913 591 2970 hic
625 2914 905 2970 Catulinae
948 2916 1209 2988 imposito
1248 2918 1273 2970 i
1321 2914 1592 2979 ostendit;
1631 2932 1685 2987 p.
1719 2920 1855 2986 269,
1908 2921 1977 2974 33
2030 2915 2127 2969 ille
2177 2927 2303 2968 res-

494 2999 694 3071 coyniti
730 3007 858 3055 sunt
896 2999 1082 3055 deleto
1118 3005 1296 3055 tamen
1328 2997 1516 3068 priore
1549 3012 1604 3061 s,
1633 2997 1736 3072 ,hic
1778 2999 2042 3071 recoquiti
2074 3002 2204 3052 sunt
2242 3004 2304 3051 et

496 3161 677 3245 cedant
727 3171 896 3212 tamen
948 3160 1136 3211 Graeca
1185 3163 1414 3212 acroasis
1434 3196 1451 3222 ‚
1509 3160 1847 3223 paraphrasis
1863 3196 1879 3223 ,
1941 3160 2093 3210 thesis
2107 3195 2122 3219 ,
2179 3175 2301 3223 syn-

494 3228 726 3362 thmiiO)
767 3299 859 3350 cfr.
895 3313 1049 3365 supra
1072 3314 1121 3364 p.
1151 3298 1308 3348 LXV.
1377 3297 1522 3347 Adde
1545 3295 1728 3358 Seoeti,
1766 3295 1972 3359 Spoleti,
1997 3295 2296 3356 Mediolani,

494 3367 913 3497 Bmggzssemel
931 3437 1323 3489 adulescentibus
1341 3443 1390 3487 et
1405 3437 1712 3500 neqleyentia
1729 3432 1999 3483 invenitur.
2041 3430 2185 3482 Adde
2203 3446 2292 3480 mi·

493 3505 657 3567 liquos
693 3519 744 3569 p.
772 3504 900 3566 263,
935 3506 1021 3556 29.
