2553 3960
1004 253 1211 301 mres
1247 254 1471 302 urus.
2127 242 2248 304 239

257 407 616 488 principibus
648 407 815 467 aliter
842 410 879 449 *
911 425 1027 467 non
1057 404 1371 485 haberent,
1422 426 1589 487 quam
1631 411 1676 468 si
1721 408 1920 469 eadem
1964 408 2146 469 isdem
2191 418 2248 469 et

259 494 370 572 ipsi
401 491 721 568 dedissent,
754 493 971 570 primus
1001 493 1314 571 praeterita
1345 495 1534 554 omnia
1576 510 1688 552 uno
1726 495 2082 553 confirmavit
2129 493 2244 553 edi-

262 585 380 652 cto,
410 593 523 635 nec
558 594 589 635 a
622 593 688 635 se
721 577 842 654 peti
875 594 1081 655 passus
1113 584 1220 635 est.
1296 575 1361 636 In
1393 578 1606 636 ceteris
1635 594 1778 637 vero
1809 576 2111 637 desideriis
2141 578 2243 637 ho-

252 662 463 721 minum
501 659 948 731 obstinatissime
990 661 1202 737 tenuit,
1259 678 1334 720 ne
1383 678 1552 739 quem
1591 662 1717 721 sine
1759 679 1867 740 spe
1907 660 2243 729 dimitteret;

217 744 391 824 oquin
434 753 493 805 et
537 742 973 804 admonentibus
1021 743 1388 821 domesticiS,
1447 747 1608 824 quasi
1647 745 1812 824 plura
1870 745 2247 825 polliceretur

257 846 425 907 quam
458 836 756 908 praestare
791 837 1025 907 posset,
1067 846 1191 889 non
1220 835 1513 906 oportere
1538 830 1616 890 ait
1644 846 2005 910 quemquam
2038 846 2080 889 a
2111 847 2242 889 scr-

253 930 432 974 mone
455 911 765 990 principis
796 911 1031 972 tristem
1073 912 1433 983 discedere,·
1469 923 1641 993 atque
1686 915 1856 974 etiam
1902 914 2244 974 recordatus

254 997 538 1078 quondam
568 1014 747 1076 super
783 1014 1041 1072 caenam,
1078 996 1233 1075 quod
1265 997 1403 1056 nihil
1438 999 1702 1077 cuiquam
1733 1007 1857 1058 toto
1884 997 1976 1057 die
2003 986 2243 1077 prae'sti-

252 1084 446 1158 tisset,
474 1080 907 1147 memorabilem
937 1081 1091 1142 illam
1120 1083 1443 1159 meritoque
1473 1080 1755 1142 laudatam
1786 1100 1994 1143 vocem
2036 1081 2243 1143 edidit:

183 1180 235 1221 to
257 1164 474 1241 Amzci,
509 1164 667 1225 diem
691 1164 963 1243 perdidi.

377 1249 660 1329 Populum
691 1251 746 1308 in
779 1249 978 1329 primis
1022 1252 1351 1310 universum
1396 1257 1548 1310 tanta
1595 1268 1699 1329 per
1742 1251 1927 1310 omnis
1978 1251 2243 1311 occasio·

252 1353 357 1395 nes
393 1334 661 1393 comitate
693 1336 986 1412 tractavit,
1013 1343 1073 1393 ut
1106 1336 1413 1414 proposito
1446 1333 1792 1410 gladiatorio
1823 1352 2094 1411 munere,
2121 1353 2244 1396 non

254 1418 342 1479 ad
370 1435 567 1493 suum,
597 1417 709 1478 sed
741 1417 830 1478 ad
852 1417 1259 1496 spectantium
1299 1414 1625 1478 arbitrium
1674 1419 1954 1478 editurum
1996 1437 2061 1477 se
2110 1436 2241 1498 pro-

253 1504 445 1564 fessus
481 1503 581 1571 sit;
616 1511 674 1561 et
705 1501 878 1580 plane
910 1503 986 1561 ita
1017 1501 1179 1561 fecit.
1237 1501 1384 1561 Nam
1427 1518 1615 1581 neque
1659 1504 1895 1579 negavit
1940 1504 2244 1580 quicquam

183 1605 234 1647 ιε
257 1586 583 1668 petentibus
615 1593 674 1645 et
702 1594 763 1646 ut
795 1603 944 1664 quae
992 1584 1214 1644 vellent
1258 1593 1526 1662 peterent
1560 1585 1713 1645 ultro
1757 1585 2089 1645 adhortatus
2132 1593 2241 1645 est.

254 1673 404 1748 Quin
444 1679 502 1730 et
532 1668 776 1728 studium
806 1677 1126 1728 armaturae
1159 1666 1446 1727 Threcum
1492 1686 1633 1747 prae
1677 1686 1742 1728 se
1784 1669 2015 1745 ferens,
2061 1687 2242 1748 saepe

256 1774 383 1816 cum
416 1752 638 1834 populo
669 1763 727 1813 et
753 1770 904 1813 voce
941 1760 1000 1811 et
1026 1759 1196 1829 gestu
1227 1761 1287 1810 ut
1316 1752 1506 1812 fautor
1537 1753 1838 1814 cavillatus
1869 1761 1992 1829 est,
2044 1771 2243 1813 verum

253 1841 552 1900 maiestate
589 1837 750 1897 salva
783 1842 894 1897 nec
922 1837 1104 1896 minus
1138 1837 1449 1915 aequitate.
1532 1835 1621 1897 Ne
1665 1836 1799 1916 quid
1846 1837 2243 1916 popularitatis

252 1921 759 2006 praetermitteret,
791 1938 1212 2000 nonnumquam
1242 1922 1301 1979 in
1331 1919 1570 1980 thermis
1616 1921 1736 1982 suis
1778 1920 2025 1982 admissa
2070 1921 2244 2001 plebe

178 2024 234 2064 20
254 2009 410 2070 lavit.

378 2091 674 2167 Quaedam
702 2091 807 2151 sub
840 2108 914 2151 eo
951 2091 1184 2151 fortuita
1212 2107 1286 2150 ac
1318 2090 1501 2150 tristia
1530 2089 1901 2166 acciderunt,
1936 2099 1996 2150 ut
2029 2090 2242 2151 confla·

248 2179 440 2257 gratio
471 2177 676 2237 Vesvii
718 2178 927 2237 montis
958 2176 1015 2235 in
1049 2172 1396 2253 Campania,
1433 2182 1491 2233 et
1521 2173 1845 2234 incendium
1873 2175 2095 2235 Romae
2138 2194 2243 2255 per

249 2262 493 2323 triduum
518 2260 873 2340 totidemque
900 2268 1126 2335 noctes,
1154 2259 1290 2318 item
1318 2256 1647 2336 pestilentia
1672 2268 1880 2337 quanta
1896 2277 2010 2319 non
2024 2268 2243 2319 temere

251 2347 419 2408 alias.
498 2345 561 2404 In
591 2346 663 2404 iis
698 2353 783 2404 tot
812 2344 1073 2405 adversis
1106 2360 1175 2402 ac
1205 2340 1417 2402 talibus
1451 2359 1566 2402 non
1593 2342 1765 2402 modo
1803 2344 2083 2423 principis
2124 2343 2241 2403 sol-

177 2428 605 2490 wlicitudinem
640 2428 745 2487 sed
770 2437 829 2488 et
860 2429 1115 2507 parentis
1147 2426 1416 2486 affectum
1465 2426 1689 2486 unicum
1731 2428 2048 2505 praestitit,
2094 2446 2244 2487 nunc

254 2512 613 2574 consolando
646 2530 755 2591 per
783 2511 996 2586 edicta,
1027 2527 1178 2569 nunc
1210 2509 1547 2588 opitulando
1581 2518 1858 2589 quatenus
1902 2520 2244 2590 suppeteret

251 2598 516 2658 facultas.
592 2594 910 2656 Curatores
944 2592 1337 2654 restituendae
1382 2591 1729 2673 Campaniae
1778 2613 1811 2654 e
1857 2595 2244 2655 consularium

251 2675 489 2741 numero
524 2689 683 2740 sorte
732 2678 915 2748 duxit;
959 2678 1108 2738 bona
1151 2694 1568 2756 oppressorum
1611 2680 1665 2737 in
1697 2679 1954 2754 Vesvio,
2002 2697 2243 2758 quorum

254 2763 505 2825 heredes
535 2781 652 2823 non
682 2763 975 2841 extabant,
1006 2762 1353 2822 restitutioni
1382 2762 1721 2822 afflictarum
1756 2763 2064 2823 civitatium
2088 2765 2241 2823 attri-

177 2860 233 2903 80
254 2848 392 2908 buit.
460 2846 637 2908 Urbis
671 2847 938 2907 incendio
975 2844 1131 2907 nihil
1155 2843 1405 2923 publice
1431 2846 1679 2924 perisse
1721 2855 1989 2924 testatus,
2038 2856 2244 2907 cuncta

254 2932 677 3013 praetoriorum
702 2948 934 2992 suorum
953 2938 1288 2991 ornamenta
1318 2930 1595 3008 operibus
1635 2949 1705 2991 ac
1739 2931 1971 3010 templis
1995 2930 2243 2992 destina-

251 3019 333 3078 vit
356 3018 813 3096 praeposuitque
845 3014 1160 3094 compluris
1193 3032 1268 3073 ex
1298 3016 1558 3091 equestri
1581 3014 1802 3093 ordine,
1836 3032 1951 3093 quo
1979 3032 2243 3095 quaeque

252 3103 524 3171 maturius
542 3109 985 3180 peragerentur.
1015 3096 1338 3159 Medendae
1365 3097 1657 3158 valitudini
1671 3097 2077 3178 leniendisque
2094 3118 2241 3160 mor·

253 3185 342 3246 bis
371 3186 585 3247 nullam
614 3185 858 3245 divinam
894 3185 1311 3260 humanamque
1343 3199 1515 3260 opem
1563 3199 1679 3241 non
1726 3181 2012 3261 adhibuit,
2062 3184 2242 3263 inqui·

176 3288 235 3331 ss
257 3271 367 3330 sito
402 3272 552 3331 omni
585 3270 1002 3331 sacrificiorum
1038 3265 1540 3344 remediorumque
1566 3284 1807 3343 genere.

374 3354 531 3414 Inter
588 3353 830 3415 adversa
893 3362 1218 3431 temporum
1283 3359 1341 3409 et
1408 3349 1700 3410 delatores
1760 3350 2243 3428 mandatoresque

257 3448 419 3497 erant
465 3457 539 3499 ex
579 3439 812 3498 licentia
853 3437 1060 3497 veteri.
1141 3433 1264 3496 Hos
1317 3433 1545 3493 assidue
1592 3436 1647 3493 in
1693 3435 1825 3495 foro
1883 3433 2133 3510 flagellis
2173 3448 2244 3491 ac

255 3521 503 3583 fustibus
534 3538 740 3583 caesos
776 3540 846 3582 ac
878 3520 1190 3582 novissime
1222 3516 1521 3579 traductos
1554 3536 1659 3597 per
1691 3516 2087 3598 amphitheatri
2117 3532 2241 3575 are·
