2553 3960
303 214 385 277 48
474 226 535 274 c.
562 226 863 276 sumom
886 225 1144 285 TRANQ.
1182 226 1279 272 DE
1301 225 1470 273 vrrs
1495 224 1864 273 CAESARUM
1896 224 2037 271 Lm.
2062 224 2137 272 11.

306 384 580 463 emptioni
607 381 952 462 publicanos
1001 380 1268 457 videbat,
1314 378 1526 439 liberto
1557 396 1663 438 suo
1694 377 1941 453 addixit,
1986 388 2045 438 ut
2074 378 2313 457 relega-

305 478 421 528 tum
460 468 519 527 in
561 484 738 544 agros
779 482 888 545 pro
933 464 1122 525 libero
1167 482 1303 524 esse
1346 465 1580 523 sineret.
1665 463 1963 523 Decimam
2016 462 2313 539 legionem

306 552 699 612 contumacius
752 558 1056 629 parentem
1096 566 1227 609 cum
1280 547 1595 625 ignominia
1651 556 1829 608 totam
1870 545 2110 623 dimisit,
2174 548 2312 607 item

307 636 449 697 alias
494 634 834 695 immodeste
873 635 1205 693 missionem
1245 631 1610 710 postulantes
1643 634 1789 692 citra
1824 630 2124 703 commoda
2154 649 2312 691 eme-

303 723 541 780 ritorum
574 720 957 799 praemiorum
989 717 1411 776 exauctoravit.
1473 713 1799 791 Cohortes,
1840 717 1891 774 si
1921 732 2069 794 quae
2101 717 2311 776 cessis·
2332 741 2359 778 s

305 813 435 865 sent
464 803 631 877 loco,
668 802 985 862 decimatas
1014 799 1236 860 hordeo
1268 801 1449 879 pavit.
1514 797 1899 859 Centuriones
1932 801 2180 859 statione
2213 798 2312 859 de-

305 896 495 963 serta,
527 886 722 946 itidem
750 895 809 946 ut
838 884 1263 963 manipulares,
1310 883 1545 961 capitali
1576 882 2079 943 animadversione
2107 885 2312 962 puniit,

305 989 414 1052 pro
465 979 666 1031 cetero
717 968 1062 1030 delictorum
1109 986 1335 1046 genere
1376 968 1552 1028 variis
1596 969 1905 1044 ignominis
1951 967 2195 1044 adfecit,
2253 976 2316 1026 ut

307 1063 465 1115 stare
505 1073 615 1132 per
642 1063 822 1114 totum
853 1053 1005 1113 diem
1047 1051 1276 1112 iuberet
1306 1058 1439 1111 ante
1485 1054 1875 1130 praetorium,
1914 1050 2197 1111 interdum
2227 1060 2311 1111 tu-

306 1141 530 1198 nicatos
584 1137 1050 1216 discinctosque,
1103 1152 1524 1214 nonnumquam
1583 1153 1712 1195 cum
1752 1134 2163 1215 decempedis,
2212 1135 2309 1194 vel
2333 1156 2383 1198 io

221 1224 477 1286 25etiam
516 1223 798 1300 cespitem
843 1229 1166 1300 portantes.
1242 1218 1452 1298 Neque
1495 1228 1631 1299 post
1675 1218 1836 1281 bella
1882 1221 2074 1281 civilia
2115 1228 2214 1280 aut
2254 1221 2314 1278 in

306 1306 577 1366 contione
622 1313 719 1365 aut
754 1323 864 1384 per
895 1303 1145 1364 edictum
1176 1303 1329 1364 ullos
1360 1302 1599 1363 militum
1648 1304 2067 1365 commilitones
2107 1302 2311 1382 appel-

305 1388 492 1466 labat,
523 1387 630 1448 sed
658 1388 889 1464 milites,
923 1406 991 1449 ac
1026 1406 1100 1448 ne
1129 1405 1164 1448 a
1194 1387 1329 1449 filiis
1358 1387 1591 1467 quidem
1621 1397 1719 1449 aut
1747 1390 2034 1468 privignis
2063 1390 2182 1447 suis
2211 1389 2311 1447 im-

305 1474 474 1554 perio
502 1472 779 1552 praeditis
811 1473 982 1533 aliter
1013 1471 1302 1552 appellari
1333 1481 1685 1551 passus-est,
1719 1471 2075 1533 ambitiosius
2102 1470 2161 1531 id
2190 1472 2313 1531 exi-

306 1559 572 1633 stimans,
610 1574 775 1636 quam
807 1565 903 1617 aut
931 1558 1080 1617 ratio
1109 1555 1372 1617 militaris
1407 1564 1505 1618 aut
1533 1566 1855 1636 temporum
1888 1558 2053 1636 quies
2081 1565 2178 1616 aut
2211 1572 2315 1616 sua
2334 1576 2383 1618 ιε

307 1641 624 1720 domusque
665 1658 804 1702 suae
844 1643 1121 1701 maiestas
1151 1640 1495 1720 postularet.
1561 1640 1859 1701 Libertino
1893 1641 2107 1718 milite,
2142 1657 2312 1721 prae-

307 1735 566 1805 terquam
592 1725 813 1786 Romae
842 1724 1238 1785 incendiorum
1269 1743 1444 1786 causa
1474 1734 1534 1785 et
1562 1728 1612 1785 si
1645 1725 1915 1786 tumultus
1944 1727 2002 1785 in
2032 1725 2313 1801 graviore

230 1858 233 1861 ,
307 1826 533 1869 annona
560 1817 946 1886 metueretur,
992 1806 1083 1870 bis
1113 1827 1249 1869 usus
1284 1818 1404 1870 est:
1453 1810 1637 1870 semel
1668 1809 1742 1871 ad
1770 1808 2120 1889 praesidium
2149 1809 2311 1869 colo-

306 1894 524 1954 uiarum
577 1891 871 1967 Illyricum
927 1894 1412 1970 contingentium,
1472 1896 1677 1954 iterum
1736 1893 1808 1955 ad
1868 1893 2103 1953 tutelam
2144 1894 2312 1972 ripae

306 1976 495 2039 Rheni
529 1977 802 2044 fluminis:
836 1994 1092 2057 eosque,
1122 1995 1334 2038 servos
1364 1976 1550 2039 adhuc
1579 1980 1720 2039 viris
1751 1978 2098 2058 feminisque
2127 1995 2304 2057 pecu·
2326 1994 2379 2035 20

307 2061 658 2122 niosioribus
701 2060 951 2121 indictos
994 2078 1063 2121 ac
1108 2064 1234 2122 sine
1279 2077 1440 2122 mora
1498 2064 1907 2139 manumissos,
1941 2060 2071 2122 ‘sub
2111 2063 2312 2141 priore
2374 2137 2381 2144 ⁶

307 2145 526 2205 vexillo
560 2143 776 2221 habuit,
808 2163 998 2224 neque
1030 2154 1127 2205 aut
1158 2147 1501 2206 commixtos
1525 2164 1653 2206 cum
1684 2148 1955 2224 ingenuis
1984 2155 2081 2207 aut
2103 2145 2312 2206 eodem

307 2229 477 2290 modo
521 2236 788 2289 armatos.
1072 2272 1082 2292 .
1305 2290 1309 2295 ,

432 2312 600 2373 Dona
648 2312 945 2390 militaria,
1002 2312 1295 2393 aliquanto
1348 2314 1575 2375 facilius
1621 2316 1894 2396 phaleras
1950 2323 2011 2375 et
2050 2324 2310 2394 torques,

309 2396 579 2479 quicquid
613 2413 754 2457 auro
787 2405 1149 2476 argentoque
1181 2408 1505 2477 constaret,
1539 2418 1706 2478 quam
1737 2399 1994 2460 vallares
2020 2417 2090 2460 ac
2122 2416 2307 2459 mura-
2327 2419 2380 2459 25

307 2482 397 2543 les
442 2497 721 2557 coronas,
763 2497 911 2559 quae
954 2481 1177 2542 honore
1219 2482 1683 2561 praecellerent,
1743 2483 1947 2553 dabat;
1990 2483 2096 2544 has
2142 2500 2309 2564 quam

305 2566 646 2645 parcissime
679 2573 739 2624 et
773 2567 898 2625 sine
935 2565 1242 2626 ambitione
1280 2585 1349 2627 ac
1379 2585 1561 2646 saepe
1592 2570 1765 2628 etiam
1795 2568 2060 2646 caligatis
2090 2565 2306 2627 tribuit.

302 2650 379 2711 Μ.
411 2649 740 2729 Agrippam
767 2652 825 2710 in
858 2649 1055 2711 Sicilia
1087 2659 1223 2729 post
1264 2651 1530 2712 navalem
1561 2653 1862 2714 victoriam
1895 2650 2170 2712 caeruleo
2205 2668 2305 2710 ve-

303 2735 448 2795 xillo
475 2734 729 2795 donavit.
790 2734 968 2796 Solos
997 2734 1400 2813 triumphales,
1439 2753 1775 2816 quamquam
1806 2746 1867 2797 et
1896 2737 2095 2797 socios
2127 2753 2305 2814 expe·

305 2818 579 2878 ditionum
623 2828 682 2877 et
725 2820 1045 2899 participes
1089 2820 1460 2880 victoriarum
1502 2838 1761 2898 suarum,
1800 2837 2105 2900 numquam
2135 2819 2303 2879 donis
2323 2838 2378 2880 so

304 2901 720 2982 impertiendos
766 2905 1016 2982 putavit,
1062 2903 1217 2983 quod
1257 2905 1370 2982 ipsi
1422 2922 1653 2985 quoque
1692 2907 1782 2966 ius
1821 2904 2159 2965 habuissent
2204 2904 2301 2963 tri-

303 2985 514 3047 buendi
558 3004 628 3047 ea
678 2985 884 3066 quibus
923 2987 1161 3047 vellent.
1234 2987 1391 3048 Nihil
1422 2998 1612 3049 autem
1642 2991 1825 3050 minus
1863 2988 2135 3069 perfecto
2170 2986 2303 3047 duci

305 3088 471 3146 quam
510 3072 936 3131 festinationem
980 3074 1479 3151 temeritatemque
1531 3075 1844 3133 convenire
1895 3069 2300 3132 arbitrabatur.

307 3150 532 3213 Crebro
569 3157 763 3234 itaque
805 3154 904 3215 illa
931 3153 1209 3215 iactabat:
1252 3152 1524 3217 Σπεῦὃε
1570 3153 1903 3235 unanime!
1972 3142 2304 3234 Ἀσφαλὴς

303 3227 431 3314 γάρ
463 3226 598 3295 ἐστ’
632 3237 929 3315 αμείνων
955 3224 999 3317 ἦ
1027 3228 1292 3318 θρασὺς
1322 3235 1790 3320 στρατηλάτης.
1848 3239 1958 3317 Et,
1997 3238 2119 3300 Sat
2139 3238 2298 3300 cele·
2319 3257 2373 3298 ss

303 3319 459 3379 riter
502 3319 645 3396 fieri
685 3321 985 3404 quidquid
1021 3322 1136 3399 fiat
1173 3324 1334 3384 satis
1379 3323 1549 3386 bene.
1607 3325 1899 3386 Proelium
1940 3323 2169 3404 quidem
2209 3332 2305 3383 aut

305 3400 519 3462 bellum
563 3404 989 3483 suscipiendum
1033 3409 1265 3468 omnino
1305 3407 1590 3486 negabat,
1630 3411 1738 3469 nisi
1770 3428 1898 3470 cum
1925 3409 2109 3469 maior
2145 3424 2300 3468 emo-

305 3483 540 3544 lumenti
581 3504 720 3566 spes
762 3505 929 3566 quam
962 3490 1147 3551 damni
1183 3503 1369 3554 metus
1400 3494 1827 3555 ostenderetur.
1888 3492 2033 3553 Nam
2076 3493 2301 3553 minima
