2553 3960
408 207 530 271 300
960 216 1021 265 c.
1067 215 1396 265 sumomr
1439 213 1866 274 TnAannm

406 392 541 436 rans
585 374 934 452 impietatem
980 371 1089 432 sibi
1119 370 1271 450 apud
1306 370 1649 447 parricidam
1677 369 2000 447 principem
2042 368 2429 446 profuturam.

407 458 721 537 Impetrato
761 465 951 517 autem
991 457 1193 517 mortis
1236 454 1475 514 arbitrio
1518 452 1707 512 libero
1756 451 2066 513 codicillos
2099 452 2173 512 ad
2207 462 2432 529 patrem

409 540 771 619 corrigendis
821 539 1162 621 quibusdam
1206 538 1477 597 versibus
1520 537 1638 596 suis
1681 538 1972 615 exaravit,
2032 536 2428 616 epulatusque

406 628 652 703 largiter
698 624 936 685 brachia
978 624 1049 683 ad
1095 621 1379 683 secandas
1424 638 1607 681 venas
1646 619 1917 699 praebuit
1959 620 2217 681 medico.
2285 621 2425 681 Poe-

405 719 556 770 mata
598 710 724 769 eius
769 711 940 769 etiam
989 706 1255 786 praelegi
1296 707 1558 779 memini,
1620 704 1830 765 confici
1873 722 2017 766 vero
2052 722 2125 765 ac
2171 706 2459 784 proponi⁵
2539 737 2544 766 ι

407 794 633 854 venalia
667 810 782 853 non
808 801 1023 853 tantum
1053 807 1315 870 operose
1348 800 1408 850 et
1438 790 1753 867 diligenter
1778 789 1885 849 sed
1930 791 2130 867 inepte
2165 806 2423 867 quoqne.

406 877 469 939 H
469 896 589 939 ane
615 878 807 939 vitam
837 876 1012 937 initio
1034 875 1332 952 maumam,
1365 892 1528 955 quae
1554 881 1616 934 in
1643 873 1958 935 nonnullis
1977 870 2228 934 Lucani
2248 873 2431 934 libris

405 969 660 1041 reperta
682 969 741 1024 et
764 961 846 1023 ab
873 958 1217 1022 Omnibono
1243 977 1304 1020 a.
1338 967 1493 1020 1475
1518 958 1688 1020 edita
1716 964 1829 1035 est,
1851 958 2099 1037 primus
2117 954 2433 1037 Iosephus
2542 993 2543 1004 κ

405 1046 692 1126 Scaliyer
721 1045 1003 1107 Suetonii
1029 1061 1167 1105 esse
1194 1043 1518 1104 iudicavit.

543 1143 877 1194 Iuvenalis
907 1144 1063 1193 vitam
1089 1144 1416 1193 omittendam
1443 1143 1700 1204 duximus,
1726 1157 1842 1193 cum
1867 1157 1933 1192 ne
1957 1142 2191 1209 potuisse
2218 1142 2429 1205 quidem
2450 1147 2482 1188 ¹⁰
2542 1199 2543 1218 χ

299 1245 303 1248 -
406 1211 731 1276 Tranquillus
759 1226 851 1276 per
880 1218 1097 1261 aetatem
1117 1211 1351 1261 videatur
1374 1212 1440 1261 de
1464 1226 1524 1262 eo
1548 1219 1700 1277 poeta
1721 1226 1893 1278 agere.

405 1347 437 1397 h
542 1280 617 1398 113³
668 1280 948 1329 illustribus
985 1279 1354 1330 Historicis
1402 1280 1740 1344 Hieronymus
1789 1296 1817 1330 e
1869 1279 2112 1330 Suetonio
2166 1281 2428 1346 excerpsit
2542 1267 2543 1276 ¹

440 1363 529 1398 aec
577 1363 692 1399 ere:

533 1429 842 1491 Cornelius
865 1429 1071 1509 Nepos
1100 1434 1356 1511 scriptor
1378 1432 1691 1492 historicus
1721 1432 1911 1493 clarus
1935 1430 2185 1492 habetur
2203 1448 2266 1492 a.
2293 1440 2427 1493 715.
2542 1457 2543 1464 ¹

533 1516 840 1576 Sallustius
877 1512 1119 1594 Crispus
1151 1517 1408 1596 scriptor
1435 1516 1745 1576 historicus
1779 1518 1836 1576 in
1867 1516 2097 1577 Sabinis
2134 1514 2424 1576 Amiterni
2445 1538 2476 1578 ιε
2542 1587 2543 1600 ¹

404 1602 659 1660 nascitur
708 1616 769 1660 a.
819 1607 954 1661 668.
1003 1606 1119 1663 669
1158 1644 1171 1659 .
1210 1645 1223 1659 .
1261 1645 1275 1659 .
1325 1600 1633 1660 Sallustius
1679 1600 1829 1661 diem
1864 1599 2008 1661 obiit
2040 1600 2425 1679 quadriennio

405 1692 537 1743 ante
568 1683 872 1744 Actiacum
903 1682 1123 1743 bellum
1150 1701 1209 1744 a.
1247 1690 1375 1744 719.

531 1766 783 1828 Messala
832 1765 1119 1830 Corvinus
1164 1777 1364 1828 orator
1389 1768 1646 1827 nascitur
1692 1777 1752 1827 et
1795 1766 1860 1828 T.
1894 1767 2086 1827 Livius
2114 1766 2422 1829 Patavinus

309 1858 312 1861 ’
404 1854 658 1930 scriptor
699 1851 1012 1912 historicus
1054 1868 1113 1911 a.
1163 1858 1482 1914 695—697
1512 1895 1528 1908 .
1565 1897 1578 1911 .
1617 1897 1631 1910 .
1694 1851 1760 1911 T.
1804 1850 1998 1912 Livius
2038 1850 2419 1931 historiogra-

404 1933 550 2014 phus
579 1935 797 1997 Patavii
828 1938 1066 1996 moritur
1099 1953 1159 1997 a.
1184 1944 1320 1999 770.
2435 1955 2474 1996 2⁰
2535 1933 2544 1948 “

462 2039 471 2044 ·
529 2018 867 2080 Fenestella
918 2020 1287 2082 historiarum
1333 2021 1589 2098 scriptor
1631 2030 1690 2081 et
1736 2020 2046 2082 carminum
2105 2029 2418 2100 septuage-

404 2105 549 2163 simo
581 2120 729 2164 anno
760 2106 999 2164 moritur
1030 2104 1435 2185 sepeliturque
1466 2101 1659 2165 Cumis
1703 2123 1763 2166 a.
1813 2111 1948 2165 772.

532 2204 604 2278 Q.
640 2204 929 2265 Asconius
971 2207 1256 2268 Pedianus
1299 2206 1554 2285 scriptor
1575 2205 1888 2267 historicus
1925 2204 2120 2266 clarus
2150 2204 2421 2283 habetur,

406 2289 503 2369 qui
545 2291 980 2369 septuagesimo
1022 2293 1194 2353 tertio
1239 2291 1445 2351 aetatis
1492 2308 1632 2351 suae
1676 2307 1824 2352 anno
1865 2298 2072 2367 captus
2115 2289 2421 2351 luminibus

405 2372 709 2434 duodecim
740 2384 950 2453 postea
980 2377 1120 2435 vixit
1146 2391 1327 2435 annos
1357 2376 1416 2434 in
1445 2391 1665 2435 summo
1715 2375 1939 2435 bonore
1987 2375 2242 2434 omnium
2292 2393 2473 2436 con-2³

408 2475 726 2520 senescens
757 2476 819 2518 α.
855 2467 991 2521 828.
1024 2467 1157 2522 829.

534 2558 747 2619 Plinius
778 2559 1082 2620 Secundus
1123 2558 1591 2620 Novocomensis
1637 2569 1838 2620 orator
1888 2566 1946 2618 et
1982 2557 2307 2619 historicus
2350 2548 2422 2617 in·

404 2643 586 2721 signis
614 2643 881 2719 habetur,
917 2646 1080 2704 cuius
1109 2645 1351 2722 plurima
1379 2644 1595 2721 ingenii
1617 2662 1798 2722 opera
1829 2650 2045 2703 extant.
2094 2641 2283 2703 Periit
2301 2645 2424 2704 dum

400 2729 536 2786 visit
566 2726 880 2787 Vesuvium
927 2745 986 2788 a.
1031 2736 1386 2790 860-862
1431 2772 1445 2786 .
1503 2773 1519 2788 .
1570 2771 1584 2786 .
1628 2728 1759 2788 Vita
1804 2727 1971 2787 Plinii
2017 2745 2095 2787 ex
2145 2727 2423 2805 catalogo

403 2812 673 2872 Virorum
703 2811 1006 2872 illustrium
1031 2811 1367 2890 Tranquilli.
1433 2812 1646 2872 Plinius
1672 2811 1976 2872 Secundus
2008 2809 2419 2872 Novocomen·
2437 2831 2476 2872 30

401 2897 484 2954 sis
531 2895 903 2975 equestribus
941 2897 1156 2957 militiis
1202 2897 1480 2957 industrie
1512 2897 1742 2957 functus
1785 2896 2241 2975 procurationes
2285 2913 2421 2974 quo·

397 2997 516 3057 que
573 2978 1071 3058 splendidissimas
1126 2989 1186 3040 et
1240 2983 1538 3041 continuas
1590 2999 1807 3041 summa
1860 2980 2199 3058 integritate
2251 2981 2424 3040 admi·

403 3064 697 3141 nistravit‚
746 3073 805 3124 et
854 3073 1046 3125 tamen
1090 3064 1431 3125 liberalibus
1475 3065 1679 3126 studiis
1716 3074 1927 3125 tantam
1965 3080 2209 3143 operam
2243 3063 2422 3137 dedit,

407 3154 468 3204 ut
525 3165 638 3206 non
677 3157 899 3209 temere
952 3151 1080 3229 quis
1133 3148 1300 3227 plura
1347 3150 1403 3209 in
1445 3150 1564 3209 otio
1620 3149 1946 3226 scripserit.
2016 3147 2223 3226 Itaque
2266 3146 2424 3207 bella

405 3232 623 3306 omnia,
659 3250 809 3309 quae
857 3251 1106 3314 unquam
1153 3251 1280 3292 cum
1333 3232 1628 3293 Germanis
1669 3242 1838 3310 gesta
1871 3241 2034 3308 sunt,
2087 3229 2220 3292 XX.
2255 3232 2479 3293 volu-³⁵

402 3313 646 3373 minibus
693 3317 1162 3395 comprehendit,
1204 3319 1459 3397 itemque
1491 3316 1766 3376 naturalis
1795 3317 2076 3377 historiae
2120 3313 2420 3376 xxxvn.

403 3394 585 3455 libros
640 3396 910 3460 absolvit.
1000 3401 1180 3462 Periit
1221 3400 1389 3461 clade
1433 3397 1812 3478 Campaniae;
1886 3419 2017 3461 cum
2060 3399 2211 3459 enim
2245 3397 2420 3459 Mise-

402 3478 566 3535 nensi
617 3478 792 3538 classi
849 3494 1157 3560 praeesset
1196 3495 1255 3545 et
1291 3482 1572 3562 flagrante
1609 3481 1873 3545 Vesubio
1904 3484 1977 3545 ad
2022 3482 2422 3562 explorandas
