2553 3960
319 207 437 272 126
496 218 556 266 c.
588 216 889 266 suE'rom
922 216 1178 277 Tamo.
1209 216 1306 263 DE
1335 214 1502 263 vrrA
1534 214 1903 263 casuum
1931 215 2068 263 Lm.
2099 215 2231 265 1111.

312 378 392 439 Ut
428 374 620 435 levior
659 370 827 433 labor
860 369 1243 431 iudicantibus
1274 370 1456 446 foret,
1499 368 1569 430 ad
1607 378 1877 450 quattuor
1912 370 2127 448 prioris
2159 373 2318 450 quin—

314 470 427 521 tam
458 457 747 518 decuriam
780 453 1011 516 addidit.
1082 452 1412 533 Temptavit
1456 462 1515 513 et
1549 455 1911 514 comitiorum
1950 471 2114 515 more
2146 473 2317 515 revo-

316 554 446 605 cato
472 542 746 618 suffragia
779 539 1001 619 populo
1042 538 1311 599 reddere.
1367 536 1586 616 Legata
1621 556 1698 598 ex
1739 546 2082 600 testamento
2119 538 2320 599 Tiberi

314 641 649 708 quamquam
691 624 945 701 abolito,
997 621 1101 682 sed
1140 631 1199 683 et
1237 620 1417 682 Iuliae
1454 622 1790 699 Augustae,
1850 622 2007 702 quod
2050 622 2318 683 Tiberius

314 717 749 792 suppresserat,
803 726 931 768 cum
973 706 1086 767 lide
1128 724 1199 767 ac
1238 707 1365 766 sine
1391 706 1669 766 calumnia
1709 715 2147 784 repraesentata
2180 724 2363 787 per—s

314 796 506 858 solvit.
580 792 1045 853 Ducentesimam
1089 791 1417 851 auctionum
1460 790 1662 851 Italiae
1694 790 1944 860 remisit;
2001 791 2192 851 multis
2237 793 2318 850 in-

315 879 646 943 cendiorum
705 876 907 937 damna
966 876 1290 954 supplevit;
1337 892 1406 934 ac
1461 875 1510 934 si
1561 874 1768 953 quibus
1817 893 2002 952 regna
2049 876 2319 952 restituit,

315 965 524 1027 adiecit
569 969 630 1023 et
681 960 928 1021 fructum
977 977 1202 1019 omnem
1257 958 1704 1037 vectigaliorum
1746 966 1805 1018 et
1863 959 2108 1020 reditum
2147 958 2321 1019 medii

312 1047 624 1127 temporis,
674 1053 733 1104 ut
777 1043 1069 1105 Antiocho
1117 1042 1511 1120 Commageno
1567 1044 1899 1103 sestertium
1951 1043 2139 1103 milies
2181 1061 2319 1105 con·

314 1133 593 1192 fiscatum.
666 1128 915 1207 Quoque
945 1128 1130 1203 magis
1160 1126 1371 1186 nullius
1402 1143 1519 1186 non
1561 1126 1698 1187 boni
1736 1127 1989 1206 exempli
2020 1127 2211 1189 fautor
2236 1128 2318 1186 vi·
2344 1142 2395 1186 ιο

315 1215 581 1290 deretur,
627 1211 852 1271 mulieri
899 1211 1204 1271 libertinae
1248 1209 1550 1288 octoginta
1594 1210 1859 1288 donavit,
1912 1209 2070 1291 quod
2111 1229 2319 1272 excru-

316 1300 466 1360 ciata
518 1297 878 1375 gravissimis
936 1296 1237 1356 tormentis
1278 1295 1350 1355 de
1411 1295 1644 1356 scelere
1693 1296 1923 1375 patroni
1963 1296 2319 1356 reticuisset.

315 1384 472 1460 Quas
520 1379 596 1440 ob
628 1399 726 1441 res
767 1380 917 1440 inter
957 1379 1222 1458 reliquos
1257 1378 1513 1440 honores
1547 1378 1820 1440 decretus
1862 1388 1953 1439 est
1996 1382 2050 1440 ei
2092 1380 2322 1458 clipeus

315 1484 550 1541 aureus,
595 1483 763 1544 quem
801 1471 943 1543 quot
985 1464 1150 1524 annis
1211 1472 1376 1524 certo
1428 1462 1522 1523 die
1563 1464 1819 1542 collegia
1862 1463 2230 1526 sacerdotum
2260 1465 2322 1523 in

316 1549 663 1629 Capitolium
698 1549 949 1625 ferrent,
1000 1557 1203 1608 senatu
1243 1557 1674 1628 prosequente,
1733 1548 2141 1628 nobilibusque
2178 1565 2396 1627 pue-1⁸

312 1638 394 1696 ris
423 1651 495 1696 ac
527 1633 737 1713 puellis
769 1634 1022 1694 carmine
1059 1631 1351 1694 modulato
1395 1630 1598 1693 laudes
1631 1634 1900 1693 virtutum
1942 1634 2067 1693 eius
2109 1650 2318 1693 canen·

311 1719 482 1779 tibus.
525 1717 838 1778 Decretum
881 1726 1068 1778 autem
1101 1725 1162 1776 ut
1190 1716 1347 1793 dieS,
1390 1734 1504 1797 quo
1533 1718 1792 1796 cepisset
1834 1718 2167 1795 imperium,
2213 1715 2319 1775 Pa-

313 1803 441 1863 rilia
493 1810 829 1878 vocaretur,
899 1801 1056 1861 velut
1117 1810 1509 1878 argumentum
1556 1819 1755 1861 rursus
1816 1800 2083 1861 conditae
2138 1799 2318 1860 urbis.

232 1893 295 1948 17
441 1883 789 1946 Consulatus
818 1893 1087 1964 quattuor
1113 1885 1332 1962 gessit,
1373 1886 1614 1964 primum
1642 1904 1718 1946 ex
1745 1884 1838 1944 Kl.
1883 1884 1989 1945 Iul.
2037 1902 2144 1964 per
2172 1883 2320 1944 duos

311 1990 576 2048 menses,
623 1968 938 2031 secundum
977 1988 1053 2029 ex
1095 1968 1188 2030 Kl.
1218 1967 1341 2029 Ian.
1392 1988 1500 2049 per
1546 1989 1686 2031 xxx.
1726 1968 1884 2048 dies,
1947 1970 2174 2030 tertium
2224 1989 2316 2030 us·
2341 1991 2397 2032 ρο

314 2073 425 2136 que
456 2057 514 2114 in
548 2052 685 2114 Idus
713 2053 854 2131 1an.,
889 2062 1147 2131 quartum
1178 2072 1361 2134 usque
1401 2056 1704 2134 septimum
1738 2053 1873 2115 Idus
1902 2054 2157 2115 easdem.
2227 2053 2323 2114 Ex

314 2138 589 2199 omnibus·
627 2137 771 2197 duos
824 2138 1176 2199 novissimos
1213 2139 1527 2198 coniunxit.
1592 2138 1848 2200 Tertium
1888 2147 2076 2200 autem
2123 2138 2318 2216 Lugu-

314 2222 445 2283 duni
489 2222 608 2280 iniit
643 2220 841 2298 solus,
886 2239 1001 2281 non
1045 2230 1104 2281 ut
1138 2220 1367 2302 quidam
1421 2223 1730 2301 opinantur
1786 2222 2060 2303 superbia
2113 2221 2321 2299 negle-

312 2307 616 2385 gentiave,
661 2304 765 2365 sed
811 2304 965 2384 quod
1002 2305 1330 2366 defunctum
1373 2305 1479 2366 sub
1510 2305 1897 2368 Kalendarum
1940 2307 2090 2368 diem
2135 2305 2320 2365 colle-

312 2407 444 2467 gam
486 2390 740 2449 rescisse
783 2388 995 2449 absens
1036 2406 1152 2450 non
1196 2399 1481 2469 potuerat.
1555 2389 1927 2469 Congiarium
1972 2389 2193 2470 populo
2226 2389 2319 2450 bis
2339 2410 2397 2450 25

313 2472 469 2533 dedit
503 2482 776 2534 trecenos
836 2476 1174 2553 sestertios,
1240 2476 1453 2534 totiens
1494 2474 2035 2535 abundantissimum
2085 2473 2322 2553 epulum

313 2559 534 2617 senatui
575 2558 946 2636 equestrique
991 2558 1197 2635 ordini,
1232 2559 1403 2620 etiam
1448 2558 1790 2637 coniugibus
1822 2578 1892 2621 ac
1926 2559 2126 2619 liberis
2160 2566 2319 2618 utro-

310 2659 578 2720 rumque;
624 2643 955 2720 posteriore
986 2642 1164 2722 epilo
1204 2643 1464 2702 forensia
1501 2643 1739 2721 insuper
1774 2644 1945 2721 viris,
1990 2638 2322 2703 feminis‘ac

313 2727 509 2805 pueris
545 2727 759 2786 fascias
804 2744 1094 2806 purpurae
1138 2745 1206 2788 ac
1253 2726 1544 2802 conchylii
1573 2726 1875 2788 distribuit.
1939 2726 2015 2787 Et
2061 2734 2124 2786 ut
2154 2725 2318 2786 laeti-

311 2811 445 2870 tiam
485 2809 774 2889 publicam
816 2812 873 2869 in
916 2820 1254 2890 perpetuum
1295 2827 1530 2891 quoque
1575 2820 1847 2889 augeret,
1907 2811 2117 2872 adiecit
2169 2808 2318 2870 diem
2337 2826 2393 2869 so

313 2893 709 2955 Saturnalibus
748 2894 1184 2973 appellavitque
1225 2894 1577 2956 Iuvenalem.

231 2987 296 3041 18
428 2977 668 3039 Munera
704 2977 1071 3056 gladiatoria,
1101 2981 1308 3059 partim
1340 2979 1397 3038 in
1439 2978 1854 3058 amphitheatro
1901 2978 2072 3040 Tauri
2112 2978 2317 3056 partim

311 3063 367 3120 in
401 3060 632 3142 septis,
696 3062 915 3142 aliquot
963 3061 1171 3142 edidit,
1214 3063 1418 3143 quibus
1451 3064 1690 3123 inseruit
1733 3072 2000 3124 catervas
2040 3061 2317 3123 Afrorum

314 3143 848 3226 Campanorumque
897 3147 1153 3227 pugilum
1203 3165 1282 3207 ex
1334 3156 1577 3226 utraque
1634 3149 1877 3226 regione
1930 3146 2316 3208 electissimo·

311 3243 453 3285 rum.
522 3227 728 3309 Neque
769 3231 1124 3309 spectaculis
1164 3250 1397 3310 semper
1437 3233 1566 3311 ipse
1614 3231 1940 3310 praesedit,
1998 3230 2102 3292 sed
2142 3231 2391 3290 inter-³³

312 3308 441 3369 dum
474 3319 568 3369 aut
604 3315 1031 3390 magistratibus
1064 3324 1160 3375 aut
1191 3315 1387 3376 amicis
1429 3315 1796 3394 praesidendi
1825 3332 2026 3376 munus
2055 3314 2316 3374 iniunxit.

311 3394 631 3454 Scaenicos
670 3395 838 3456 ludos
885 3408 944 3458 et
987 3398 1217 3460 assidue
1271 3407 1330 3458 et
1377 3401 1519 3459 varii
1561 3401 1798 3477 generis
1839 3417 1911 3461 ac
1953 3398 2317 3459 multifariam

311 3476 480 3555 iecit,
526 3476 811 3558 quondam
854 3490 915 3542 et
951 3492 1299 3563 nocturnos,
1342 3484 1607 3544 accensis
1647 3492 1767 3546 tota
1803 3483 1948 3545 urbe
1987 3481 2312 3544 luminibus.
