2553 3960
395 244 518 304 204
572 255 628 302 c.
667 254 966 303 sumom
1003 255 1259 315 TRANQ.
1287 255 1382 302 DE
1419 256 1584 302 VITA
1620 254 1988 303 cassanum
2023 255 2311 304 mB.v11.

399 429 431 471 e
459 408 635 488 plebe
657 410 888 488 quidem
912 411 1251 490 provinciae
1286 410 1558 488 legiones
1581 418 1639 470 et
1670 409 1881 470 auxilia
1918 412 2270 490 conseripsit
2306 430 2397 472 su-

398 513 506 575 per
548 496 866 557 exercitum
912 503 1167 555 veterem
1201 494 1453 572 legionis
1501 494 1665 553 unius
1701 494 2054 574 duarumque
2089 495 2304 556 alarum
2340 504 2400 556 et

400 577 722 638 cohortium
751 580 948 648 trium;
974 587 1090 639 ate
1113 577 1462 658 primoribus
1492 577 1792 657 prudentia
1828 586 2001 657 atque
2024 587 2214 639 aetate
2230 597 2395 659 prae-

400 661 681 723 stantibus
706 663 865 723 velut
887 663 1068 723 instar
1091 670 1357 738 senatus,
1393 661 1465 723 ad
1492 679 1650 740 quos
1685 662 1756 722 de
1786 663 2006 722 maiore
2038 682 2104 723 re
2129 665 2398 741 quotiens

402 764 553 825 opus
577 755 735 811 esset
756 747 1108 824 referretur,
1148 746 1406 806 instituit.
1480 745 1720 824 Delegit
1755 754 1815 805 et
1849 747 2143 825 equestris
2180 747 2441 808 ordiniss

399 832 661 908 invenes,
688 833 783 909 qui
809 839 1075 893 manente
1100 830 1401 891 anulorum
1422 847 1728 891 aureorum
1752 848 1857 889 usu
1882 832 2113 892 evocati
2136 831 2395 911 appella·

398 923 598 976 rentur
620 914 1189 994 excubiasquecirca
1208 913 1535 974 cubiculum
1550 932 1711 975 suum
1730 915 1861 975 vice
1876 916 2115 976 militum
2133 923 2376 992 agerent

399 998 586 1060 Etiam
612 1017 720 1078 per
742 1001 1077 1079 provincias
1102 999 1295 1061 edicta
1317 992 1549 1075 dimisit,
1582 1007 1788 1059 auctor
1817 1000 2062 1077 singulis
2084 999 2372 1059 universis

402 1100 515 1161 que
541 1082 908 1162 conspirandi
932 1082 1117 1159 simul,
1140 1091 1199 1142 et
1221 1091 1283 1167 ut
1307 1099 1419 1161 qua
1443 1091 1648 1161 posset
1669 1085 1922 1162 quisque
1948 1101 2129 1163 opera
2147 1100 2396 1143 commu-

402 1184 535 1226 nem
564 1183 796 1229 causam
821 1167 1101 1228 iuvarent.
2421 1172 2467 1212 ιο

520 1249 634 1310 Per
670 1250 821 1311 idem
856 1251 985 1310 fere
1019 1259 1245 1329 tempus
1281 1251 1337 1310 in
1375 1250 1687 1311 munitione
1728 1249 1967 1329 oppidi,
2004 1249 2163 1329 quod
2198 1249 2405 1309 sedem>

402 1333 561 1394 bello
593 1333 917 1412 delegerat,
943 1331 1214 1412 repertus
1239 1342 1331 1394 est
1356 1334 1559 1395 anulus
1582 1352 1767 1414 opere
1790 1335 2026 1412 antiquo
2043 1380 2061 1411 ,
2102 1333 2400 1412 scalptura

402 1435 664 1496 gemmae
705 1419 1023 1479 Victoriam
1072 1435 1201 1478 cum
1259 1427 1503 1498 tropaeo
1563 1420 1961 1497 exprimente;
2020 1437 2090 1479 ac
2156 1416 2401 1478 subinde

404 1501 798 1563 Alexandrina
822 1503 986 1562 navis
1006 1501 1314 1563 Dertosam
1339 1501 1561 1583 appulit
1584 1503 1755 1563 armis
1781 1510 2005 1578 onusta,
2030 1503 2155 1563 sine
2183 1501 2399 1580 guber-

402 1596 607 1647 natore
625 1632 642 1662 ,
676 1587 800 1647 sine
824 1595 994 1647 nauta
1021 1604 1093 1648 ac
1116 1595 1361 1646 vectore
1381 1586 1521 1662 ullo,
1542 1595 1603 1645 ut
1625 1587 1835 1645 nemini
1859 1586 2086 1646 dubium
2109 1595 2292 1663 esset,
2318 1587 2398 1645 iu·
2418 1598 2469 1644 15

404 1679 551 1731 stum
576 1672 846 1749 piumque
877 1680 935 1730 et
957 1670 1286 1731 faventibus
1301 1671 1410 1730 diis
1422 1670 1636 1731 bellum
1651 1672 1869 1749 suscipi
1883 1694 1896 1741 ;
1917 1689 2043 1730 cum
2066 1679 2311 1750 repente
2325 1688 2400 1730 ex

405 1755 704 1833 inopinato
722 1772 912 1833 prope
926 1763 1133 1815 cuncta
1147 1754 1373 1815 turbata
1398 1763 1550 1814 sunt.
1592 1754 1829 1815 Alarum
1858 1755 2037 1815 altera
2069 1756 2276 1815 castris
2300 1772 2399 1833 ap·

409 1839 891 1917 propinquantem
917 1840 1268 1918 paenitentia
1295 1840 1491 1899 mutati
1517 1840 1860 1899 sacramenti
1883 1838 2197 1899 destituere
2226 1854 2399 1898 cona·

405 1930 462 1983 ta
478 1930 567 1983 est
581 1940 875 2002 aegreque
888 1931 1112 1985 retenta
1126 1923 1181 1983 in
1198 1923 1415 2002 officio,
1432 1931 1489 1984 et
1502 1923 1680 2001 servi,
1695 1940 1843 2003 qnos
1864 1941 1898 1984 a
1922 1922 2132 1985 liberto
2147 1921 2402 1984 Neronis

405 2007 476 2068 ad
507 2007 762 2067 fraudem
798 2016 1181 2086 praeparatos
1204 2009 1426 2068 muneri
1451 2017 1785 2086 acceperat,
1812 2026 1920 2087 per
1945 2010 2314 2088 angiportum
2344 2007 2401 2065 in
2419 2015 2470 2055 ²0

406 2090 645 2150 balneas
680 2099 1068 2152 transeuntem
1104 2108 1293 2169 paene
1325 2092 1764 2160 interemerunt;
1814 2094 1923 2151 uisi
1966 2090 2403 2152 cohortantibus

406 2176 461 2233 in
506 2174 690 2234 vicem
726 2192 800 2234 ne
836 2176 1209 2235 occasionem
1255 2176 1616 2252 omitterent,
1656 2176 2148 2254 interrogatisque
2183 2175 2254 2235 de
2290 2191 2403 2253 qua

407 2258 727 2320 occasione
766 2258 1173 2336 loquerentur,
1231 2277 1514 2340 expressa
1578 2259 1833 2320 cruciatu
1885 2260 2184 2320 confessio
2221 2266 2402 2317 esset.

326 2348 382 2399 ll
407 2341 684 2401 Accessit
707 2342 779 2401 ad
802 2351 956 2403 tanta
980 2343 1309 2403 discrimina
1336 2361 1493 2404 mors
1523 2342 1783 2403 Vindicis
1799 2388 1817 2420 ,
1850 2361 1963 2422 qua
1992 2345 2238 2405 maxime
2264 2359 2402 2401 con·

407 2433 696 2486 sternatus
719 2425 1110 2506 destitutoque
1141 2428 1345 2488 similis
1380 2444 1494 2488 non
1524 2427 1756 2488 multum
1783 2428 1924 2488 afuit
1953 2430 2087 2506 quin
2124 2430 2277 2487 vitae
2307 2443 2401 2485 re·
2421 2449 2470 2489 2⁸

406 2509 710 2570 nuntiaret.
772 2510 890 2569 Sed
916 2510 1463 2590 supervenientibus
1500 2511 1573 2572 ab
1612 2510 1758 2570 urbe
1791 2512 2000 2571 nuntiis
2037 2521 2098 2572 ut
2145 2511 2405 2571 occisum

404 2593 698 2656 Neronem
723 2603 1082 2674 cunctosque
1107 2596 1164 2655 in
1188 2595 1367 2655 verba
1391 2614 1493 2656 sua
1526 2597 1750 2655 iurasse
1785 2598 2096 2673 cognovit,
2136 2594 2403 2673 deposita

405 2678 585 2755 legati
615 2680 875 2758 suscepit
905 2677 1178 2739 Caesaris
1215 2679 1701 2760 appellationem,
1727 2680 1951 2758 iterque
1986 2681 2289 2758 ingressus
2314 2685 2404 2737 est

407 2760 714 2841 paludatus
749 2779 818 2822 ac
852 2762 1218 2843 dependente
1253 2781 1288 2823 a
1325 2762 1655 2824 cervicibus
1700 2764 1960 2843 pugione
1994 2772 2126 2824 ante
2161 2770 2400 2842 pectus;

407 2863 517 2905 nec
542 2846 704 2925 prius
729 2863 891 2908 usum
913 2856 1090 2923 togae
1106 2847 1460 2925 reciperavit
1480 2865 1649 2926 quam
1665 2848 1972 2926 oppressis
1987 2850 2082 2926 qui
2097 2864 2282 2908 novas
2305 2862 2404 2905 res
2419 2859 2467 2900 so

406 2929 813 3007 moliebantur,
836 2931 1141 3010 praefecto
1168 2933 1427 3009 praetori
1448 2929 1798 3011 Nymphidio
1827 2932 2043 2992 Sabino
2070 2933 2312 3007 Romae,
2347 2930 2404 2988 in

408 3013 716 3073 Germania
740 3012 987 3074 Fonteio
1017 3013 1326 3094 Capitone,
1355 3015 1410 3074 in
1430 3015 1631 3075 Africa
1655 3013 1864 3075 Clodio
1888 3016 2088 3077 Macro
2113 3015 2349 3092 legatis.

334 3111 397 3163 12
540 3096 954 3157 Praecesserat
975 3097 1047 3158 de
1086 3113 1158 3158 eo
1198 3099 1349 3158 fama
1382 3099 1660 3159 saevitiae
1696 3099 1862 3160 simul
1899 3108 2071 3179 atque
2106 3099 2405 3173 avaritiae,
2524 3108 2553 3146 '¹

423 3179 577 3255 qnod
603 3181 869 3241 civitates
907 3181 1312 3260 Hispaniarum
1347 3182 1807 3261 Galliarumque,
1860 3201 2008 3262 quae
2045 3182 2407 3243 cunctantius

413 3259 523 3319 sibi
549 3274 946 3342 accesserant,
969 3265 1339 3343 gravioribus
1362 3266 1607 3344 tributis,
1631 3266 1904 3345 quasdam
1929 3268 2097 3327 etiam
2113 3283 2405 3338 murorum
2423 3290 2473 3331 ³⁵

408 3342 804 3406 destructione
823 3351 1080 3426 punisset
1093 3359 1152 3410 et
1166 3352 1542 3430 praepositos
1557 3360 2091 3430 procuratoresque
2108 3350 2400 3428 supplicio

409 3426 615 3503 capitis
640 3426 956 3492 adfecisset
986 3451 1113 3495 cum
1139 3435 1484 3511 coniugibus
1508 3453 1578 3495 ac
1603 3433 1831 3504 liberis;
1861 3434 2133 3514 quodque
2149 3434 2406 3494 oblatam

409 3526 441 3566 a
478 3506 1009 3575 Tarraconensibus
1056 3535 1089 3576 e
1136 3528 1340 3578 vetere
1384 3518 1604 3598 templo
1647 3517 1808 3579 Iovis
1854 3536 2128 3579 coronam
2171 3535 2408 3578 auream

2510 728 2543 754 Δ
