2553 3960
389 165 510 226 206
555 177 594 225 c
649 178 947 227 sumom
982 179 1237 238 TRANQ.
1269 179 1364 225 DE
1397 180 1564 227 vrrA
1597 179 1962 227 CAESARUM
1994 179 2130 226 Lm.
2162 181 2282 230 vn.

387 317 861 396 praefinitumque
889 326 1134 397 tempus,
1181 316 1472 379 Iudicibus
1498 327 1719 378 sextam
1738 318 2030 378 decuriam
2067 319 2216 379 adici
2240 338 2374 399 pre·

388 400 647 461 cantibus
669 418 784 459 non
807 401 979 461 modo
997 403 1251 479 negavit,
1278 401 1380 461 sed
1400 411 1460 461 et
1484 420 1825 462 concessum
1849 421 1882 463 a
1897 400 2136 464 Claudio
2156 403 2375 465 benefi-

388 487 551 563 cium,
577 503 650 544 ue
673 483 859 544 hieme
884 487 1156 564 initioque
1185 487 1316 545 anni
1342 485 1413 545 ad
1434 485 1792 545 iudicandum
1814 497 2235 565 evocarentur,
2261 489 2374 548 eri·

305 579 365 630 15
386 571 526 648 puit.
588 568 1035 629 Existimabatur
1059 571 1225 628 etiam
1249 571 1539 631 senatoria
1564 579 1622 628 et
1639 572 1927 648 equestria
1953 571 2149 632 officia
2179 571 2378 632 bienni

384 654 574 731 spatio
601 652 1095 730 determinaturus,
1117 671 1228 713 nec
1252 653 1484 713 daturus
1509 653 1619 712 nisi
1644 654 1832 712 invitis
1857 672 1926 714 ac
1951 655 2372 715 recusantibus.
2401 671 2430 711 s

383 736 784 797 Liberalitates
798 736 1071 814 Neronis,
1089 755 1203 801 non
1220 737 1352 817 plus
1370 737 1606 798 decimis
1627 739 1947 814 concessiS,
1970 757 2077 818 per
2096 741 2373 818 quinqua·

384 823 542 898 ginta
576 823 803 899 equites
828 822 899 882 R.
932 839 1002 882 ea
1028 821 1373 881 condicione
1397 821 1761 882 revocandas
1789 825 2008 882 curavit
2029 823 2373 900 exigendas-

386 923 518 984 que,
534 915 594 964 ut
621 915 678 964 et
694 907 741 964 si
758 905 893 984 quid
909 907 1160 966 scaenici
1178 914 1271 966 aut
1284 908 1496 982 xystici
1521 905 1789 966 donatum
1806 905 1941 966 olim
1955 906 2373 984 vendidissent,

385 990 707 1051 auferretur
751 989 1137 1069 emptoribus,
1184 989 1413 1068 quando
1449 990 1533 1049 illi
1567 990 1756 1068 pretio
1795 989 2099 1070 absumpto
2137 991 2374 1050 solvere
2474 1005 2484 1011 ·

384 1092 455 1133 ne
502 1074 704 1132 uirent.
2399 1088 2447 1129 io

461 1092 585 1215 th
610 1168 809 1218 contra
835 1156 971 1217 nihil
989 1175 1102 1217 non
1119 1175 1226 1237 per
1240 1157 1482 1217 comites
1503 1166 1678 1235 atque
1692 1157 1937 1217 libertos
1955 1159 2144 1236 pretio
2161 1157 2374 1235 addici,

384 1250 480 1301 aut
510 1241 710 1300 donari
746 1243 934 1317 gratia
969 1259 1176 1320 passus
1202 1249 1321 1317 est,
1357 1240 1668 1319 vectigalia
1703 1243 2117 1319 immunitates,
2151 1260 2375 1321 poenas

383 1327 772 1384 innocentium
798 1326 1161 1404 impunitates
1180 1327 1502 1385 noxiorum.
1544 1327 1694 1400 Quin
1714 1327 1906 1401 etiam,
1941 1326 2165 1406 populo
2190 1326 2258 1385 R.
2274 1325 2372 1386 de-

385 1417 668 1488 poscente
690 1409 1038 1488 supplicium
1060 1408 1255 1470 Haloti
1283 1417 1340 1468 et
1365 1408 1647 1487 Tigillini,
1670 1409 1836 1470 solos
1860 1427 1934 1469 ex
1971 1409 2234 1471 omnibus
2258 1409 2371 1470 Ne-

381 1495 544 1553 ronis
569 1494 885 1554 emissariis
906 1493 1002 1553 vel
1024 1493 1588 1553 maleficentissimos
1609 1493 1932 1553 incolumes
1971 1496 2258 1573 praestitit
2289 1503 2369 1554 at·
2394 1512 2445 1553 1⁵

384 1596 495 1657 que
519 1579 756 1656 insuper
779 1576 1045 1638 Halotum
1068 1579 1480 1657 procuratione
1503 1575 1855 1656 amplissima
1880 1580 2127 1655 ornavit,
2155 1596 2262 1657 pro
2279 1577 2370 1638 Ti-

383 1662 589 1740 gillino
616 1664 786 1721 etiam
810 1664 1091 1722 saevitiae
1120 1661 1399 1741 populum
1424 1661 1617 1721 edicto
1642 1663 1945 1740 increpuit.

307 1755 368 1808 16
506 1746 617 1806 Per
638 1743 785 1806 haec
810 1764 996 1826 prope
1021 1748 1306 1806 universis
1344 1744 1640 1806 ordinibus
1677 1746 1961 1823 offensus,
2003 1745 2101 1804 vel
2148 1746 2372 1824 praeci·

384 1847 496 1907 pua
518 1828 801 1907 flagrabat
824 1830 1035 1905 invidia
1059 1830 1209 1908 apud
1232 1828 1465 1890 milites.
1511 1828 1655 1890 Nam
1683 1838 1808 1889 cu'm
1831 1832 1887 1888 in
1909 1829 2089 1889 verba
2126 1831 2249 1889 eius
2276 1827 2372 1888 ab·

384 1915 566 1972 sentis
590 1913 906 1974 iurantibus
940 1914 1269 1975 donativum
1293 1914 1567 1992 grandius
1588 1914 1763 1973 solito
1780 1915 2102 1994 praepositi
2120 1930 2369 1993 pronun·
2391 1935 2444 1976 20
2508 1917 2550 1942 ⁴

385 2002 647 2074 tiassent,
672 2016 862 2076 neque
886 2008 1064 2060 ratam
1087 2019 1208 2060 rem
1231 1998 1430 2059 habuit
1454 2007 1512 2058 et
1533 1998 1775 2058 subinde
1799 2000 2055 2075 iactavit,
2081 1998 2286 2078 leyere
2305 2015 2374 2057 se

382 2081 663 2158 militem,
716 2100 841 2143 non
871 2101 1070 2143 emere
1103 2101 1434 2145 consuesse
1447 2107 1478 2153 ,·
1529 2091 1700 2161 atque
1736 2101 1807 2143 eo
1864 2082 2095 2161 quidem
2143 2083 2374 2141 nomine

386 2166 600 2243 omniS,
637 2168 731 2245 qui
756 2165 968 2245 ubique
993 2176 1187 2244 erant,
1213 2166 1606 2228 exacerbavit.
1673 2165 1941 2227 Ceterum
1972 2169 2374 2246 praetorianos

385 2251 556 2308 etiam
579 2258 731 2308 metu
757 2259 815 2309 et
837 2249 1175 2328 indignitate
1201 2252 1531 2327 commovit,
1558 2268 1863 2311 removens
1886 2250 2126 2311 subinde
2147 2249 2371 2328 pleros-

384 2351 519 2412 que,
544 2341 603 2392 ut
627 2343 939 2412 suspectos
964 2345 1022 2395 et
1040 2333 1351 2413 Nymphidi
1377 2336 1596 2395 socios.
1659 2334 1777 2394 Sed
1810 2336 2055 2395 maxime
2090 2331 2440 2393 fremebatzs

384 2419 707 2494 superioris
733 2417 1071 2479 Germaniae
1102 2421 1420 2496 exercitus,
1448 2418 1700 2479 fraudari
1736 2437 1801 2478 se
1840 2420 2094 2498 praemis
2128 2425 2372 2477 navatae

384 2502 664 2562 adversus
694 2501 896 2563 Gallos
918 2512 976 2563 et
999 2504 1302 2564 Vindicem
1329 2520 1568 2581 operae.
1624 2501 1787 2580 Ergo
1825 2505 1990 2581 primi
2031 2501 2372 2580 obsequium

380 2604 649 2664 rumpere
677 2588 822 2663 ausi,
848 2586 941 2647 Kl.
965 2586 1083 2647 Ian.
1112 2588 1268 2666 adigi
1296 2595 1661 2649 sacramento
1686 2588 1798 2647 nisi
1822 2588 1879 2647 in
1903 2604 2115 2646 nomen
2139 2593 2371 2645 senatus

379 2678 719 2730 recusarunt
740 2673 1042 2750 statimque
1067 2672 1418 2749 legationem
1455 2671 1526 2731 ad
1565 2673 1962 2750 praetorianos
1988 2689 2113 2729 cum
2147 2668 2370 2729 manda·

382 2756 456 2814 tis
492 2753 948 2831 destinaverunt,
987 2754 1319 2834 displicere
1353 2756 1790 2834 imperatorem
1829 2754 1895 2815 in
1921 2752 2235 2833 Hispania
2265 2752 2364 2831 fa·
2387 2768 2435 2809 ao

383 2845 582 2907 ctam,·
615 2837 906 2917 eliqerent
930 2839 1057 2917 ipsi
1082 2857 1258 2919 quem
1289 2839 1493 2901 cuncti
1531 2839 1841 2899 exercitus
1878 2834 2366 2916 comprobarent.

303 2924 362 2978 17
385 2922 554 2996 Quod
592 2932 653 2983 ut
702 2923 1011 2982 nuntiatum
1060 2932 1183 3000 est,
1225 2925 1529 3002 despectui
1578 2940 1714 2983 esse
1749 2939 1866 2982 non
1914 2931 2029 2983 tam
2077 2929 2370 2981 senectam

382 3024 538 3065 suam
574 3024 739 3086 quam
765 3005 1069 3067 orbitatem
1106 3016 1294 3085 ratus,
1343 3008 1611 3068 Pisonem
1645 3005 1822 3084 Frugi
1857 3005 2240 3081 Licinianum,
2269 3020 2369 3062 no-

383 3087 555 3148 bilem
582 3092 1003 3169 egregiumque
1028 3094 1294 3152 iuvenem
1315 3110 1383 3151 ac
1408 3091 1518 3151 sibi
1544 3090 1682 3150 olim
1706 3088 2173 3169 probatissimum
2197 3095 2367 3148 testa·
2492 3121 2526 3161 q

382 3180 690 3251 mentoque
715 3192 945 3253 semper
969 3176 1025 3234 in
1046 3175 1197 3236 bona
1223 3185 1280 3236 et
1314 3193 1524 3235 nomen
1559 3174 1874 3252 adscitum,
1912 3181 2159 3253 repente
2183 3191 2217 3233 e
2253 3189 2364 3229 me·
2384 3180 2431 3222 3⁸

385 3251 477 3312 dia
526 3254 884 3318 salutantium
927 3258 1093 3319 turba
1138 3258 1517 3339 adprehendit
1551 3258 1841 3337 liliumque
1884 3256 2191 3337 appellans
2235 3273 2361 3333 pe1=

386 3333 545 3395 duxit
593 3339 652 3395 in
692 3351 878 3401 castra
915 3361 984 3403 ac
1020 3361 1140 3422 pro*
1169 3345 1445 3404 contione
1482 3342 1805 3421 adoptavit,
1858 3360 1932 3401 ne
1968 3350 2103 3401 tunc
2138 3338 2362 3418 quidem

385 3417 639 3478 donativi
676 3420 789 3481 ulla
823 3428 1114 3487 mentione
1144 3429 1316 3488 facta.
1386 3428 1514 3502 Quo
1541 3425 1861 3486 faciliorem
1898 3422 2348 3486 occasionemM
