<?xml version="1.0" encoding="UTF-8"?>
<!DOCTYPE html PUBLIC "-//W3C//DTD XHTML 1.0 Transitional//EN"
    "http://www.w3.org/TR/xhtml1/DTD/xhtml1-transitional.dtd">
<html xmlns="http://www.w3.org/1999/xhtml" xml:lang="en" lang="en">
 <head>
  <title>
</title>
<meta http-equiv="Content-Type" content="text/html;charset=utf-8" />
  <meta name='ocr-system' content='tesseract 3.04.00' />
  <meta name='ocr-capabilities' content='ocr_page ocr_carea ocr_par ocr_line ocrx_word'/>
</head>
<body>
  <div class='ocr_page' id='page_1' title='image "./csuetonitranqui06rothgoog_0146.png"; bbox 0 0 2553 3960; ppageno 0'>
   <div class='ocr_carea' id='block_1_1' title="bbox 275 240 2117 309">
    <p class='ocr_par' dir='ltr' id='par_1_1' title="bbox 275 240 2117 309">
     <span class='ocr_line' id='line_1_1' title="bbox 275 240 2117 309; baseline -0.004 -6"><span class='ocrx_word' id='word_1_1' title='bbox 275 240 357 303; x_wconf 87' lang='grc'><strong>36</strong></span> <span class='ocrx_word' id='word_1_2' title='bbox 445 252 502 300; x_wconf 88' lang='lat' dir='ltr'><strong>o.</strong></span> <span class='ocrx_word' id='word_1_3' title='bbox 540 249 841 299; x_wconf 71' lang='lat' dir='ltr'><strong>sus-&#39;rom</strong></span> <span class='ocrx_word' id='word_1_4' title='bbox 878 250 1136 309; x_wconf 75' lang='lat' dir='ltr'><strong>TRANQ.</strong></span> <span class='ocrx_word' id='word_1_5' title='bbox 1162 250 1259 296; x_wconf 75' lang='lat' dir='ltr'><strong>nn</strong></span> <span class='ocrx_word' id='word_1_6' title='bbox 1296 250 1461 296; x_wconf 76' lang='lat' dir='ltr'><strong>vrrA</strong></span> <span class='ocrx_word' id='word_1_7' title='bbox 1497 249 1868 297; x_wconf 59' lang='lat' dir='ltr'><strong>cussinum</strong></span> <span class='ocrx_word' id='word_1_8' title='bbox 1901 250 2117 297; x_wconf 79' lang='lat' dir='ltr'><strong>LIB.1.</strong></span> 
     </span>
    </p>
   </div>
   <div class='ocr_carea' id='block_1_2' title="bbox 189 404 2371 3612">
    <p class='ocr_par' dir='ltr' id='par_1_2' title="bbox 273 404 2291 655">
     <span class='ocr_line' id='line_1_2' title="bbox 399 404 2290 485; baseline -0.001 -18"><span class='ocrx_word' id='word_1_9' title='bbox 399 407 466 467; x_wconf 88' lang='lat' dir='ltr'><strong>In</strong></span> <span class='ocrx_word' id='word_1_10' title='bbox 517 424 736 466; x_wconf 88' lang='lat' dir='ltr'><strong>summo</strong></span> <span class='ocrx_word' id='word_1_11' title='bbox 784 405 1022 485; x_wconf 86' lang='lat' dir='ltr'><strong>publico</strong></span> <span class='ocrx_word' id='word_1_12' title='bbox 1080 406 1239 465; x_wconf 88' lang='lat' dir='ltr'><strong>luctu</strong></span> <span class='ocrx_word' id='word_1_13' title='bbox 1297 414 1625 464; x_wconf 86' lang='lat' dir='ltr'><strong>exterarum</strong></span> <span class='ocrx_word' id='word_1_14' title='bbox 1675 406 1933 483; x_wconf 87' lang='lat' dir='ltr'><strong>gentium</strong></span> <span class='ocrx_word' id='word_1_15' title='bbox 1985 404 2290 465; x_wconf 90' lang='lat' dir='ltr'><strong>multitudo</strong></span> 
     </span>
     <span class='ocr_line' id='line_1_3' title="bbox 277 490 2291 569; baseline -0.001 -17"><span class='ocrx_word' id='word_1_16' title='bbox 277 491 596 552; x_wconf 77' lang='lat' dir='ltr'>circulatim</span> <span class='ocrx_word' id='word_1_17' title='bbox 640 509 746 551; x_wconf 90' lang='lat' dir='ltr'><strong>suo</strong></span> <span class='ocrx_word' id='word_1_18' title='bbox 783 508 1048 569; x_wconf 89' lang='lat' dir='ltr'><strong>quaeque</strong></span> <span class='ocrx_word' id='word_1_19' title='bbox 1102 507 1268 550; x_wconf 91' lang='lat' dir='ltr'><strong>more</strong></span> <span class='ocrx_word' id='word_1_20' title='bbox 1316 490 1625 550; x_wconf 79' lang='lat' dir='ltr'><strong>lamentata</strong></span> <span class='ocrx_word' id='word_1_21' title='bbox 1669 497 1787 565; x_wconf 88' lang='lat' dir='ltr'><strong>est,</strong></span> <span class='ocrx_word' id='word_1_22' title='bbox 1848 491 2291 569; x_wconf 87' lang='lat' dir='ltr'><strong>praecipueque</strong></span> 
     </span>
     <span class='ocr_line' id='line_1_4' title="bbox 273 573 2291 655; baseline -0.002 -18"><span class='ocrx_word' id='word_1_23' title='bbox 273 575 505 653; x_wconf 90' lang='lat' dir='ltr'><strong>Iudaei,</strong></span> <span class='ocrx_word' id='word_1_24' title='bbox 547 577 644 655; x_wconf 93' lang='lat' dir='ltr'><strong>qui</strong></span> <span class='ocrx_word' id='word_1_25' title='bbox 690 577 861 636; x_wconf 88' lang='lat' dir='ltr'><strong>etiam</strong></span> <span class='ocrx_word' id='word_1_26' title='bbox 904 573 1176 655; x_wconf 87' lang='lat' dir='ltr'><strong>noctibus</strong></span> <span class='ocrx_word' id='word_1_27' title='bbox 1224 575 1512 634; x_wconf 89' lang='lat' dir='ltr'><strong>continuis</strong></span> <span class='ocrx_word' id='word_1_28' title='bbox 1554 573 1783 633; x_wconf 89' lang='lat' dir='ltr'><strong>bustum</strong></span> <span class='ocrx_word' id='word_1_29' title='bbox 1829 573 2291 652; x_wconf 76' lang='lat' dir='ltr'><strong>frequentarunt.</strong></span> 
     </span>
    </p>

    <p class='ocr_par' dir='ltr' id='par_1_3' title="bbox 191 657 2371 1416">
     <span class='ocr_line' id='line_1_5' title="bbox 191 657 2295 725; baseline -0.003 -2"><span class='ocrx_word' id='word_1_30' title='bbox 191 660 452 725; x_wconf 84' lang='lat' dir='ltr'><strong>85Plcbs</strong></span> <span class='ocrx_word' id='word_1_31' title='bbox 481 662 671 721; x_wconf 87' lang='lat' dir='ltr'><strong>statim</strong></span> <span class='ocrx_word' id='word_1_32' title='bbox 703 678 738 719; x_wconf 87' lang='lat' dir='ltr'><strong>a</strong></span> <span class='ocrx_word' id='word_1_33' title='bbox 768 661 974 719; x_wconf 79' lang='lat' dir='ltr'><strong>funere</strong></span> <span class='ocrx_word' id='word_1_34' title='bbox 1004 658 1075 719; x_wconf 92' lang='lat' dir='ltr'><strong>ad</strong></span> <span class='ocrx_word' id='word_1_35' title='bbox 1112 659 1342 718; x_wconf 91' lang='lat' dir='ltr'><strong>domum</strong></span> <span class='ocrx_word' id='word_1_36' title='bbox 1385 658 1543 717; x_wconf 85' lang='lat' dir='ltr'><strong>Bruti</strong></span> <span class='ocrx_word' id='word_1_37' title='bbox 1573 666 1632 717; x_wconf 95' lang='lat' dir='ltr'><strong>et</strong></span> <span class='ocrx_word' id='word_1_38' title='bbox 1666 657 1856 719; x_wconf 84' lang='lat' dir='ltr'><strong>Cassii</strong></span> <span class='ocrx_word' id='word_1_39' title='bbox 1895 676 2024 718; x_wconf 90' lang='lat' dir='ltr'><strong>cum</strong></span> <span class='ocrx_word' id='word_1_40' title='bbox 2060 658 2295 719; x_wconf 78' lang='lat' dir='ltr'><strong>facibus</strong></span> 
     </span>
     <span class='ocr_line' id='line_1_6' title="bbox 274 741 2341 825; baseline 0 -20"><span class='ocrx_word' id='word_1_41' title='bbox 274 745 517 806; x_wconf 89' lang='lat' dir='ltr'><strong>tetendit</strong></span> <span class='ocrx_word' id='word_1_42' title='bbox 545 754 719 825; x_wconf 86' lang='lat' dir='ltr'><strong>atque</strong></span> <span class='ocrx_word' id='word_1_43' title='bbox 764 762 944 821; x_wconf 82' lang='lat' dir='ltr'><strong>aegre</strong></span> <span class='ocrx_word' id='word_1_44' title='bbox 989 742 1257 822; x_wconf 86' lang='lat' dir='ltr'><strong>repulsa,</strong></span> <span class='ocrx_word' id='word_1_45' title='bbox 1306 743 1539 803; x_wconf 89' lang='lat' dir='ltr'><strong>obvium</strong></span> <span class='ocrx_word' id='word_1_46' title='bbox 1583 743 1696 802; x_wconf 91' lang='lat' dir='ltr'><strong>sibi</strong></span> <span class='ocrx_word' id='word_1_47' title='bbox 1739 741 2008 804; x_wconf 85' lang='lat' dir='ltr'><strong>Helvium</strong></span> <span class='ocrx_word' id='word_1_48' title='bbox 2051 742 2341 806; x_wconf 77' lang='lat' dir='ltr'><strong>Cinnams</strong></span> 
     </span>
     <span class='ocr_line' id='line_1_7' title="bbox 276 825 2292 909; baseline -0.001 -19"><span class='ocrx_word' id='word_1_49' title='bbox 276 848 384 909; x_wconf 89' lang='lat' dir='ltr'><strong>per</strong></span> <span class='ocrx_word' id='word_1_50' title='bbox 434 847 698 890; x_wconf 86' lang='lat' dir='ltr'><strong>errorem</strong></span> <span class='ocrx_word' id='word_1_51' title='bbox 737 828 1004 905; x_wconf 90' lang='lat' dir='ltr'><strong>nominis,</strong></span> <span class='ocrx_word' id='word_1_52' title='bbox 1062 829 1227 906; x_wconf 85' lang='lat' dir='ltr'><strong>quasi</strong></span> <span class='ocrx_word' id='word_1_53' title='bbox 1263 825 1577 887; x_wconf 85' lang='lat' dir='ltr'><strong>Cornelius</strong></span> <span class='ocrx_word' id='word_1_54' title='bbox 1618 829 1672 887; x_wconf 90' lang='lat' dir='ltr'><strong>is</strong></span> <span class='ocrx_word' id='word_1_55' title='bbox 1716 836 1894 905; x_wconf 89' lang='lat' dir='ltr'><strong>esset,</strong></span> <span class='ocrx_word' id='word_1_56' title='bbox 1942 845 2113 907; x_wconf 90' lang='lat' dir='ltr'><strong>quem</strong></span> <span class='ocrx_word' id='word_1_57' title='bbox 2157 846 2292 905; x_wconf 90' lang='lat' dir='ltr'><strong>gra-</strong></span> 
     </span>
     <span class='ocr_line' id='line_1_8' title="bbox 276 911 2294 994; baseline -0.001 -20"><span class='ocrx_word' id='word_1_58' title='bbox 276 916 425 975; x_wconf 83' lang='lat' dir='ltr'><strong>viter</strong></span> <span class='ocrx_word' id='word_1_59' title='bbox 456 914 642 994; x_wconf 85' lang='lat' dir='ltr'><strong>pridie</strong></span> <span class='ocrx_word' id='word_1_60' title='bbox 686 914 1079 974; x_wconf 86' lang='lat' dir='ltr'><strong>contionatum</strong></span> <span class='ocrx_word' id='word_1_61' title='bbox 1115 912 1189 974; x_wconf 87' lang='lat' dir='ltr'><strong>de</strong></span> <span class='ocrx_word' id='word_1_62' title='bbox 1227 911 1485 973; x_wconf 84' lang='lat' dir='ltr'><strong>Caesare</strong></span> <span class='ocrx_word' id='word_1_63' title='bbox 1532 911 1904 991; x_wconf 87' lang='lat' dir='ltr'><strong>requirebat,</strong></span> <span class='ocrx_word' id='word_1_64' title='bbox 1949 911 2168 972; x_wconf 85' lang='lat' dir='ltr'><strong>oceidit</strong></span> <span class='ocrx_word' id='word_1_65' title='bbox 2199 930 2294 972; x_wconf 89' lang='lat' dir='ltr'><strong>ca-</strong></span> 
     </span>
     <span class='ocr_line' id='line_1_9' title="bbox 276 996 2296 1078; baseline -0.002 -20"><span class='ocrx_word' id='word_1_66' title='bbox 276 1007 495 1078; x_wconf 92' lang='lat' dir='ltr'><strong>putque</strong></span> <span class='ocrx_word' id='word_1_67' title='bbox 541 999 667 1059; x_wconf 91' lang='lat' dir='ltr'><strong>eius</strong></span> <span class='ocrx_word' id='word_1_68' title='bbox 722 999 1042 1078; x_wconf 84' lang='lat' dir='ltr'><strong>praefixum</strong></span> <span class='ocrx_word' id='word_1_69' title='bbox 1086 996 1289 1058; x_wconf 90' lang='lat' dir='ltr'><strong>hastae</strong></span> <span class='ocrx_word' id='word_1_70' title='bbox 1342 996 1720 1066; x_wconf 87' lang='lat' dir='ltr'><strong>circumtulit;</strong></span> <span class='ocrx_word' id='word_1_71' title='bbox 1786 1005 1996 1075; x_wconf 86' lang='lat' dir='ltr'><strong>postea</strong></span> <span class='ocrx_word' id='word_1_72' title='bbox 2046 996 2296 1057; x_wconf 88' lang='lat' dir='ltr'><strong>solidam</strong></span> 
     </span>
     <span class='ocr_line' id='line_1_10' title="bbox 279 1080 2294 1161; baseline -0.001 -18"><span class='ocrx_word' id='word_1_73' title='bbox 279 1082 602 1143; x_wconf 89' lang='lat' dir='ltr'><strong>columnam</strong></span> <span class='ocrx_word' id='word_1_74' title='bbox 639 1100 828 1161; x_wconf 84' lang='lat' dir='ltr'><strong>prope</strong></span> <span class='ocrx_word' id='word_1_75' title='bbox 866 1083 1069 1159; x_wconf 85' lang='lat' dir='ltr'><strong>viginti</strong></span> <span class='ocrx_word' id='word_1_76' title='bbox 1111 1081 1323 1161; x_wconf 90' lang='lat' dir='ltr'><strong>pedum</strong></span> <span class='ocrx_word' id='word_1_77' title='bbox 1353 1080 1565 1161; x_wconf 88' lang='lat' dir='ltr'><strong>lapidis</strong></span> <span class='ocrx_word' id='word_1_78' title='bbox 1595 1080 1882 1141; x_wconf 81' lang='lat' dir='ltr'><strong>Numidici</strong></span> <span class='ocrx_word' id='word_1_79' title='bbox 1916 1084 1975 1140; x_wconf 92' lang='lat' dir='ltr'><strong>in</strong></span> <span class='ocrx_word' id='word_1_80' title='bbox 2008 1082 2145 1141; x_wconf 84' lang='lat' dir='ltr'><strong>foro</strong></span> <span class='ocrx_word' id='word_1_81' title='bbox 2178 1090 2294 1141; x_wconf 89' lang='lat' dir='ltr'><strong>sta-</strong></span> 
     </span>
     <span class='ocr_line' id='line_1_11' title="bbox 277 1165 2371 1246; baseline -0.001 -19"><span class='ocrx_word' id='word_1_82' title='bbox 277 1168 382 1227; x_wconf 90' lang='lat' dir='ltr'><strong>tuit</strong></span> <span class='ocrx_word' id='word_1_83' title='bbox 408 1167 787 1246; x_wconf 85' lang='lat' dir='ltr'><strong>scripsitque:</strong></span> <span class='ocrx_word' id='word_1_84' title='bbox 846 1165 1150 1226; x_wconf 86' lang='lat' dir='ltr'><strong>Parenti</strong></span> <span class='ocrx_word' id='word_1_85' title='bbox 1190 1167 1514 1227; x_wconf 86' lang='lat' dir='ltr'><strong>Patriae.</strong></span> <span class='ocrx_word' id='word_1_86' title='bbox 1574 1166 1748 1245; x_wconf 86' lang='lat' dir='ltr'><strong>Apud</strong></span> <span class='ocrx_word' id='word_1_87' title='bbox 1773 1183 1899 1225; x_wconf 86' lang='lat' dir='ltr'><strong>eam</strong></span> <span class='ocrx_word' id='word_1_88' title='bbox 1934 1166 2114 1243; x_wconf 92' lang='lat' dir='ltr'><strong>longo</strong></span> <span class='ocrx_word' id='word_1_89' title='bbox 2149 1174 2291 1225; x_wconf 89' lang='lat' dir='ltr'><strong>tem·</strong></span> <span class='ocrx_word' id='word_1_90' title='bbox 2317 1179 2371 1220; x_wconf 75' lang='grc' dir='ltr'><strong>ιο</strong></span> 
     </span>
     <span class='ocr_line' id='line_1_12' title="bbox 278 1250 2290 1331; baseline -0.001 -20"><span class='ocrx_word' id='word_1_91' title='bbox 278 1268 428 1331; x_wconf 88' lang='lat' dir='ltr'><strong>pore</strong></span> <span class='ocrx_word' id='word_1_92' title='bbox 467 1251 833 1328; x_wconf 84' lang='lat' dir='ltr'><strong>sacrificare,</strong></span> <span class='ocrx_word' id='word_1_93' title='bbox 880 1259 1017 1311; x_wconf 84' lang='lat' dir='ltr'><strong>vota</strong></span> <span class='ocrx_word' id='word_1_94' title='bbox 1052 1253 1387 1330; x_wconf 76' lang='lat' dir='ltr'><strong>suscipere,</strong></span> <span class='ocrx_word' id='word_1_95' title='bbox 1426 1251 1866 1311; x_wconf 86' lang='lat' dir='ltr'><strong>controversias</strong></span> <span class='ocrx_word' id='word_1_96' title='bbox 1897 1250 2170 1329; x_wconf 88' lang='lat' dir='ltr'><strong>quasdam</strong></span> <span class='ocrx_word' id='word_1_97' title='bbox 2207 1252 2290 1308; x_wconf 92' lang='lat' dir='ltr'><strong>in-</strong></span> 
     </span>
     <span class='ocr_line' id='line_1_13' title="bbox 277 1333 2293 1416; baseline -0.002 -20"><span class='ocrx_word' id='word_1_98' title='bbox 277 1333 570 1416; x_wconf 84' lang='lat' dir='ltr'><strong>terposito</strong></span> <span class='ocrx_word' id='word_1_99' title='bbox 597 1353 706 1415; x_wconf 91' lang='lat' dir='ltr'><strong>per</strong></span> <span class='ocrx_word' id='word_1_100' title='bbox 729 1333 1047 1394; x_wconf 84' lang='lat' dir='ltr'><strong>Caesarem</strong></span> <span class='ocrx_word' id='word_1_101' title='bbox 1076 1336 1201 1395; x_wconf 89' lang='lat' dir='ltr'><strong>iure</strong></span> <span class='ocrx_word' id='word_1_102' title='bbox 1227 1335 1471 1396; x_wconf 91' lang='lat' dir='ltr'><strong>iurando</strong></span> <span class='ocrx_word' id='word_1_103' title='bbox 1508 1334 1835 1395; x_wconf 88' lang='lat' dir='ltr'><strong>distrahere</strong></span> <span class='ocrx_word' id='word_1_104' title='bbox 1867 1336 2293 1414; x_wconf 84' lang='lat' dir='ltr'><strong>perseveravit.</strong></span> 
     </span>
    </p>

    <p class='ocr_par' dir='ltr' id='par_1_4' title="bbox 192 1418 2371 2431">
     <span class='ocr_line' id='line_1_14' title="bbox 192 1418 2295 1499; baseline -0.003 -15"><span class='ocrx_word' id='word_1_105' title='bbox 192 1427 264 1484; x_wconf 87' lang='grc'><strong>86</strong></span> <span class='ocrx_word' id='word_1_106' title='bbox 409 1420 815 1498; x_wconf 89' lang='lat' dir='ltr'><strong>Suspicionem</strong></span> <span class='ocrx_word' id='word_1_107' title='bbox 859 1418 1082 1479; x_wconf 89' lang='lat' dir='ltr'><strong>Caesar</strong></span> <span class='ocrx_word' id='word_1_108' title='bbox 1127 1419 1471 1499; x_wconf 88' lang='lat' dir='ltr'><strong>quibusdam</strong></span> <span class='ocrx_word' id='word_1_109' title='bbox 1506 1437 1742 1480; x_wconf 87' lang='lat' dir='ltr'><strong>suorum</strong></span> <span class='ocrx_word' id='word_1_110' title='bbox 1786 1419 2049 1498; x_wconf 88' lang='lat' dir='ltr'><strong>reliquit,</strong></span> <span class='ocrx_word' id='word_1_111' title='bbox 2101 1436 2295 1497; x_wconf 90' lang='lat' dir='ltr'><strong>neque</strong></span> 
     </span>
     <span class='ocr_line' id='line_1_15' title="bbox 279 1503 2296 1585; baseline -0.001 -20"><span class='ocrx_word' id='word_1_112' title='bbox 279 1504 539 1566; x_wconf 85' lang='lat' dir='ltr'><strong>voluisse</strong></span> <span class='ocrx_word' id='word_1_113' title='bbox 589 1523 655 1565; x_wconf 88' lang='lat' dir='ltr'><strong>se</strong></span> <span class='ocrx_word' id='word_1_114' title='bbox 706 1503 919 1564; x_wconf 90' lang='lat' dir='ltr'><strong>diutius</strong></span> <span class='ocrx_word' id='word_1_115' title='bbox 969 1506 1207 1582; x_wconf 84' lang='lat' dir='ltr'><strong>vivere,</strong></span> <span class='ocrx_word' id='word_1_116' title='bbox 1257 1522 1450 1585; x_wconf 89' lang='lat' dir='ltr'><strong>neque</strong></span> <span class='ocrx_word' id='word_1_117' title='bbox 1496 1521 1738 1565; x_wconf 85' lang='lat' dir='ltr'><strong>curasse</strong></span> <span class='ocrx_word' id='word_1_118' title='bbox 1782 1503 1940 1584; x_wconf 91' lang='lat' dir='ltr'><strong>quod</strong></span> <span class='ocrx_word' id='word_1_119' title='bbox 1981 1503 2296 1564; x_wconf 85' lang='lat' dir='ltr'><strong>valitudine</strong></span> 
     </span>
     <span class='ocr_line' id='line_1_16' title="bbox 279 1587 2371 1670; baseline -0 -20"><span class='ocrx_word' id='word_1_120' title='bbox 279 1592 465 1651; x_wconf 83' lang='lat' dir='ltr'><strong>minus</strong></span> <span class='ocrx_word' id='word_1_121' title='bbox 498 1607 787 1670; x_wconf 86' lang='lat' dir='ltr'><strong>prospera</strong></span> <span class='ocrx_word' id='word_1_122' title='bbox 830 1598 1117 1666; x_wconf 89' lang='lat' dir='ltr'><strong>uteretur,</strong></span> <span class='ocrx_word' id='word_1_123' title='bbox 1177 1587 1430 1669; x_wconf 84' lang='lat' dir='ltr'><strong>ideoque</strong></span> <span class='ocrx_word' id='word_1_124' title='bbox 1462 1598 1519 1649; x_wconf 91' lang='lat' dir='ltr'><strong>et</strong></span> <span class='ocrx_word' id='word_1_125' title='bbox 1550 1607 1699 1668; x_wconf 88' lang='lat' dir='ltr'><strong>quae</strong></span> <span class='ocrx_word' id='word_1_126' title='bbox 1736 1589 2063 1667; x_wconf 86' lang='lat' dir='ltr'><strong>religiones</strong></span> <span class='ocrx_word' id='word_1_127' title='bbox 2095 1606 2294 1648; x_wconf 89' lang='lat' dir='ltr'><strong>mone-</strong></span> <span class='ocrx_word' id='word_1_128' title='bbox 2320 1608 2371 1649; x_wconf 82' lang='lat'><strong>15</strong></span> 
     </span>
     <span class='ocr_line' id='line_1_17' title="bbox 278 1673 2297 1754; baseline -0.002 -19"><span class='ocrx_word' id='word_1_129' title='bbox 278 1683 408 1735; x_wconf 91' lang='lat' dir='ltr'><strong>rent</strong></span> <span class='ocrx_word' id='word_1_130' title='bbox 438 1683 497 1736; x_wconf 92' lang='lat' dir='ltr'><strong>et</strong></span> <span class='ocrx_word' id='word_1_131' title='bbox 527 1693 676 1754; x_wconf 89' lang='lat' dir='ltr'><strong>quae</strong></span> <span class='ocrx_word' id='word_1_132' title='bbox 709 1675 1101 1734; x_wconf 87' lang='lat' dir='ltr'><strong>renuntiarent</strong></span> <span class='ocrx_word' id='word_1_133' title='bbox 1130 1676 1299 1735; x_wconf 89' lang='lat' dir='ltr'><strong>amici</strong></span> <span class='ocrx_word' id='word_1_134' title='bbox 1334 1673 1695 1751; x_wconf 82' lang='lat' dir='ltr'><strong>neglexisse.</strong></span> <span class='ocrx_word' id='word_1_135' title='bbox 1743 1674 1886 1734; x_wconf 92' lang='lat' dir='ltr'><strong>Sunt</strong></span> <span class='ocrx_word' id='word_1_136' title='bbox 1929 1674 2025 1753; x_wconf 91' lang='lat' dir='ltr'><strong>qui</strong></span> <span class='ocrx_word' id='word_1_137' title='bbox 2074 1681 2297 1753; x_wconf 90' lang='lat' dir='ltr'><strong>putent,</strong></span> 
     </span>
     <span class='ocr_line' id='line_1_18' title="bbox 281 1757 2296 1820; baseline -0.001 0"><span class='ocrx_word' id='word_1_138' title='bbox 281 1760 559 1820; x_wconf 84' lang='lat' dir='ltr'><strong>confisum</strong></span> <span class='ocrx_word' id='word_1_139' title='bbox 609 1777 739 1819; x_wconf 90' lang='lat' dir='ltr'><strong>eum</strong></span> <span class='ocrx_word' id='word_1_140' title='bbox 782 1760 1102 1820; x_wconf 81' lang='lat' dir='ltr'><strong>novissimo</strong></span> <span class='ocrx_word' id='word_1_141' title='bbox 1161 1759 1264 1820; x_wconf 93' lang='lat' dir='ltr'><strong>illo</strong></span> <span class='ocrx_word' id='word_1_142' title='bbox 1324 1767 1562 1818; x_wconf 86' lang='lat' dir='ltr'><strong>senatus</strong></span> <span class='ocrx_word' id='word_1_143' title='bbox 1611 1757 1882 1819; x_wconf 89' lang='lat' dir='ltr'><strong>consulto</strong></span> <span class='ocrx_word' id='word_1_144' title='bbox 1932 1776 2002 1818; x_wconf 88' lang='lat' dir='ltr'><strong>ac</strong></span> <span class='ocrx_word' id='word_1_145' title='bbox 2042 1759 2167 1817; x_wconf 87' lang='lat' dir='ltr'><strong>iure</strong></span> <span class='ocrx_word' id='word_1_146' title='bbox 2213 1759 2296 1817; x_wconf 92' lang='lat' dir='ltr'><strong>iu-</strong></span> 
     </span>
     <span class='ocr_line' id='line_1_19' title="bbox 277 1842 2295 1924; baseline -0.002 -20"><span class='ocrx_word' id='word_1_147' title='bbox 277 1842 459 1905; x_wconf 89' lang='lat' dir='ltr'><strong>rando</strong></span> <span class='ocrx_word' id='word_1_148' title='bbox 501 1846 673 1904; x_wconf 87' lang='lat' dir='ltr'><strong>etiam</strong></span> <span class='ocrx_word' id='word_1_149' title='bbox 715 1842 1009 1904; x_wconf 87' lang='lat' dir='ltr'><strong>custodias</strong></span> <span class='ocrx_word' id='word_1_150' title='bbox 1046 1842 1439 1924; x_wconf 85' lang='lat' dir='ltr'><strong>Hispanorum</strong></span> <span class='ocrx_word' id='word_1_151' title='bbox 1475 1861 1604 1903; x_wconf 92' lang='lat' dir='ltr'><strong>cum</strong></span> <span class='ocrx_word' id='word_1_152' title='bbox 1642 1842 1854 1919; x_wconf 88' lang='lat' dir='ltr'><strong>gladiis</strong></span> <span class='ocrx_word' id='word_1_153' title='bbox 1886 1842 2295 1921; x_wconf 90' lang='lat' dir='ltr'><strong>adinspectan-</strong></span> 
     </span>
     <span class='ocr_line' id='line_1_20' title="bbox 277 1925 2296 2008; baseline -0.001 -19"><span class='ocrx_word' id='word_1_154' title='bbox 277 1930 416 1989; x_wconf 86' lang='lat' dir='ltr'><strong>tium</strong></span> <span class='ocrx_word' id='word_1_155' title='bbox 450 1947 515 1989; x_wconf 90' lang='lat' dir='ltr'><strong>se</strong></span> <span class='ocrx_word' id='word_1_156' title='bbox 551 1928 897 2001; x_wconf 84' lang='lat' dir='ltr'><strong>removisse.</strong></span> <span class='ocrx_word' id='word_1_157' title='bbox 955 1927 1075 1990; x_wconf 84' lang='lat' dir='ltr'><strong>Alii</strong></span> <span class='ocrx_word' id='word_1_158' title='bbox 1117 1947 1150 1989; x_wconf 92' lang='lat' dir='ltr'><strong>e</strong></span> <span class='ocrx_word' id='word_1_159' title='bbox 1176 1927 1415 1990; x_wconf 86' lang='lat' dir='ltr'><strong>diverso</strong></span> <span class='ocrx_word' id='word_1_160' title='bbox 1457 1929 1800 2008; x_wconf 79' lang='lat' dir='ltr'><strong>opinantur,</strong></span> <span class='ocrx_word' id='word_1_161' title='bbox 1858 1926 2098 1988; x_wconf 88' lang='lat' dir='ltr'><strong>insidias</strong></span> <span class='ocrx_word' id='word_1_162' title='bbox 2135 1925 2296 1987; x_wconf 90' lang='lat' dir='ltr'><strong>undi-</strong></span> 
     </span>
     <span class='ocr_line' id='line_1_21' title="bbox 279 2010 2370 2095; baseline -0.002 -22"><span class='ocrx_word' id='word_1_163' title='bbox 279 2031 392 2095; x_wconf 91' lang='lat' dir='ltr'><strong>que</strong></span> <span class='ocrx_word' id='word_1_164' title='bbox 433 2013 779 2073; x_wconf 88' lang='lat' dir='ltr'><strong>imminentis</strong></span> <span class='ocrx_word' id='word_1_165' title='bbox 834 2012 1030 2073; x_wconf 89' lang='lat' dir='ltr'><strong>subire</strong></span> <span class='ocrx_word' id='word_1_166' title='bbox 1092 2013 1273 2073; x_wconf 89' lang='lat' dir='ltr'><strong>semel</strong></span> <span class='ocrx_word' id='word_1_167' title='bbox 1327 2031 1496 2093; x_wconf 88' lang='lat' dir='ltr'><strong>quam</strong></span> <span class='ocrx_word' id='word_1_168' title='bbox 1549 2031 1763 2073; x_wconf 83' lang='lat' dir='ltr'><strong>cavere</strong></span> <span class='ocrx_word' id='word_1_169' title='bbox 1786 2012 1892 2050; x_wconf 75' lang='lat'>*⁸⁸¹*</span> <span class='ocrx_word' id='word_1_170' title='bbox 1939 2010 2370 2092; x_wconf 69' lang='lat' dir='ltr'><strong>[sollio-immeo</strong></span> 
     </span>
     <span class='ocr_line' id='line_1_22' title="bbox 276 2094 2301 2176; baseline -0.001 -18"><span class='ocrx_word' id='word_1_171' title='bbox 276 2096 595 2158; x_wconf 77' lang='lat' dir='ltr'><strong>maluisse.</strong></span> <span class='ocrx_word' id='word_1_172' title='bbox 658 2094 929 2169; x_wconf 79' lang='lat' dir='ltr'><strong>Quidam</strong></span> <span class='ocrx_word' id='word_1_173' title='bbox 958 2096 1165 2159; x_wconf 87' lang='lat' dir='ltr'><strong>dicere</strong></span> <span class='ocrx_word' id='word_1_174' title='bbox 1210 2097 1417 2176; x_wconf 85' lang='lat' dir='ltr'><strong>etiam]</strong></span> <span class='ocrx_word' id='word_1_175' title='bbox 1462 2096 1695 2157; x_wconf 90' lang='lat' dir='ltr'><strong>solitum</strong></span> <span class='ocrx_word' id='word_1_176' title='bbox 1720 2098 1945 2175; x_wconf 84' lang='lat' dir='ltr'><strong>ferunt,</strong></span> <span class='ocrx_word' id='word_1_177' title='bbox 1998 2094 2143 2159; x_wconf 83' lang='lat' dir='ltr'><strong>Non</strong></span> <span class='ocrx_word' id='word_1_178' title='bbox 2170 2102 2301 2157; x_wconf 83' lang='lat' dir='ltr'><strong>tam</strong></span> 
     </span>
     <span class='ocr_line' id='line_1_23' title="bbox 277 2180 2301 2261; baseline -0 -19"><span class='ocrx_word' id='word_1_179' title='bbox 277 2198 400 2242; x_wconf 81' lang='lat' dir='ltr'><strong>sua</strong></span> <span class='ocrx_word' id='word_1_180' title='bbox 429 2199 616 2261; x_wconf 78' lang='lat' dir='ltr'><strong>quam</strong></span> <span class='ocrx_word' id='word_1_181' title='bbox 643 2181 742 2241; x_wconf 85' lang='lat' dir='ltr'><strong>rei</strong></span> <span class='ocrx_word' id='word_1_182' title='bbox 763 2181 1059 2259; x_wconf 78' lang='lat' dir='ltr'><strong>publicae</strong></span> <span class='ocrx_word' id='word_1_183' title='bbox 1084 2183 1408 2258; x_wconf 76' lang='lat' dir='ltr'><strong>interesse,</strong></span> <span class='ocrx_word' id='word_1_184' title='bbox 1449 2183 1544 2243; x_wconf 79' lang='lat' dir='ltr'><strong>uti</strong></span> <span class='ocrx_word' id='word_1_185' title='bbox 1576 2181 1798 2243; x_wconf 77' lang='lat' dir='ltr'><strong>salvus</strong></span> <span class='ocrx_word' id='word_1_186' title='bbox 1826 2189 2022 2242; x_wconf 79' lang='lat' dir='ltr'><strong>esset.-</strong></span> <span class='ocrx_word' id='word_1_187' title='bbox 2076 2180 2301 2243; x_wconf 79' lang='lat' dir='ltr'><strong>seiam</strong></span> 
     </span>
     <span class='ocr_line' id='line_1_24' title="bbox 274 2264 2295 2348; baseline 0 -22"><span class='ocrx_word' id='word_1_188' title='bbox 274 2265 519 2344; x_wconf 76' lang='lat' dir='ltr'><strong>pridem</strong></span> <span class='ocrx_word' id='word_1_189' title='bbox 549 2265 867 2343; x_wconf 82' lang='lat' dir='ltr'><strong>potentiae</strong></span> <span class='ocrx_word' id='word_1_190' title='bbox 890 2267 1256 2348; x_wconf 75' lang='lat' dir='ltr'><strong>yleriaeque</strong></span> <span class='ocrx_word' id='word_1_191' title='bbox 1286 2266 1535 2327; x_wconf 79' lang='lat' dir='ltr'><strong>abunde</strong></span> <span class='ocrx_word' id='word_1_192' title='bbox 1566 2266 1857 2344; x_wconf 84' lang='lat' dir='ltr'><strong>adeptum</strong></span> <span class='ocrx_word' id='word_1_193' title='bbox 1873 2291 1901 2337; x_wconf 90' lang='lat'><strong>,·</strong></span> <span class='ocrx_word' id='word_1_194' title='bbox 1931 2285 2061 2327; x_wconf 85' lang='lat' dir='ltr'><strong>rem</strong></span> <span class='ocrx_word' id='word_1_195' title='bbox 2090 2264 2295 2343; x_wconf 81' lang='lat' dir='ltr'><strong>publi-</strong></span> 
     </span>
     <span class='ocr_line' id='line_1_25' title="bbox 279 2349 2295 2431; baseline -0 -20"><span class='ocrx_word' id='word_1_196' title='bbox 279 2368 450 2427; x_wconf 83' lang='lat' dir='ltr'><strong>cam,</strong></span> <span class='ocrx_word' id='word_1_197' title='bbox 495 2351 555 2410; x_wconf 80' lang='lat' dir='ltr'><strong>si</strong></span> <span class='ocrx_word' id='word_1_198' title='bbox 602 2349 753 2430; x_wconf 81' lang='lat' dir='ltr'><strong>quid</strong></span> <span class='ocrx_word' id='word_1_199' title='bbox 792 2350 918 2412; x_wconf 80' lang='lat' dir='ltr'><strong>sibi</strong></span> <span class='ocrx_word' id='word_1_200' title='bbox 965 2353 1267 2428; x_wconf 82' lang='lat' dir='ltr'><strong>eveniret,</strong></span> <span class='ocrx_word' id='word_1_201' title='bbox 1330 2369 1527 2430; x_wconf 79' lang='lat' dir='ltr'><strong>neque</strong></span> <span class='ocrx_word' id='word_1_202' title='bbox 1575 2351 1842 2430; x_wconf 78' lang='lat' dir='ltr'><strong>quietam</strong></span> <span class='ocrx_word' id='word_1_203' title='bbox 1886 2350 2033 2431; x_wconf 80' lang='lat' dir='ltr'><strong>fore</strong></span> <span class='ocrx_word' id='word_1_204' title='bbox 2073 2357 2132 2411; x_wconf 82' lang='lat' dir='ltr'><strong>et</strong></span> <span class='ocrx_word' id='word_1_205' title='bbox 2176 2351 2295 2411; x_wconf 86' lang='lat' dir='ltr'><strong>ali-</strong></span> 
     </span>
    </p>

    <p class='ocr_par' dir='ltr' id='par_1_5' title="bbox 190 2433 2370 3191">
     <span class='ocr_line' id='line_1_26' title="bbox 190 2433 2370 2514; baseline -0 -19"><span class='ocrx_word' id='word_1_206' title='bbox 190 2451 257 2506; x_wconf 79' lang='grc'><strong>37</strong></span> <span class='ocrx_word' id='word_1_207' title='bbox 281 2441 511 2514; x_wconf 76' lang='lat' dir='ltr'><strong>quanto</strong></span> <span class='ocrx_word' id='word_1_208' title='bbox 541 2434 849 2496; x_wconf 81' lang='lat' dir='ltr'><strong>deteriore</strong></span> <span class='ocrx_word' id='word_1_209' title='bbox 891 2436 1241 2497; x_wconf 80' lang='lat' dir='ltr'><strong>conditione</strong></span> <span class='ocrx_word' id='word_1_210' title='bbox 1278 2436 1491 2496; x_wconf 82' lang='lat' dir='ltr'><strong>civilia</strong></span> <span class='ocrx_word' id='word_1_211' title='bbox 1522 2434 1688 2498; x_wconf 82' lang='lat' dir='ltr'><strong>bella</strong></span> <span class='ocrx_word' id='word_1_212' title='bbox 1716 2433 2085 2497; x_wconf 72' lang='lat' dir='ltr'><strong>subituram.</strong></span> <span class='ocrx_word' id='word_1_213' title='bbox 2147 2435 2298 2495; x_wconf 93' lang='lat' dir='ltr'><strong>Illud</strong></span> <span class='ocrx_word' id='word_1_214' title='bbox 2318 2454 2370 2494; x_wconf 62' lang='grc' dir='ltr'>π</span> 
     </span>
     <span class='ocr_line' id='line_1_27' title="bbox 278 2519 2300 2599; baseline 0 -20"><span class='ocrx_word' id='word_1_215' title='bbox 278 2519 452 2599; x_wconf 87' lang='lat' dir='ltr'><strong>plane</strong></span> <span class='ocrx_word' id='word_1_216' title='bbox 482 2521 633 2579; x_wconf 90' lang='lat' dir='ltr'><strong>inter</strong></span> <span class='ocrx_word' id='word_1_217' title='bbox 666 2536 870 2580; x_wconf 86' lang='lat' dir='ltr'><strong>omnes</strong></span> <span class='ocrx_word' id='word_1_218' title='bbox 905 2521 1034 2580; x_wconf 82' lang='lat' dir='ltr'><strong>fere</strong></span> <span class='ocrx_word' id='word_1_219' title='bbox 1068 2522 1363 2597; x_wconf 89' lang='lat' dir='ltr'><strong>constitit,</strong></span> <span class='ocrx_word' id='word_1_220' title='bbox 1408 2521 1585 2582; x_wconf 89' lang='lat' dir='ltr'><strong>talem</strong></span> <span class='ocrx_word' id='word_1_221' title='bbox 1630 2521 1683 2579; x_wconf 90' lang='lat' dir='ltr'><strong>ei</strong></span> <span class='ocrx_word' id='word_1_222' title='bbox 1718 2529 1964 2581; x_wconf 90' lang='lat' dir='ltr'><strong>mortem</strong></span> <span class='ocrx_word' id='word_1_223' title='bbox 2008 2539 2196 2599; x_wconf 91' lang='lat' dir='ltr'><strong>paene</strong></span> <span class='ocrx_word' id='word_1_224' title='bbox 2223 2539 2300 2580; x_wconf 86' lang='lat' dir='ltr'><strong>ex</strong></span> 
     </span>
     <span class='ocr_line' id='line_1_28' title="bbox 277 2603 2297 2685; baseline -0 -21"><span class='ocrx_word' id='word_1_225' title='bbox 277 2606 561 2665; x_wconf 87' lang='lat' dir='ltr'><strong>sententia</strong></span> <span class='ocrx_word' id='word_1_226' title='bbox 602 2603 912 2682; x_wconf 88' lang='lat' dir='ltr'><strong>obtigisse.</strong></span> <span class='ocrx_word' id='word_1_227' title='bbox 957 2605 1104 2666; x_wconf 89' lang='lat' dir='ltr'><strong>Nam</strong></span> <span class='ocrx_word' id='word_1_228' title='bbox 1136 2615 1194 2666; x_wconf 88' lang='lat' dir='ltr'><strong>et</strong></span> <span class='ocrx_word' id='word_1_229' title='bbox 1228 2604 1548 2685; x_wconf 89' lang='lat' dir='ltr'><strong>quondam,</strong></span> <span class='ocrx_word' id='word_1_230' title='bbox 1591 2623 1718 2665; x_wconf 90' lang='lat' dir='ltr'><strong>cum</strong></span> <span class='ocrx_word' id='word_1_231' title='bbox 1748 2604 1902 2684; x_wconf 85' lang='lat' dir='ltr'><strong>apud</strong></span> <span class='ocrx_word' id='word_1_232' title='bbox 1934 2603 2297 2683; x_wconf 90' lang='lat' dir='ltr'><strong>Xenophon-</strong></span> 
     </span>
     <span class='ocr_line' id='line_1_29' title="bbox 276 2687 2297 2769; baseline 0 -20"><span class='ocrx_word' id='word_1_233' title='bbox 276 2699 392 2749; x_wconf 89' lang='lat' dir='ltr'><strong>tem</strong></span> <span class='ocrx_word' id='word_1_234' title='bbox 421 2687 671 2768; x_wconf 85' lang='lat' dir='ltr'><strong>legisset</strong></span> <span class='ocrx_word' id='word_1_235' title='bbox 702 2688 917 2766; x_wconf 72' lang='lat' dir='ltr'><strong>Cyrum</strong></span> <span class='ocrx_word' id='word_1_236' title='bbox 963 2690 1160 2751; x_wconf 91' lang='lat' dir='ltr'><strong>ultima</strong></span> <span class='ocrx_word' id='word_1_237' title='bbox 1194 2689 1512 2750; x_wconf 83' lang='lat' dir='ltr'><strong>valitudine</strong></span> <span class='ocrx_word' id='word_1_238' title='bbox 1557 2690 1865 2750; x_wconf 88' lang='lat' dir='ltr'><strong>mandasse</strong></span> <span class='ocrx_word' id='word_1_239' title='bbox 1900 2688 2183 2769; x_wconf 86' lang='lat' dir='ltr'><strong>quaedam</strong></span> <span class='ocrx_word' id='word_1_240' title='bbox 2224 2688 2297 2749; x_wconf 90' lang='lat' dir='ltr'><strong>de</strong></span> 
     </span>
     <span class='ocr_line' id='line_1_30' title="bbox 274 2773 2299 2854; baseline -0.001 -19"><span class='ocrx_word' id='word_1_241' title='bbox 274 2776 481 2835; x_wconf 84' lang='lat' dir='ltr'><strong>funere</strong></span> <span class='ocrx_word' id='word_1_242' title='bbox 524 2792 666 2851; x_wconf 92' lang='lat' dir='ltr'><strong>suo,</strong></span> <span class='ocrx_word' id='word_1_243' title='bbox 735 2784 1082 2854; x_wconf 90' lang='lat' dir='ltr'><strong>aspernatus</strong></span> <span class='ocrx_word' id='word_1_244' title='bbox 1133 2784 1251 2835; x_wconf 91' lang='lat' dir='ltr'><strong>tam</strong></span> <span class='ocrx_word' id='word_1_245' title='bbox 1298 2773 1516 2835; x_wconf 91' lang='lat' dir='ltr'><strong>lentum</strong></span> <span class='ocrx_word' id='word_1_246' title='bbox 1567 2775 1770 2834; x_wconf 90' lang='lat' dir='ltr'><strong>mortis</strong></span> <span class='ocrx_word' id='word_1_247' title='bbox 1810 2792 2001 2852; x_wconf 90' lang='lat' dir='ltr'><strong>genus</strong></span> <span class='ocrx_word' id='word_1_248' title='bbox 2053 2773 2299 2834; x_wconf 86' lang='lat' dir='ltr'><strong>subitam</strong></span> 
     </span>
     <span class='ocr_line' id='line_1_31' title="bbox 276 2857 2370 2939; baseline 0 -21"><span class='ocrx_word' id='word_1_249' title='bbox 276 2858 388 2919; x_wconf 90' lang='lat' dir='ltr'><strong>sibi</strong></span> <span class='ocrx_word' id='word_1_250' title='bbox 432 2859 806 2938; x_wconf 87' lang='lat' dir='ltr'><strong>celeremque</strong></span> <span class='ocrx_word' id='word_1_251' title='bbox 849 2868 1184 2938; x_wconf 78' lang='lat' dir='ltr'><strong>optaverat3</strong></span> <span class='ocrx_word' id='word_1_252' title='bbox 1224 2866 1284 2918; x_wconf 90' lang='lat' dir='ltr'><strong>et</strong></span> <span class='ocrx_word' id='word_1_253' title='bbox 1326 2857 1512 2937; x_wconf 90' lang='lat' dir='ltr'><strong>pridie</strong></span> <span class='ocrx_word' id='word_1_254' title='bbox 1559 2877 1727 2939; x_wconf 89' lang='lat' dir='ltr'><strong>quam</strong></span> <span class='ocrx_word' id='word_1_255' title='bbox 1780 2857 2191 2936; x_wconf 89' lang='lat' dir='ltr'><strong>occideretur,</strong></span> <span class='ocrx_word' id='word_1_256' title='bbox 2239 2860 2370 2918; x_wconf 78' lang='lat' dir='ltr'><strong>in30</strong></span> 
     </span>
     <span class='ocr_line' id='line_1_32' title="bbox 275 2943 2296 3024; baseline 0 -21"><span class='ocrx_word' id='word_1_257' title='bbox 275 2960 545 3004; x_wconf 88' lang='lat' dir='ltr'><strong>sermone</strong></span> <span class='ocrx_word' id='word_1_258' title='bbox 586 2952 724 3004; x_wconf 86' lang='lat' dir='ltr'><strong>nato</strong></span> <span class='ocrx_word' id='word_1_259' title='bbox 777 2961 956 3022; x_wconf 86' lang='lat' dir='ltr'><strong>super</strong></span> <span class='ocrx_word' id='word_1_260' title='bbox 1007 2961 1245 3005; x_wconf 89' lang='lat' dir='ltr'><strong>caenam</strong></span> <span class='ocrx_word' id='word_1_261' title='bbox 1280 2943 1433 3023; x_wconf 89' lang='lat' dir='ltr'><strong>apud</strong></span> <span class='ocrx_word' id='word_1_262' title='bbox 1472 2943 1731 3006; x_wconf 81' lang='lat' dir='ltr'><strong>Marcum</strong></span> <span class='ocrx_word' id='word_1_263' title='bbox 1773 2943 2083 3023; x_wconf 90' lang='lat' dir='ltr'><strong>Lepidum,</strong></span> <span class='ocrx_word' id='word_1_264' title='bbox 2142 2945 2296 3024; x_wconf 92' lang='lat' dir='ltr'><strong>quis-</strong></span> 
     </span>
     <span class='ocr_line' id='line_1_33' title="bbox 273 3027 2295 3107; baseline 0.001 -21"><span class='ocrx_word' id='word_1_265' title='bbox 273 3045 404 3087; x_wconf 92' lang='lat' dir='ltr'><strong>nam</strong></span> <span class='ocrx_word' id='word_1_266' title='bbox 435 3037 594 3090; x_wconf 87' lang='lat' dir='ltr'><strong>esset</strong></span> <span class='ocrx_word' id='word_1_267' title='bbox 642 3029 774 3089; x_wconf 87' lang='lat' dir='ltr'><strong>finis</strong></span> <span class='ocrx_word' id='word_1_268' title='bbox 816 3030 973 3089; x_wconf 85' lang='lat' dir='ltr'><strong>vitae</strong></span> <span class='ocrx_word' id='word_1_269' title='bbox 1015 3027 1554 3106; x_wconf 88' lang='lat' dir='ltr'><strong>commodissimus,</strong></span> <span class='ocrx_word' id='word_1_270' title='bbox 1609 3030 1978 3107; x_wconf 88' lang='lat' dir='ltr'><strong>repentinum</strong></span> <span class='ocrx_word' id='word_1_271' title='bbox 2031 3029 2295 3107; x_wconf 85' lang='lat' dir='ltr'><strong>inopina-</strong></span> 
     </span>
     <span class='ocr_line' id='line_1_34' title="bbox 274 3113 914 3191; baseline 0.003 -21"><span class='ocrx_word' id='word_1_272' title='bbox 274 3121 507 3191; x_wconf 89' lang='lat' dir='ltr'><strong>tumque</strong></span> <span class='ocrx_word' id='word_1_273' title='bbox 536 3113 914 3191; x_wconf 89' lang='lat' dir='ltr'><strong>praetulerat.</strong></span> 
     </span>
    </p>

    <p class='ocr_par' dir='ltr' id='par_1_6' title="bbox 189 3195 2365 3612">
     <span class='ocr_line' id='line_1_35' title="bbox 189 3195 2294 3277; baseline 0 -23"><span class='ocrx_word' id='word_1_274' title='bbox 189 3220 261 3275; x_wconf 76' lang='grc'><strong>88</strong></span> <span class='ocrx_word' id='word_1_275' title='bbox 403 3195 583 3255; x_wconf 88' lang='lat' dir='ltr'><strong>Periit</strong></span> <span class='ocrx_word' id='word_1_276' title='bbox 628 3206 798 3257; x_wconf 84' lang='lat' dir='ltr'><strong>sexto</strong></span> <span class='ocrx_word' id='word_1_277' title='bbox 848 3206 906 3257; x_wconf 89' lang='lat' dir='ltr'><strong>et</strong></span> <span class='ocrx_word' id='word_1_278' title='bbox 947 3198 1470 3277; x_wconf 84' lang='lat' dir='ltr'><strong>quinquagensimo</strong></span> <span class='ocrx_word' id='word_1_279' title='bbox 1528 3198 1734 3257; x_wconf 86' lang='lat' dir='ltr'><strong>aetatis</strong></span> <span class='ocrx_word' id='word_1_280' title='bbox 1794 3215 1946 3258; x_wconf 88' lang='lat' dir='ltr'><strong>anno</strong></span> <span class='ocrx_word' id='word_1_281' title='bbox 2007 3206 2181 3277; x_wconf 89' lang='lat' dir='ltr'><strong>atque</strong></span> <span class='ocrx_word' id='word_1_282' title='bbox 2235 3198 2294 3255; x_wconf 92' lang='lat' dir='ltr'><strong>in</strong></span> 
     </span>
     <span class='ocr_line' id='line_1_36' title="bbox 277 3279 2365 3358; baseline 0 -19"><span class='ocrx_word' id='word_1_283' title='bbox 277 3279 518 3340; x_wconf 89' lang='lat' dir='ltr'><strong>deorum</strong></span> <span class='ocrx_word' id='word_1_284' title='bbox 560 3298 853 3341; x_wconf 89' lang='lat' dir='ltr'><strong>numerum</strong></span> <span class='ocrx_word' id='word_1_285' title='bbox 894 3282 1114 3342; x_wconf 84' lang='lat' dir='ltr'><strong>relatus</strong></span> <span class='ocrx_word' id='word_1_286' title='bbox 1160 3290 1285 3358; x_wconf 89' lang='lat' dir='ltr'><strong>est,</strong></span> <span class='ocrx_word' id='word_1_287' title='bbox 1343 3299 1461 3342; x_wconf 92' lang='lat' dir='ltr'><strong>non</strong></span> <span class='ocrx_word' id='word_1_288' title='bbox 1491 3300 1595 3342; x_wconf 89' lang='lat' dir='ltr'><strong>ore</strong></span> <span class='ocrx_word' id='word_1_289' title='bbox 1641 3280 1814 3342; x_wconf 91' lang='lat' dir='ltr'><strong>modo</strong></span> <span class='ocrx_word' id='word_1_290' title='bbox 1857 3281 2294 3343; x_wconf 89' lang='lat' dir='ltr'><strong>decernentium</strong></span> <span class='ocrx_word' id='word_1_291' title='bbox 2314 3299 2365 3340; x_wconf 80' lang='lat'><strong>³5</strong></span> 
     </span>
     <span class='ocr_line' id='line_1_37' title="bbox 277 3362 2289 3446; baseline 0.001 -23"><span class='ocrx_word' id='word_1_292' title='bbox 277 3362 382 3423; x_wconf 92' lang='lat' dir='ltr'><strong>sed</strong></span> <span class='ocrx_word' id='word_1_293' title='bbox 414 3374 471 3423; x_wconf 91' lang='lat' dir='ltr'><strong>et</strong></span> <span class='ocrx_word' id='word_1_294' title='bbox 497 3367 879 3442; x_wconf 86' lang='lat' dir='ltr'><strong>persuasione</strong></span> <span class='ocrx_word' id='word_1_295' title='bbox 915 3365 1100 3444; x_wconf 86' lang='lat' dir='ltr'><strong>volgi.</strong></span> <span class='ocrx_word' id='word_1_296' title='bbox 1150 3365 1448 3445; x_wconf 87' lang='lat' dir='ltr'><strong>Siquidem</strong></span> <span class='ocrx_word' id='word_1_297' title='bbox 1493 3365 1663 3443; x_wconf 89' lang='lat' dir='ltr'><strong>ludis,</strong></span> <span class='ocrx_word' id='word_1_298' title='bbox 1696 3383 1847 3445; x_wconf 92' lang='lat' dir='ltr'><strong>quos</strong></span> <span class='ocrx_word' id='word_1_299' title='bbox 1889 3369 2112 3446; x_wconf 90' lang='lat' dir='ltr'><strong>primos</strong></span> <span class='ocrx_word' id='word_1_300' title='bbox 2154 3384 2289 3428; x_wconf 87' lang='lat' dir='ltr'><strong>con-</strong></span> 
     </span>
     <span class='ocr_line' id='line_1_38' title="bbox 276 3446 2292 3531; baseline 0.003 -27"><span class='ocrx_word' id='word_1_301' title='bbox 276 3456 509 3506; x_wconf 87' lang='lat' dir='ltr'><strong>secrato</strong></span> <span class='ocrx_word' id='word_1_302' title='bbox 548 3449 601 3505; x_wconf 90' lang='lat' dir='ltr'><strong>ei</strong></span> <span class='ocrx_word' id='word_1_303' title='bbox 637 3446 814 3508; x_wconf 86' lang='lat' dir='ltr'><strong>heres</strong></span> <span class='ocrx_word' id='word_1_304' title='bbox 843 3449 1144 3528; x_wconf 88' lang='lat' dir='ltr'><strong>Augustus</strong></span> <span class='ocrx_word' id='word_1_305' title='bbox 1189 3450 1435 3528; x_wconf 89' lang='lat' dir='ltr'><strong>edebat,</strong></span> <span class='ocrx_word' id='word_1_306' title='bbox 1488 3451 1661 3512; x_wconf 89' lang='lat' dir='ltr'><strong>stella</strong></span> <span class='ocrx_word' id='word_1_307' title='bbox 1692 3452 1894 3512; x_wconf 90' lang='lat' dir='ltr'><strong>crinita</strong></span> <span class='ocrx_word' id='word_1_308' title='bbox 1925 3470 2034 3531; x_wconf 92' lang='lat' dir='ltr'><strong>per</strong></span> <span class='ocrx_word' id='word_1_309' title='bbox 2063 3460 2292 3529; x_wconf 88' lang='lat' dir='ltr'><strong>septem</strong></span> 
     </span>
     <span class='ocr_line' id='line_1_39' title="bbox 281 3528 2292 3612; baseline 0.003 -25"><span class='ocrx_word' id='word_1_310' title='bbox 281 3532 589 3590; x_wconf 90' lang='lat' dir='ltr'><strong>continuos</strong></span> <span class='ocrx_word' id='word_1_311' title='bbox 613 3528 739 3590; x_wconf 89' lang='lat' dir='ltr'><strong>dies</strong></span> <span class='ocrx_word' id='word_1_312' title='bbox 764 3532 949 3612; x_wconf 76' lang='lat' dir='ltr'><strong>fulsit,</strong></span> <span class='ocrx_word' id='word_1_313' title='bbox 973 3538 1252 3594; x_wconf 87' lang='lat' dir='ltr'><strong>exoriens</strong></span> <span class='ocrx_word' id='word_1_314' title='bbox 1281 3537 1440 3595; x_wconf 89' lang='lat' dir='ltr'><strong>circa</strong></span> <span class='ocrx_word' id='word_1_315' title='bbox 1465 3535 1827 3596; x_wconf 89' lang='lat' dir='ltr'><strong>undecimam</strong></span> <span class='ocrx_word' id='word_1_316' title='bbox 1850 3535 2078 3611; x_wconf 88' lang='lat' dir='ltr'><strong>horam,</strong></span> <span class='ocrx_word' id='word_1_317' title='bbox 2105 3535 2292 3596; x_wconf 89' lang='lat' dir='ltr'><strong>credi·</strong></span> 
     </span>
    </p>
   </div>
  </div>
 </body>
</html>
