2553 3960
651 597 1263 683 G.SUETON1
1312 594 1991 685 TRANQUHM
2108 686 2113 687 f

350 771 588 874 DE
693 766 1153 868 VITA
1250 761 2284 866 CAESARUM

1039 966 1366 1030 LIBER
1395 965 1583 1029 VIII.

450 1142 738 1237 DIVUS
788 1138 1463 1212 VESPASIANUS.
1565 1138 1853 1210 mvtrs
1894 1137 2187 1212 TITUS.

998 1255 1618 1330 DOMITIANUS.

924 1590 1147 1647 »ivus
1190 1588 1724 1646 VESPASIANUS.

2532 1126 2537 1159 l

608 1704 618 1731 l

271 1764 302 1817 1
438 1750 982 1813 Rebellione->trium
1016 1749 1343 1829 principum
1374 1757 1432 1808 et
1463 1747 1641 1807 caede
1669 1748 1949 1808 incertum
1973 1747 2067 1808 diu
2093 1757 2314 1828 etqua-

325 1836 374 1897 si
412 1854 622 1914 vagum
672 1834 973 1912 imperium
1034 1836 1293 1912 suscepit
1331 1833 1693 1911 firmavitque
1732 1832 1959 1892 tandem
1992 1851 2142 1911 gens
2181 1834 2312 1894 Fla·
2534 1838 2537 1847 '

324 1923 448 1999 via,
492 1918 741 1979 obscura
768 1918 867 1978 illa
904 1918 1132 1999 quidem
1160 1936 1231 1977 ac
1279 1918 1403 1976 sine
1447 1916 1580 1975 ullis
1625 1917 1904 1977 maiorum
1943 1917 2310 1996 imaginibus,

324 2005 428 2066 sed
455 2013 643 2064 tamen
672 2003 839 2081 reip.
874 2020 1236 2083 nequaquam
1259 2000 1634 2079 paenitenda;
1677 2010 1907 2062 constet
1930 2002 2086 2079 licet,
2117 2002 2310 2063 Domi-

322 2092 533 2149 tianum
570 2085 895 2166 cupiditatis
923 2104 994 2147 ae
1024 2085 1303 2146 saevitiae
1335 2086 1540 2145 merito
1575 2103 1801 2164 poenas
1831 2087 2028 2145 luisse.
2334 2099 2360 2138 ὅ

449 2172 515 2232 Τ.
553 2171 788 2232 Flavius
818 2170 1023 2247 Petro,
1063 2169 1366 2247 municeps
1397 2170 1702 2247 Reatinae,
1752 2169 1910 2230 bello
1949 2170 2102 2229 civili
2144 2170 2312 2231 Pom-

324 2257 656 2335 peianarum
688 2253 931 2332 partium
970 2253 1230 2314 centurio
1267 2271 1339 2314 an
1375 2262 1691 2331 evocatus,
1739 2255 2000 2334 profugit
2032 2272 2107 2315 ex
2137 2253 2312 2315 Phar-

322 2339 502 2401 salica
531 2339 659 2399 acie
690 2337 1032 2417 domumque
1065 2356 1129 2398 se
1173 2337 1444 2415 contulit,
1487 2336 1584 2397 ubi
1629 2337 1837 2398 deinde
1879 2338 2046 2398 venia
2091 2348 2148 2398 et
2180 2340 2313 2399 mis-

285 2473 288 2476 .
324 2426 489 2485 sione
541 2424 846 2500 impetrata
907 2424 1246 2483 coactiones
1303 2424 1665 2500 argentarias
1723 2423 2024 2483 factitavit.
2132 2422 2314 2483 Huius

324 2508 496 2584 lilius,
530 2507 877 2584 cognomine
909 2506 1189 2583 Sabinus,
1226 2523 1442 2584 expers
1473 2506 1708 2567 militiae
1752 2508 1893 2585 (etsi
1924 2505 2152 2585 quidam
2185 2525 2314 2566 eum
2334 2522 2389 2565 ιο

325 2591 766 2673 primipilarem,
800 2590 1091 2666 nonnulli,
1125 2608 1252 2649 cum
1289 2589 1474 2650 adhuc
1518 2591 1753 2651 ordines
1796 2589 2068 2668 duceret,
2120 2608 2313 2652 sacra-

321 2685 515 2737 mento
547 2675 794 2735 solutum
828 2692 938 2752 per
963 2692 1194 2735 causam
1217 2673 1544 2734 valitudinis
1571 2674 1829 2753 tradunt)
1855 2673 2148 2753 publicum
2174 2692 2313 2753 qua·

324 2760 688 2837 dragesimae
716 2758 774 2817 in
806 2757 947 2817 Asia
979 2759 1132 2836 egit3
1162 2757 1632 2853 manebantque
1613 2760 1895 2859 imagines
1928 2777 1961 2819 a
1989 2758 2315 2820 civitatibus

322 2847 374 2907 ei
401 2846 630 2924 positae
661 2841 767 2900 suh
797 2841 913 2902 hoc
943 2843 1137 2904 titulo·
1170 2838 1410 2913 Καλῶς
1440 2834 1910 2920 τελωνήσαντι.
1946 2843 2157 2904 Postea
2187 2844 2310 2910 fae-

320 2948 428 2990 nus
463 2925 615 3007 apud
641 2925 945 2987 Helvetios
977 2927 1241 2986 exercuit
1272 2925 1469 3005 ibique
1500 2927 1649 2987 diem
1691 2926 1864 3004 obiit,
1897 2926 2310 3007 superstitibus
2331 2944 2385 2986 ιε

320 3030 504 3073 uxore
536 3010 830 3089 Vespasia
861 3009 1026 3072 Polla
1057 3019 1115 3070 et
1143 3009 1370 3070 duobus
1403 3029 1478 3070 ex
1509 3029 1578 3070 ea
1600 3011 1823 3087 liberie,
1859 3028 2097 3089 quorum
2126 3012 2313 3071 maior

322 3095 567 3155 Sabinus
597 3095 668 3155 ad
714 3095 1139 3174 praefecturam
1171 3093 1363 3171 urbis,
1402 3095 1588 3154 minor
1617 3096 2011 3174 Vespasianus
2054 3095 2125 3157 ad
2156 3098 2312 3174 prin-

323 3179 568 3257 cipatum
591 3197 774 3257 usque
799 3178 1108 3257 processit.
1157 3177 1344 3255 Polla,
1369 3177 1616 3239 Nursiae
1640 3180 1888 3240 honesto
1911 3198 2132 3257 genere
2160 3188 2311 3258 orta,

322 3270 541 3340 patrem
583 3260 779 3322 habuit
820 3263 1166 3341 Vespasium
1209 3262 1568 3339 Pollionem,
1617 3273 1707 3324 ter
1746 3262 2028 3323 tribunum
2071 3264 2313 3324 militum

322 3344 795 3424 praefectumque
827 3356 1174 3423 castrorum,
1220 3346 1456 3406 fratrem
1496 3356 1822 3407 senatorem
1863 3349 2194 3426 praetoriae
2227 3347 2310 3407 di·
2331 3365 2388 3406 20

321 3425 572 3499 gnitatis.
635 3426 821 3487 Locus
855 3431 1032 3491 etiam
1071 3430 1144 3492 ad
1189 3440 1413 3491 sextum
1454 3430 1753 3491 miliarium
1793 3449 1825 3492 a
1853 3429 2066 3490 Nursia
2101 3427 2313 3507 Spole-
