2553 3960
904 251 909 254 -
944 231 1157 280 Divus
1201 234 1457 283 muns.
2140 220 2220 285 33

191 390 409 465 Quinto
442 388 699 451 Maximo
748 386 997 446 suffecto
1039 387 1473 469 trimenstrique
1528 389 1774 450 consule
1808 389 2094 450 theatrum
2139 386 2220 447 in-

192 481 502 550 troeunte,
550 490 683 532 cum
704 469 884 529 lictor
918 470 1295 532 animadverti
1327 492 1404 534 ex
1435 491 1600 534 more
1642 476 1942 551 iussisset,
1991 473 2063 533 ab
2099 473 2218 533 uni·

194 558 384 619 versis
425 555 852 617 conclamatum
894 562 1017 631 est,
1063 573 1182 617 non
1220 574 1357 618 esse
1398 576 1529 618 eum
1567 557 1887 618 consulem.
1953 556 2097 618 Post
2130 575 2219 617 re·

194 650 388 702 motos
431 639 767 704 Caesetium
811 647 872 698 et
913 638 1217 699 Marullum
1264 642 1530 703 tribunos
1572 651 1809 722 reperta
1845 651 1979 702 sunt
2023 643 2220 721 proxi-

130 745 177 785 ιε
194 730 301 789 mis
337 719 593 786 comitiis
630 722 934 802 complura
976 723 1255 802 suffragia
1299 727 1579 787 consules
1630 744 1739 786 eos
1783 724 2219 787 declarantium.

194 811 624 891 Subscripsere
667 807 896 889 quidam
945 806 1087 867 Luci
1136 808 1299 870 Bruti
1346 819 1603 872 statuae:
1658 808 1910 872 Utinam
1942 812 2219 872 viveres!

193 900 334 959 item
367 898 554 976 ipsius
581 892 886 956 Caesaris:

362 987 585 1042 Brutus
600 1025 618 1055 ,
659 983 796 1055 quia
817 996 979 1053 reyes
1010 983 1197 1054 eiecit,
1236 985 1438 1041 consul
1452 986 1673 1056 primus
1699 984 1897 1057 factus
1923 990 2031 1040 est.-

362 1071 481 1127 Hic
494 1111 513 1140 ‚
554 1069 687 1141 quia
720 1067 976 1124 consules
1010 1068 1165 1123 eiecit
1175 1104 1194 1138 ‚
1235 1082 1348 1124 γεω
1366 1073 1652 1140 postremo
1682 1069 1874 1141 factus
1895 1074 1996 1126 est.

133 1156 179 1197 ¹⁰
198 1149 619 1229 conspiratum
652 1157 746 1208 est
788 1148 848 1206 in
886 1165 1013 1206 eum
1059 1166 1093 1207 a
1136 1148 1442 1225 sexaginta
1491 1149 1768 1229 amplius,
1814 1149 1958 1211 Gaio
2012 1146 2219 1209 Cassio

193 1235 524 1313 Marcoque
548 1242 607 1293 et
638 1231 892 1292 Decimo
928 1230 1109 1292 Bruto
1146 1233 1509 1313 principibus
1559 1235 2030 1315 conspirationis.
2109 1233 2220 1310 Qui

197 1321 446 1401 primum
490 1318 777 1394 cunctati,
824 1323 1085 1375 utrumne
1130 1317 1188 1375 in
1232 1315 1454 1399 Campo
1496 1337 1606 1398 per
1651 1320 1885 1381 comitia
1930 1318 2115 1379 trihus
2149 1318 2221 1380 ad

197 1405 480 1481 suffragia
522 1410 831 1462 vocantem
873 1400 1136 1479 partibus
1180 1400 1381 1463 divisis
1418 1422 1451 1463 e
1486 1412 1669 1482 ponte
1712 1404 2013 1465 deicerent
2048 1411 2221 1482 atque

197 1497 526 1567 exceptum·
564 1484 959 1561 trucidarent,
1006 1503 1078 1545 an
1123 1486 1181 1544 in
1233 1486 1415 1549 Sacra
1456 1489 1553 1549 via
1576 1487 1674 1548 vel
1719 1490 1778 1548 in
1822 1487 1977 1549 aditu
2013 1488 2221 1549 theatri

132 1592 179 1632 ιε»
196 1573 595 1634 adorirentur:
645 1580 954 1649 postquam
994 1579 1229 1630 senatus
1267 1570 1467 1632 Idibus
1500 1572 1724 1633 Martiis
1753 1575 1813 1632 in
1845 1573 2087 1651 Pompei
2123 1589 2219 1632 cu-

194 1660 340 1719 riam
364 1657 595 1718 edictus
620 1663 742 1732 est,
787 1654 966 1714 facile
1000 1663 1228 1734 tempus
1253 1664 1314 1716 et
1346 1656 1541 1717 locum
1564 1656 1984 1734 praetulerunt.

323 1741 447 1802 Sed
486 1739 727 1803 Caesari
767 1739 958 1798 futura
1006 1738 1221 1800 caedes
1255 1740 1619 1802 evidentibus
1666 1741 1953 1821 prodigiis
1999 1740 2214 1801 denun-
2236 1743 2295 1796 81

198 1830 336 1889 tiata
381 1835 495 1887 est.
560 1823 792 1885 Paucos
849 1831 983 1884 ante
1025 1842 1294 1903 menses,
1346 1844 1478 1886 cum
1505 1828 1562 1885 in
1604 1826 1840 1887 colonia
1882 1824 2083 1906 Capua
2118 1826 2217 1887 de-

199 1912 357 1973 ducti
424 1911 564 1989 lege
625 1908 771 1969 Iulia
815 1906 1012 1968 coloni
1063 1908 1136 1969 ad
1191 1911 1544 1971 extruendas
1601 1911 1772 1972 villas
1828 1914 2219 1972 vetustissima

131 1997 518 2077 zosepulchra
566 1994 954 2071 dissicerent,
991 1993 1166 2073 idque
1206 2013 1281 2057 eo
1338 1997 1652 2058 studiosius
1699 1998 2000 2075 facerent,
2064 1997 2219 2077 quod

198 2082 552 2161 aliquantum
601 2077 974 2139 vasculorum
1033 2081 1233 2157 operis
1286 2083 1503 2161 antiqui
1562 2091 1893 2144 scrutantes
1959 2083 2217 2163 reperie-

198 2166 370 2241 bant,
417 2164 612 2226 tabula
655 2181 840 2225 aenea
882 2165 941 2222 in
974 2165 1362 2243 monimento,
1422 2169 1481 2226 in
1519 2183 1636 2246 quo
1682 2165 1984 2229 dicebatur
2019 2166 2217 2248 Capys

199 2251 474 2312 conditor
528 2247 765 2328 Capuae
810 2248 1108 2326 sepultus,
1172 2250 1407 2313 inventa
1442 2260 1568 2329 est,
1624 2253 1963 2332 conscripta
2007 2252 2216 2314 litteris

197 2335 519 2414 verbisque
562 2333 806 2394 Graecis
839 2331 952 2392 hac
993 2336 1314 2412 sententia,
1370 2334 1761 2416 Quandoque
1799 2355 1952 2399 ossa
1984 2335 2220 2417 Capyis

129 2438 181 2479 π
199 2421 445 2482 detecta
468 2424 709 2492 ‚es-sent,
753 2415 899 2494 fore
937 2424 1009 2479 ut
1043 2414 1183 2479 Iulo
1216 2428 1572 2500 proquam-e
1608 2439 1797 2489 manu
1842 2422 2214 2502 consangui-

195 2523 455 2567 neorum
482 2506 816 2565 necaretur
837 2500 1204 2583 magnisque
1244 2523 1393 2566 mom
1429 2503 1663 2567 Italiae
1702 2505 1994 2568 cladibus
2013 2506 2213 2568 vindi·

197 2595 473 2651 caretur.
550 2585 728 2648 Cuius
780 2586 900 2663 rei,
957 2604 1031 2646 ne
1073 2588 1204 2666 quIs
1248 2589 1575 2651 fabulosam
1618 2599 1715 2651 aut
1760 2593 2217 2652 commenticiam

199 2682 401 2753 putet,
456 2680 665 2732 auctor
697 2679 789 2730 est
825 2667 1137 2731 Cornelius
1187 2672 1438 2752 Balbus,
1483 2674 1959 2735 familiarissimus
2005 2673 2215 2735 Caesa-

198 2760 299 2818 ris.
367 2756 656 2818 Proximis
709 2754 914 2815 diehus
957 2773 1241 2834 equorum
1293 2776 1548 2837 greges,
1603 2776 1753 2838 quos
1796 2760 1856 2819 in
1891 2758 2215 2820 traiciendo

130 2841 507 2905 ³⁰Rubicone
557 2840 791 2900 flumine
857 2851 1235 2902 consecrarat
1303 2861 1375 2904 ac
1417 2861 1607 2922 vagos
1673 2852 1732 2905 et
1787 2845 1916 2904 sine
1971 2843 2215 2904 custode

198 2927 530 3004 dimiserat,
571 2925 859 3003 comperit
900 2926 1369 3004 pertinacissime
1427 2928 1645 3008 pabulo
1697 2930 1994 2990 abstinere
2045 2929 2213 2989 uber·

197 3015 415 3093 timque
467 3010 634 3071 flere.
720 3007 796 3069 Et
839 3008 1230 3071 immolantem
1285 3011 1583 3092 haruspex
1637 3013 1924 3093 Spurinna
1973 3016 2214 3092 monuit,

197 3104 455 3159 caveret
503 3093 882 3175 periculum,
935 3093 1108 3174 quod
1149 3114 1274 3157 non
1321 3096 1493 3158 altra
1537 3097 1814 3159 Martias
1862 3095 2020 3160 Idus
2063 3117 2211 3178 pro-

191 3180 493 3260 ferretur.
560 3177 754 3239 Pridie
789 3189 979 3241 autem
1013 3180 1249 3241 easdem
1291 3181 1428 3242 Idus
1468 3201 1637 3244 avem
1670 3183 2049 3261 regaliolum,
2090 3203 2216 3245 cum

130 3265 401 3327 sslaureo
454 3262 677 3325 ramulo
722 3262 1114 3344 Pompeianae
1163 3267 1358 3328 curiae
1405 3285 1471 3327 se
1515 3267 1893 3346 inferentem,
1938 3268 2214 3329 volucres

194 3351 342 3411 varii
391 3348 630 3426 generis
682 3366 758 3407 ex
816 3350 1085 3428 proximo
1143 3368 1386 3411 nemore
1438 3361 1791 3431 persecutae
1837 3353 2048 3415 ibidem
2101 3353 2213 3412 dis-

199 3441 568 3513 cerpserunt.
610 3430 697 3492 Ea
728 3451 874 3493 vero
917 3441 1123 3512 nocte,
1172 3438 1265 3496 cui
1301 3435 1508 3496 inluxit
1547 3436 1673 3497 dies
1713 3437 1943 3514 caediS,
1991 3445 2053 3495 et
2083 3438 2214 3513 ipse

196 3518 311 3579 sibi
356 3520 517 3578 visus
558 3525 650 3576 est
713 3535 820 3595 per
867 3519 1116 3596 quietem
1164 3519 1450 3580 interdum
1492 3538 1665 3600 supra
1711 3522 1898 3580 nubes
1943 3519 2214 3592 volitare,

301 3621 618 3664 suxronrus.
1760 3605 1799 3663 3
