2553 3960
228 784 298 837 20

246 2801 310 2854 21

309 190 428 253 208
477 202 537 251 o.
565 201 864 250 smerom
890 201 1149 261 ammo.
1185 201 1278 247 DE
1304 202 1471 248 vrrA
1499 201 1869 249 CAESARUM
1892 203 2175 249 LIB.V11.

312 361 609 420 auctore?
648 357 1045 436 responderit;
1089 365 1261 437 atque
1296 358 1352 416 in
1390 356 1575 416 forum
1610 374 1794 436 usque
1841 359 2157 436 processit.
2216 357 2305 418 Ibi

312 445 555 522 equiteS,
588 442 794 521 quibus
823 441 1086 502 mandata
1110 440 1324 500 caedes
1341 451 1482 518 erat,
1502 459 1629 500 cum
1650 459 1758 520 per
1776 441 2068 520 publicum
2092 441 2305 502 dimota

312 545 668 607 paganorum
695 524 857 586 turba
890 543 1074 605 equos
1099 525 1458 602 adegissent,
1481 526 1610 584 viso
1637 525 1844 604 procul
1871 542 1966 602 eo,
1994 542 2305 604 parumper

312 613 670 681 restiterunt;
711 610 842 670 dein
875 628 1098 669 rursum
1131 609 1347 683 incitati
1390 607 1680 668 desertum
1716 627 1749 669 a
1785 610 1903 668 suis
1943 609 2300 670 contrucida-

314 704 460 755 runt.
2335 706 2361 746 ι

440 779 584 838 Sunt
607 780 702 857 qui
733 778 976 854 tradant,
1008 776 1079 837 ad
1110 778 1352 857 primum
1377 775 1670 837 tumultum
1715 774 2110 855 proclamasse
2146 794 2302 836 cum:

317 861 483 938 Quid
522 863 711 943 cyitis
752 860 1235 923 commilitones?
1276 879 1387 940 eqo
1430 867 1635 921 vester
1675 876 1841 935 sum,
1903 867 1962 919 et
1998 877 2113 920 vos
2156 859 2309 920 mei!

316 948 642 1009 donativum
667 948 835 1006 etiam
862 940 1201 1025 pollicitum.
1275 944 1478 1004 Plures
1502 954 1690 1004 autem
1714 944 2109 1023 prodiderunt,
2142 953 2306 1023 optu-
2382 954 2397 967 ·

315 1032 457 1092 lisse
482 1030 631 1091 ultro
655 1030 906 1108 iugulum
932 1039 989 1088 et
1012 1035 1078 1089 ut
1097 1029 1214 1089 hoc
1238 1036 1511 1107 ayerent,
1540 1046 1619 1089 ac
1635 1028 1917 1107 ferirent,
1946 1027 2195 1108 quando
2218 1028 2309 1087 ita

315 1114 660 1191 videretur,
702 1112 1005 1174 hortatum.
1069 1111 1216 1172 Illud
1267 1114 1465 1172 mirum
1510 1112 1811 1181 admodum
1855 1113 2058 1189 fuerit,
2117 1129 2306 1191 neque
2331 1125 2383 1166 ιυ

320 1198 708 1279 praesentium
754 1214 1094 1276 quemquam
1149 1213 1323 1273 opem
1356 1196 1688 1274 imperatori
1738 1195 1895 1256 ferre
1943 1205 2207 1256 conatum
2251 1205 2309 1255 et

319 1300 520 1343 omnes
547 1282 644 1359 qui
669 1281 1089 1340 arcessirentur
1119 1280 1419 1357 sprevisse
1444 1281 1714 1357 nuntium,
1746 1289 1997 1359 except-a
2017 1280 2308 1342 Germani-

322 1366 614 1426 cianorum
635 1364 1034 1425 vexillatione.
1093 1363 1138 1424 Ii
1164 1361 1238 1422 ob
1268 1382 1481 1424 recens
1506 1365 1768 1424 meritum
1802 1364 1961 1444 quod
1988 1383 2054 1425 se
2088 1372 2311 1441 aegros

321 1460 380 1511 et
413 1448 700 1509 invalidos
735 1465 1094 1526 magnopere
1136 1448 1419 1526 fovisset,
1479 1450 1535 1507 in
1572 1448 1839 1508 auxilium
1873 1448 2311 1525 advolaverunt,

321 1532 424 1595 sed
448 1535 653 1610 serius,
680 1533 885 1593 itinere
912 1532 1083 1592 devio
1110 1549 1215 1611 per
1230 1532 1610 1610 ignorantiam
1636 1532 1899 1594 locorum
1922 1531 2213 1593 retardati.
2332 1550 2382 1591 15

447 1616 743 1695 Iugulatus
768 1625 859 1676 est
882 1616 953 1677 ad
975 1616 1162 1676 lacum
1188 1614 1348 1676 Curti
1373 1634 1443 1677 ac
1465 1616 1704 1677 relictus
1726 1618 1803 1677 ita
1825 1620 1903 1677 uti
1929 1624 2052 1677 erat
2067 1663 2084 1693 ,
2122 1614 2311 1676 donec

322 1702 630 1781 gregarius
653 1700 818 1760 miles
841 1718 873 1760 a
897 1701 1339 1761 frumentatione
1379 1701 1611 1761 rediens
1645 1700 1876 1761 abiecto
1916 1718 2096 1760 onere
2139 1707 2314 1777 caput

324 1787 379 1846 ei
405 1786 745 1864 amputavit;
773 1792 832 1844 et
854 1786 1121 1863 quoniam
1147 1784 1362 1863 capillo
1389 1786 1648 1863 arripere
1676 1803 1790 1845 non
1817 1793 2066 1865 poterat,
2099 1785 2153 1843 in
2178 1801 2310 1861 gre·

322 1870 492 1929 mium
514 1868 760 1945 addidit,
785 1884 923 1928 mox
945 1869 1163 1929 inserto
1188 1886 1297 1947 per
1323 1887 1391 1929 os
1417 1868 1636 1948 pollice
1675 1869 1746 1929 ad
1769 1868 2054 1929 Othonem
2089 1866 2311 1928 detulit.

323 1953 431 2014 Ille
453 1952 589 2014 lixis
613 1950 1027 2032 calonibusque
1052 1953 1305 2032 donavit,
1331 1955 1425 2033 qui
1456 1952 1618 2015 hasta
1643 1954 1908 2015 suffixum
1933 1970 2048 2014 non
2074 1953 2196 2013 sine
2227 1950 2310 2011 lu·
2331 1971 2387 2012 20

326 2037 511 2099 dibrio
537 2039 752 2097 circum
777 2046 966 2096 castra
991 2047 1310 2115 portarunt,
1333 2038 1723 2099 adclamantes
1747 2038 2081 2098 identidem:
2109 2034 2316 2098 Galba

327 2119 592 2199 Cupido,
623 2118 869 2198 fruaris
898 2125 1102 2180 aetate
1129 2123 1278 2181 tua!
1332 2123 1575 2182 maxime
1612 2123 1812 2183 irritati
1848 2123 1920 2183 ad
1948 2123 2119 2182 talem
2150 2122 2313 2180 ioco-

324 2223 448 2265 rum
472 2204 862 2283 petulantiam,
889 2203 1044 2283 quod
1068 2214 1200 2264 ante
1225 2220 1449 2284 paucos
1473 2206 1596 2266 dies
1621 2209 1845 2267 exierat
1867 2208 1923 2266 in
1942 2203 2169 2285 vulgus,
2195 2205 2314 2265 lau-

327 2288 479 2349 danti
516 2287 735 2347 cuidam
758 2288 997 2348 formam
1029 2307 1186 2347 suam
1212 2299 1272 2349 ut
1309 2289 1494 2350 adhuc
1529 2290 1787 2351 floridam
1823 2300 1882 2351 et
1906 2300 2177 2368 vegetam
2219 2307 2314 2348 re—

327 2370 639 2450 spondisse
665 2390 793 2431 eum
810 2393 823 2431 :
840 2362 983 2452 *En
1003 2366 1117 2451 μοὶ
1134 2367 1331 2452 μένος
1355 2365 1644 2453 ἔμπεδόν
1666 2370 1864 2435 ἐστιν.
1923 2374 2017 2434 Ab
2041 2375 2090 2433 is
2115 2375 2313 2435 Patro·
2333 2393 2389 2433 25

326 2455 407 2515 bii
432 2454 749 2516 Neroniani
771 2455 1012 2516 libertus
1038 2466 1263 2517 centum
1288 2460 1479 2517 aureis
1501 2458 1856 2538 redemptum
1896 2477 1968 2519 eo
1996 2458 2131 2519 loco
2151 2504 2168 2534 ,
2216 2456 2314 2516 ubi

328 2541 487 2600 iussu
513 2539 731 2600 Galbae
756 2539 1210 2600 animadversum
1234 2543 1291 2600 in
1317 2552 1615 2621 patronum
1641 2561 1800 2603 suum
1829 2543 2047 2620 fuerat,
2081 2541 2314 2603 abiecit.

331 2624 478 2684 Sero
502 2624 728 2684 tandem
752 2624 1119 2703 dispensator
1143 2625 1399 2703 Argivus
1426 2635 1483 2685 et
1506 2625 1620 2686 hoc
1659 2636 1717 2687 et
1757 2635 2011 2686 ceterum
2056 2636 2317 2686 truncum

330 2709 389 2768 in
418 2709 658 2786 privatis
684 2709 809 2768 eius
832 2707 1015 2768 hortis
1036 2708 1276 2769 Aurelia
1298 2710 1389 2770 via
1413 2707 1747 2787 sepulturae
1771 2709 1946 2775 dedit.

457 2793 683 2852 Statura
728 2791 833 2851 fuit
874 2793 1020 2852 iusta
1039 2837 1057 2869 ,
1104 2793 1295 2871 capite
1346 2794 1663 2872 praecalvo
1682 2840 1700 2872 ,
1768 2793 1951 2854 oculis
2009 2791 2318 2871 caeruleis,
2337 2813 2391 2854 so

332 2874 552 2936 adunco
577 2892 749 2952 naso,
783 2875 1041 2936 manibus
1074 2875 1434 2956 pedibusque
1474 2878 1761 2938 articulari
1795 2877 2000 2937 morbo
2036 2877 2317 2937 distortis-

330 2960 504 3038 simis,
528 2969 588 3020 ut
612 2978 803 3039 neque
829 2958 1087 3019 calceum
1115 2963 1347 3040 perpeti
1377 2980 1488 3021 nec
1522 2961 1758 3021 libellos
1791 2961 2073 3021 evolvere
2107 2969 2203 3021 aut
2233 2969 2315 3020 te-

330 3061 469 3102 nere
494 3045 725 3105 omnino
758 3042 1001 3103 valeret.
1075 3043 1439 3105 Excreverat
1475 3046 1642 3106 etiam
1673 3046 1727 3104 in
1765 3045 2099 3106 dexteriore
2134 3044 2320 3105 latere

333 3126 456 3184 eius
477 3145 634 3205 caro,
667 3126 1222 3208 praependebatque
1256 3128 1403 3189 adeo
1438 3140 1499 3189 ut
1531 3146 1711 3207 aegre
1742 3129 1926 3189 fascia
1959 3129 2316 3204 substringe-

247 3212 316 3264 22
333 3216 506 3267 retur.
558 3210 685 3270 Cibi
707 3212 934 3290 plurimi
956 3211 1213 3290 traditur,
1249 3230 1420 3291 quem
1442 3221 1707 3292 tempore
1729 3211 1973 3273 hiberno
1993 3214 2162 3274 etiam
2183 3219 2317 3272 ante
2338 3231 2392 3274 aa

332 3291 520 3351 lucem
557 3310 772 3371 capere
800 3304 1141 3374 consuerat,
1176 3298 1325 3356 inter
1362 3314 1597 3357 caenam
1626 3315 1771 3357 vero
1811 3307 1994 3376 usque
2030 3313 2103 3357 eo
2142 3295 2318 3356 abun-

333 3373 539 3449 dantiS,
562 3383 623 3433 ut
656 3389 971 3455 congestas
995 3398 1175 3459 super
1193 3399 1393 3442 manus
1416 3380 1690 3460 reliquias
1715 3377 2319 3441 circumferri'iuberet

336 3457 651 3534 spargique
676 3457 747 3517 ad
768 3461 952 3537 pedes
975 3464 1273 3527 stantibus,
1333 3465 1608 3526 Libidinis
1632 3467 1688 3524 in
1717 3483 1908 3526 mares
1945 3465 2216 3543 pronior,
2259 3472 2321 3523 et
