2553 3960
304 210 387 269 24
475 178 536 268 c.
568 218 870 268 smc'rom
906 217 1164 278 TRANQ.
1196 218 1293 265 DE
1322 218 1489 264 vrrA
1520 216 1890 266 CAESARUM
1920 218 2058 263 Lm.
2088 217 2138 264 1.

305 376 589 435 rationem
634 374 863 435 dicendi
906 383 1145 450 tenere,
1193 381 1252 432 et
1295 373 1364 433 ad
1397 367 1732 433 Cornelium
1761 371 2053 450 Nepotem
2092 372 2168 433 de
2206 390 2310 434 eo—

308 458 438 518 dem
477 459 557 519 ita
590 460 856 537 scripsit:
915 456 1080 531 Quid
1089 459 1121 517 ἰ)
1174 463 1495 519 oratorum
1543 474 1719 535 quem
1772 455 1915 516 ltuic
1972 462 2315 535 antepones

308 560 550 618 eorum,
612 542 716 621 qui
736 541 893 602 nihil
918 541 1096 603 aliud
1122 544 1418 620 eqerunt?
1477 541 1616 619 quis
1644 539 1960 601 sententiis
2000 547 2114 600 aut
2158 557 2309 601 acu-

309 628 432 688 tior
467 632 579 686 aut
615 623 941 687 crebrior?
998 626 1137 705 quis
1175 622 1386 685 verbis
1424 630 1534 685 aut
1578 624 1865 685 ornatior
1905 630 2013 683 aut
2059 624 2308 703 eleyan-

309 712 477 771 tior?
529 707 721 770 Genus
762 710 1129 788 eloquentiae
1178 708 1310 768 dum
1353 718 1510 769 taxat
1544 708 1888 769 adulescens
1931 706 2116 768 adhuc
2150 708 2354 769 Stra-⁵

307 795 477 854 bonis
535 791 805 854 Caesaris
870 801 1105 854 secutus
1140 792 1394 869 videtur,
1455 794 1616 853 cuius
1663 796 1834 853 etiam
1888 808 1965 851 ex
2020 793 2310 869 oratione,

309 896 456 957 quae
493 875 826 950 inscribitur
853 896 972 956 pro
998 876 1258 953 Sardis,
1318 877 1388 936 ad
1433 877 1672 937 verbum
1713 875 1984 936 nonnulla
2023 876 2313 936 transtulit

308 965 365 1021 in
402 961 812 1021 divinationem
841 979 1017 1021 suam.
1063 961 1473 1021 Pronuntiasse
1498 970 1685 1021 autem
1715 960 1922 1021 dicitur
1944 977 2098 1020 voce
2119 968 2309 1036 acuta,

309 1045 533 1105 ardenti
577 1054 734 1105 motu
775 1055 1096 1124 gestuque,
1139 1062 1253 1105 non
1298 1047 1422 1104 sine
1464 1053 1790 1104 venustate.
1862 1041 2167 1103 Orationes
2207 1044 2308 1104 ali—

309 1147 449 1207 quas
492 1128 758 1206 reliquit,
813 1131 964 1188 inter
1016 1147 1159 1208 quas
1215 1138 1436 1188 temere
1491 1128 1771 1207 quaedam
1829 1128 2107 1187 feruntur.
2182 1126 2309 1188 Pro
2331 1142 2382 1187 w

311 1211 536 1286 Quinto
579 1210 823 1272 Metello
861 1229 978 1271 non
1023 1214 1306 1286 immerito
1348 1212 1647 1289 Augustus
1689 1214 1979 1272 existimat
2017 1215 2204 1289 magis
2237 1211 2310 1272 ab

309 1297 563 1356 actuaris
593 1304 900 1374 exceptam
927 1295 1077 1355 male
1112 1295 1598 1375 subsequentibus
1622 1295 1804 1365 verba
1840 1296 2107 1372 dicentis,
2141 1312 2312 1374 quam

309 1380 380 1440 ab
413 1380 544 1458 ipso
575 1378 811 1447 editam:
859 1396 987 1439 nam
1031 1382 1087 1438 in
1117 1380 1454 1459 quibusdam
1501 1379 1930 1460 exemplaribus
1960 1382 2190 1438 invenio
2235 1397 2313 1438 ne

308 1465 644 1542 inscriptam
673 1462 903 1542 quidem
926 1480 1048 1541 pro
1079 1462 1356 1540 Metello,
1412 1464 1518 1525 sed
1547 1482 1731 1545 quam
1759 1464 2014 1542 scripsit
2041 1461 2309 1539 Metella,

312 1565 439 1607 cum
496 1566 572 1606 ex
622 1565 877 1627 persona
934 1545 1205 1608 Caesaris
1262 1566 1456 1608 sermo
1513 1551 1587 1609 sit
1636 1547 1933 1610 Metellum
1986 1565 2170 1625 seque
2212 1547 2383 1608 ad-1s

307 1649 514 1690 versus
577 1634 955 1692 communium
1015 1632 1473 1692 obtrectatorum
1519 1635 1944 1693 criminationes
1986 1634 2310 1711 purgantis.

308 1712 498 1792 Apud
524 1716 751 1776 milites
782 1733 1012 1795 quoque
1045 1717 1112 1776 in
1138 1715 1455 1795 Hispania
1484 1716 1636 1776 idem
1667 1716 1964 1794 Augustus
1995 1717 2095 1775 vix
2124 1717 2312 1795 ipsius

309 1805 499 1877 putat,
547 1817 692 1877 quae
735 1808 925 1859 tamen
972 1799 1443 1879 duplex.fertur:
1499 1817 1609 1861 una
1658 1802 1819 1880 quasi
1872 1802 2070 1879 priore
2116 1798 2313 1860 habita

307 1882 574 1960 proelio,
626 1883 809 1944 altera
864 1886 1235 1962 posteriore,
1285 1902 1399 1963 quo
1451 1884 1686 1945 Asinius
1729 1883 1920 1945 Pollio
1966 1902 2040 1943 ne
2082 1892 2314 1963 tempus

310 1965 540 2043 quidem
592 1966 960 2028 contionandi
1003 1967 1276 2029 habuisse
1322 1988 1452 2028 eum
1510 1967 1650 2029 dicit
1707 1968 1893 2028 subita
1932 1967 2184 2029 hostium
2225 1970 2382 2029 in-2o

223 2059 294 2114 56
315 2051 605 2110 cursione.
676 2051 935 2130 Reliquit
989 2062 1047 2112 et
1085 2072 1279 2113 rerum
1328 2071 1556 2114 suarum
1609 2054 2054 2115 commentarios
2102 2052 2312 2114 Gallici

311 2133 613 2213 civilisque
656 2134 798 2194 belli
844 2136 1199 2216 Pompeiani.
1270 2137 1417 2198 Nam
1458 2137 1837 2198 Alexandrini
1896 2136 2198 2216 Africique
2252 2146 2315 2198 et

304 2211 703 2297 Hispaniensis
745 2222 1002 2280 incertus
1045 2231 1252 2283 auctor
1301 2231 1421 2282 est:
1484 2223 1580 2282 alii
1629 2221 1878 2302 Oppium
1932 2230 2164 2301 putant,
2212 2220 2311 2281 alii

305 2300 545 2362 Hirtium
591 2305 686 2381 qui
730 2306 902 2363 etiam
941 2304 1149 2366 Gallici
1194 2305 1333 2365 belli
1375 2309 1747 2367 novissimum
1791 2305 2311 2385 imperfectumque

306 2384 511 2445 librum
569 2387 950 2466 suppleverit.
1030 2387 1119 2448 De
1168 2393 1593 2450 commentariis
1649 2388 1918 2452 Caesaris
1979 2387 2192 2450 Cicero
2250 2391 2309 2449 in
2326 2403 2377 2446 2⁵

307 2468 517 2529 eodem
547 2469 725 2531 Bruto
767 2473 854 2531 sic
883 2472 1098 2534 refert:
1146 2471 1635 2536 Commentarios
1661 2474 1920 2553 scripsit
1951 2473 2139 2533 valde
2174 2474 2307 2552 qui·

308 2553 443 2613 dem
477 2553 881 2632 probandos:
939 2555 1094 2616 nudi
1148 2563 1323 2634 sunt,
1383 2559 1541 2619 recti
1576 2565 1637 2620 et
1673 2558 1946 2634 venusti,
1999 2557 2165 2619 omni
2205 2575 2307 2618 or-

303 2643 458 2698 natu
496 2639 803 2700 orationis
841 2646 1152 2719 tamquam
1189 2648 1359 2703 veste
1399 2641 1685 2704 detracta
1698 2669 1725 2714 ,·
1779 2643 1896 2703 sed
1933 2641 2077 2702 dum
2117 2640 2315 2703 voluit

307 2721 472 2782 alios
496 2721 729 2783 habere
761 2730 1034 2802 parata,
1092 2724 1258 2786 unde
1283 2734 1592 2788 sumerent
1627 2728 1734 2806 qui
1770 2728 1996 2789 vellent
2030 2725 2314 2788 scribere

303 2805 661 2881 historiam,
729 2807 956 2886 ineptis
987 2815 1236 2888 yratum
1284 2809 1566 2888 fortasse
1619 2811 1771 2889 fecit
1809 2810 1917 2891 qui
1951 2810 2064 2870 illa
2105 2810 2313 2871 volent
2326 2833 2375 2875 so

305 2889 686 2950 calamistris
723 2890 1006 2969 inurere,
1051 2910 1247 2954 sanos
1286 2894 1530 2975 quidem
1580 2895 1853 2956 homines
1896 2911 1937 2953 a
1977 2893 2310 2956 scribendo

305 2972 618 3035 deterruit.
707 2974 797 3035 De
851 2975 1034 3035 isdem
1095 2981 1520 3039 commentariis
1575 2979 1791 3039 Hirtius
1847 2981 1925 3040 ita
1977 2978 2309 3058 praedicat:

260 3134 275 3141 ”
303 3053 476 3119 Adeo
501 3056 852 3135 probantur
878 3062 1144 3122 omnium
1171 3062 1435 3139 iudicio,
1472 3070 1543 3124 ut
1562 3071 1928 3142 praerepta,
1967 3081 2094 3123 non
2116 3080 2305 3140 prae-

305 3137 435 3199 bita
481 3139 762 3218 facultas
832 3144 1250 3223 scriptoribus
1298 3146 1605 3208 videatur.
1692 3147 1887 3209 Cuius
1956 3153 2159 3207 tamen
2215 3147 2313 3206 rei

300 3223 507 3285 maior
532 3232 754 3287 nostra
775 3245 960 3308 quam
981 3230 1360 3309 reliquorum
1390 3239 1483 3292 est
1510 3232 1876 3304 admirati0;
1911 3232 2102 3292 ceteri
2126 3230 2304 3307 enim,
2323 3255 2372 3297 ss

303 3325 487 3386 quam
512 3306 665 3368 bene
690 3317 874 3390 atque
910 3313 1256 3389 emendate,
1314 3333 1432 3376 nos
1474 3317 1687 3395 etiam,
1748 3334 1933 3398 quam
1968 3314 2167 3393 facile
2211 3321 2305 3375 at-

302 3408 423 3468 que
470 3391 751 3452 celeriter
811 3412 920 3455 eos
968 3399 1444 3477 perscripserit,
1498 3401 1749 3462 scimus.
1819 3400 2009 3461 Pollio
2071 3399 2306 3459 Asinius

301 3491 503 3550 parum
534 3473 846 3551 diligenter
882 3497 1197 3562 parumque
1247 3485 1477 3561 integra
1516 3487 1765 3546 veritate
1808 3484 2169 3563 compositos
2203 3500 2301 3562 pu-
