2553 3960
506 213 1062 264 DEPERm‘ronnu
1104 210 1469 258 mmmmm
1514 207 1915 269 RELIQUIAE.
2089 190 2212 256 289

214 374 493 426 oratoribus
519 379 568 421 et
594 371 659 420 de
696 369 881 435 poetis.
938 366 1001 417 Et
1039 367 1115 417 de
1147 366 1343 417 Orato
1360 365 1539 415 ribus
1573 364 1777 427 quidem
1803 362 2139 427 Hieronymus
2163 364 2216 413 in

214 443 457 494 Chronico
474 478 489 502 ,
513 440 708 490 adiecta
731 439 941 504 insuper
971 436 1080 486 suis
1105 433 1572 485 ratiocinationibus
1598 446 1844 482 annorum
1868 432 1930 481 ab
1951 432 2076 481 urbe
2095 445 2218 481 con·

216 513 318 562 dita
345 510 598 560 notatione
616 545 629 571 ,
658 506 974 557 conservavit
999 504 1218 554 frustula
1248 502 1400 552 haec:

336 596 413 657 M.
459 594 677 655 Tullius
719 589 931 653 Cicero
972 591 1177 670 Arpini
1231 590 1487 649 nascitur
1527 595 1711 647 matre
1750 587 1992 665 Helvia,
2053 596 2220 667 patre

169 700 193 739 5
217 679 503 759 equestris
534 677 752 738 ordinis
785 682 859 735 ex
887 676 1055 752 regio
1095 674 1448 735 Volscorum
1472 688 1728 750 genere;
1778 670 1882 732 Cn.
1906 671 2219 751 Pompeius

215 765 459 841 Magnus
497 764 679 821 oritur
716 776 775 820 a.
811 767 932 821 648
963 803 976 817 .
1013 803 1028 817 .
1061 801 1075 817 .
1108 758 1410 819 Vicesimo
1455 764 1624 816 sexto
1657 758 1865 817 aetatis
1898 774 2041 816 suae
2069 772 2218 815 auno

219 848 425 909 Cicero
459 846 745 922 Quintium
777 842 1035 904 defendit
1065 861 1125 903 a.
1164 850 1281 903 673
1311 886 1326 901 .
1355 886 1368 899 .
1406 885 1420 899 .
1454 841 1675 901 Roscio
1713 849 1913 901 contra
1962 839 2219 915 Chryso-

217 949 430 1010 gonum
474 929 717 990 defenso
763 927 976 987 Cicero
1006 927 1270 987 Athenas
1313 924 1567 1003 secedit,
1611 924 1823 985 deinde
1867 934 2003 1005 post
2045 926 2220 983 trien-

217 1019 367 1076 nium
396 1015 637 1075 Romam
676 1010 1006 1090 regreditur
1046 1028 1107 1071 a.
1138 1019 1258 1072 674
1291 1055 1304 1069 .
1339 1054 1354 1068 .
1391 1054 1406 1068 .
1441 1009 1655 1070 Cicero
1697 1010 1756 1069 in
1796 1010 1977 1071 exilio
2015 1025 2222 1070 annum

152 1116 201 1156 10
218 1101 354 1159 facit
383 1098 708 1158 honorifice
745 1104 1053 1174 susceptus
1084 1113 1116 1155 a
1147 1093 1387 1155 Plancio
1420 1112 1480 1154 a.
1517 1101 1713 1155 693-—
1729 1102 1842 1155 697
1877 1138 1892 1153 .
1919 1137 1934 1154 .
1959 1138 1974 1153 .
2008 1091 2222 1155 Cicero

217 1186 274 1243 in
316 1182 626 1243 Formiano
673 1198 778 1241 suo
826 1179 897 1240 ab
938 1179 1234 1240 Herennio
1282 1187 1338 1237 et
1394 1178 1625 1257 Popilio
1688 1176 1975 1239 occiditur
2016 1176 2223 1238 LXIV.

219 1268 421 1327 aetatis
451 1284 592 1325 suae
629 1282 811 1334 anno;
860 1262 1165 1324 Ciceronis
1210 1272 1386 1342 caput
1428 1280 1557 1322 cum
1607 1281 1774 1323 manu
1822 1264 2066 1323 dextera
2111 1278 2221 1342 pro

219 1350 426 1410 rostris
458 1350 736 1428 positum,
768 1349 1043 1426 iuxtaque
1074 1356 1352 1407 coronata
1384 1349 1577 1424 imago
1602 1347 1816 1427 Popilii
1847 1348 2079 1422 militie,
2126 1345 2223 1425 qui

223 1451 349 1493 eum
380 1433 676 1492 occiderat
708 1448 768 1491 a.
810 1440 917 1491 711
949 1474 963 1490 .
992 1476 1007 1491 .
1039 1475 1054 1489 .
1087 1430 1164 1491 Μ.
1199 1430 1422 1491 Tullius
1446 1429 1583 1490 Tiro
1617 1429 1923 1492 Ciceronis
1958 1430 2224 1506 libertus,

154 1534 203 1578 ¹5
224 1518 317 1597 qui
351 1518 567 1596 primus
596 1523 765 1575 notas
802 1522 1217 1575 commentatus
1249 1522 1370 1590 est,
1398 1516 1457 1573 in
1487 1514 1806 1575 Puteolano
1842 1513 2085 1592 praedio
2116 1528 2224 1572 suo

220 1609 403 1679 usqne
433 1600 505 1660 ad
537 1599 910 1660 'centesimum
943 1615 1150 1658 annum
1185 1599 1559 1659 consenescit
1588 1615 1648 1659 a.
1682 1606 1814 1659 749.
1849 1607 1983 1660 750.

344 1701 420 1762 M.
456 1697 733 1761 Callidius
766 1707 964 1759 orator
995 1699 1186 1759 clarus
1215 1698 1492 1768 habetur;
1526 1699 1621 1777 qui
1646 1697 1805 1759 bello
1832 1707 2039 1777 postea
2068 1698 2225 1759 civili

224 1783 600 1845 Caesarianas
642 1792 838 1861 partes
870 1792 1137 1861 secutus,
1187 1801 1316 1843 cum
1355 1782 1638 1859 Togatam
1683 1782 1924 1844 Galliam
1967 1790 2224 1860 regeret,

222 1869 553 1929 Placentiae
587 1865 731 1927 obiit
770 1884 829 1927 a.
880 1874 993 1928 697
1022 1913 1037 1928 .
1070 1912 1083 1925 .
1122 1912 1135 1926 .
1172 1866 1575 1946 Apollodorus
1617 1867 2010 1945 Pergamenus
2049 1866 2223 1928 Grae-

151 1969 204 2011 πο
227 1971 326 2014 cus
360 1952 586 2028 orator,
646 1960 1002 2032 praeceptor
1044 1947 1272 2012 Callidii
1316 1960 1377 2012 et
1418 1949 1701 2031 Augusti,
1753 1952 1945 2013 clarus
1982 1949 2226 2012 habetur

224 2055 283 2099 a.
320 2044 449 2100 690.
492 2043 619 2098 691.

344 2137 627 2198 Munatius
673 2135 951 2215 Plancus,
1001 2134 1306 2198 Ciceronis
1357 2136 1710 2215 discipulus,
1744 2146 1943 2198 orator
1982 2135 2225 2198 habetur

219 2221 497 2299 insignis;
537 2223 630 2299 qui
666 2240 791 2281 eum
823 2221 1064 2282 Galliam
1094 2231 1335 2299 regeret
1369 2221 1693 2300 Comatam,
1722 2221 2055 2300 Lugdunum
2089 2238 2224 2282 con-

224 2305 366 2364 didit
395 2320 454 2363 a.
484 2312 519 2364 7
524 2311 612 2364 29.
646 2313 776 2365 730.

152 2409 207 2449 2⁵
355 2385 528 2447 Curio
582 2396 883 2466 promptus
936 2398 994 2448 et
1036 2389 1338 2466 popularis
1382 2399 1579 2451 orator
1606 2389 1827 2451 Romae
1871 2388 2116 2451 habetur
2143 2389 2225 2449 iu-

226 2471 439 2549 signis,
476 2472 571 2549 qui
613 2470 894 2549 deinceps
937 2473 994 2530 in
1024 2471 1225 2533 Africa
1260 2474 1484 2552 pudore
1513 2475 1708 2533 amissi
1757 2475 2049 2535 exercitus
2080 2473 2226 2533 mori

221 2555 420 2616 maluit
443 2572 611 2633 quam
641 2553 837 2614 redire
871 2571 931 2614 α.
967 2562 1096 2615 701.
1141 2563 1273 2616 702.

352 2637 549 2698 Furnii
607 2647 774 2716 pater
825 2649 884 2699 et
936 2638 1084 2699 filius
1127 2639 1266 2699 clari
1313 2651 1580 2702 oratores
1618 2641 1935 2719 habentur,
1983 2658 2226 2720 quorum

223 2723 376 2783 filius
409 2721 730 2782 consularis
763 2732 899 2783 ante
928 2731 1151 2802 patrem
1180 2726 1423 2785 moritur
1453 2744 1514 2787 a.
1554 2734 1681 2787 717.
1723 2733 1853 2787 718.

147 2834 202 2876 30
349 2804 675 2884 Atratinus,
711 2809 808 2885 qni
840 2807 1256 2887 septemdecim
1288 2827 1471 2871 annos
1503 2819 1668 2871 natus
1700 2808 1958 2870 Caelium
1988 2827 2225 2871 accusa-

221 2898 423 2966 verat,
473 2889 662 2949 clarus
710 2892 861 2951 inter
910 2900 1176 2952 oratores
1207 2893 1479 2964 hahetur;
1534 2894 1604 2956 ad
1650 2903 1968 2956 extremum
1994 2893 2224 2954 morbo·

218 2991 346 3034 rum
375 2972 572 3035 taedio
602 2975 660 3034 in
689 2973 902 3036 balneo
932 2976 1230 3038 voluntate
1275 2981 1632 3040 exanimatus
1675 2978 1953 3040 heredem
1991 2979 2227 3059 reliquit

217 3057 547 3136 Augustum
575 3076 635 3119 a.
672 3067 802 3120 733.
866 3068 999 3122 734.

343 3141 578 3202 Asinius
629 3141 817 3205 Pollio
869 3154 1069 3205 orator
1121 3155 1177 3206 et
1235 3148 1590 3225 consularis,
1649 3148 1746 3228 qui
1814 3147 1887 3208 de
1946 3147 2226 3208 Dalmatis

141 3253 197 3295 35
217 3227 693 3304 triumphaverat,
706 3228 763 3287 in
789 3228 926 3289 villa
941 3228 1268 3291 Tusculana
1285 3249 1436 3294 anno
1464 3233 1830 3310 octogesimo
1854 3231 2061 3293 aetatis
2084 3248 2225 3291 suae

215 3311 457 3369 moritur
487 3328 546 3372 a.
585 3320 717 3373 757.
752 3321 890 3374 758.

346 3392 600 3456 Messala
645 3393 933 3457 Corvinus
967 3407 1166 3460 orator
1211 3398 1467 3460 nascitur
1504 3407 1560 3459 et
1592 3398 1660 3460 Τ.
1692 3399 1886 3460 Livius
1916 3398 2223 3460 Pataviuus

209 3477 475 3555 scriptor
502 3478 813 3541 historicus
858 3498 917 3542 a.
947 3488 1311 3545 695—697.
1345 3527 1358 3541 .
1393 3526 1408 3542 .
1443 3529 1455 3543 .
1489 3483 1743 3545 Messala
1777 3480 2062 3544 Corvinus
2107 3480 2222 3559 pri·

322 3579 628 3623 sum-omns.
1839 3565 1916 3624 19
