2553 3960
375 175 498 239 320
588 187 647 235 ο.
689 187 1017 236 sumoNn
1053 186 1309 248 TRANQ.
1340 187 1640 233 nepem).
1668 184 2386 247 LIBROR.REL1QU1AE.
2528 161 2535 194 ³

375 342 547 402 trahit
575 351 836 421 tempus,
879 342 1035 403 iners
1068 342 1194 403 sine
1241 351 1366 404 arte
1399 352 1457 403 et
1497 341 1711 402 nullius
1742 342 1920 404 officii
1952 360 2164 423 capax,
2210 345 2387 422 piger

376 442 484 506 per
514 427 701 486 omnia
734 444 915 505 aegro
947 427 1163 506 similis,
1187 428 1389 505 segnis
1419 436 1675 487 semotus
1706 445 1737 488 a
1771 427 1968 488 calore
1994 426 2295 507 [sciendi]

497 510 654 570 Tuor
688 520 745 570 et
773 513 966 591 tueor]
992 520 1124 572 tuor
1152 511 1347 589 video,
1372 520 1541 571 tueor
1570 511 1855 572 custodio.

500 596 753 675 Turpem
783 605 842 656 et
874 595 1220 675 deformem]
1256 598 1440 674 turpis
1477 597 1627 674 vita,
1666 595 1943 656 deformis
1976 597 2184 675 specie
2216 597 2379 657 intel·

297 725 302 728 -
373 682 606 759 legitur.
2400 703 2421 742 ε

496 764 721 825 vadem
753 781 824 825 ac
864 778 1208 842 sponsorem
1253 773 1313 824 et
1344 763 1646 845 praedem]
1682 782 1786 824 vas
1830 765 1927 844 qui
1962 765 2150 843 ipsum
2182 784 2252 825 se
2288 775 2382 827 aut

375 849 524 911 aliud
561 846 863 928 quodlibet
897 864 1003 927 pro
1037 848 1153 909 alio
1186 848 1389 927 tradit,
1440 865 1695 928 sponsor
1726 850 1820 927 qui
1853 848 2024 909 alium
2056 851 2381 928 sponsione

374 952 474 995 sua
507 934 780 1012 suscipit,
822 949 995 1011 praes
1030 934 1124 1013 qui
1163 949 1269 1012 pro
1296 950 1361 993 se
1397 932 1568 993 alium
1601 950 1884 1011 praesens
1914 936 2211 1011 praesenti
2245 934 2383 995 dicit

372 1017 429 1080 id
462 1028 553 1079 est
584 1017 696 1077 dat.

494 1106 737 1165 Vestem
762 1109 821 1161 et
837 1100 1205 1181 vestimenta]
1236 1102 1417 1160 vestis
1430 1102 1670 1181 proprie
1697 1100 2033 1160 feminarum
2066 1109 2175 1179 est,
2199 1103 2380 1163 vesti·
2400 1122 2441 1163 ιο

373 1195 622 1247 mentum
655 1187 925 1246 virorum.

494 1269 738 1332 Uvidum
777 1268 1064 1328 humidum
1101 1269 1271 1329 udum
1321 1278 1377 1328 et
1422 1268 1732 1347 madidum]
1772 1270 2000 1330 uvidum
2036 1270 2272 1350 penitus
2302 1272 2380 1330 in·

375 1355 587 1416 fectum
627 1362 738 1430 est,
763 1352 1046 1413 madidum
1078 1371 1153 1414 ex
1183 1372 1296 1414 una
1326 1361 1512 1432 parte,
1536 1352 1824 1413 humidum
1842 1354 1997 1433 quod
2028 1353 2098 1414 ad
2133 1353 2380 1414 medium

374 1456 557 1519 usque
590 1439 876 1517 pervenit,
905 1437 1070 1497 udum
1100 1456 1373 1498 summum
1403 1445 1617 1498 tactum
1638 1445 1849 1499 tantum
1877 1439 2154 1516 cuiusque
2184 1438 2296 1498 rei.

495 1525 682 1584 Vetus
714 1531 771 1582 et
804 1523 1116 1601 vetustum]
1163 1532 1332 1583 vetus
1362 1538 1518 1582 novo
1553 1529 1922 1601 comparatur
1952 1541 2027 1582 ex
2060 1522 2377 1598 contrario,
2397 1546 2438 1587 15

377 1617 659 1669 vetustum
690 1607 761 1667 ad
792 1608 1182 1686 antiquitatem
1204 1606 1476 1666 refertur.

499 1693 630 1752 Vim
667 1691 824 1751 vires
870 1700 929 1750 et
956 1691 1264 1770 virtutem]
1314 1691 1402 1751 vis
1442 1690 1681 1752 iniuriae
1727 1700 1843 1769 est,
1890 1691 2049 1751 vires
2092 1689 2377 1767 corporis,
2492 1703 2507 1751 t

372 1779 556 1837 virtus
581 1776 769 1836 animi.
2297 1823 2303 1827 .

499 1859 762 1921 Ultorem
787 1868 845 1919 et
858 1858 1168 1939 vindicem]
1185 1859 1516 1920 ulciscimur
1549 1876 1659 1919 nos
1683 1868 1929 1939 accepta
1960 1857 2180 1936 iniuria,
2197 1856 2377 1917 vindi·

378 1963 572 2007 camus
605 1962 680 2005 ne
711 1944 1083 2023 accipiamus.
2393 1956 2437 1997 ²⁰

494 2032 728 2091 Vereor
760 2037 818 2088 et
850 2027 1156 2108 revereor]
1183 2045 1399 2088 vereor
1429 2027 1499 2088 ad
1531 2036 1739 2088 metum
1767 2028 2053 2104 refertur,
2092 2042 2380 2087 revereor

369 2114 443 2174 ad
468 2114 753 2175 affectum.

497 2197 682 2259 Ulcus
711 2195 920 2256 vulnus
941 2204 999 2256 et
1032 2194 1290 2275 plagam]
1317 2195 1609 2275 ulcusper
1640 2214 1706 2255 se
1735 2196 1854 2256 exit
1886 2203 1982 2255 aut
2015 2194 2077 2254 fit
2110 2194 2378 2254 intrinse-

376 2300 478 2342 cus
506 2298 579 2341 ex
612 2297 701 2356 se,
716 2280 924 2340 vulnus
957 2299 1030 2341 ex
1054 2279 1214 2340 ferro
1247 2281 1330 2356 lit,
1362 2279 1539 2360 plaga
1578 2280 1784 2359 planus
1815 2281 1963 2341 ictus
1996 2287 2112 2348 est;
2147 2286 2204 2337 et
2221 2276 2379 2357 quod

373 2365 538 2425 ulcus
583 2364 834 2425 levitatis
879 2374 1001 2444 est,
1045 2364 1255 2424 vulnus
1285 2364 1626 2442 gravitatis,
1670 2364 1886 2444 plagae
1922 2364 2089 2424 etiam
2125 2362 2437 2422 verberns

370 2456 869 2633 vocssotlluutatem
910 2541 967 2592 et
997 2531 1381 2609 voluptatem]
1420 2532 1690 2594 voluntas
1733 2532 1902 2593 animi
1950 2539 2068 2609 est,
2104 2529 2378 2608 voluptas

376 2634 699 2764 cmvii-lgm
731 2709 789 2761 et
817 2699 1158 2780 masculum]
1190 2701 1276 2759 vir
1307 2703 1510 2781 specie
1540 2700 1920 2779 intellegitur,
1949 2699 2244 2761 masculus
2273 2716 2376 2776 ge·

375 2805 549 2856 nere;
585 2794 643 2846 et
688 2783 847 2864 quod
870 2785 960 2844 vir
994 2784 1177 2845 tribus
1206 2785 1394 2846 modis
1429 2787 1742 2865 accipitur,
1788 2794 1990 2847 natura
2014 2784 2231 2863 nuptiis
2262 2783 2433 2842 vir-so

374 2880 527 2942 tute;
557 2869 849 2931 masculus
872 2869 1042 2929 etiam
1065 2868 1136 2929 ab
1167 2870 1396 2929 homine
1429 2879 1797 2949 segregatur.

501 2955 738 3017 Vultum
768 2962 826 3013 et
853 2953 1065 3014 faciem
1092 2951 1207 3014 hoc
1233 2954 1454 3031 differt,
1491 2954 1650 3034 quod
1678 2954 1871 3015 vultus
1908 2952 2075 3014 animi
2105 2951 2377 3012 indicium

376 3048 498 3118 est,
532 3039 716 3100 facies
761 3038 881 3098 oris
920 3037 1171 3116 positio;
1212 3047 1272 3098 et
1304 3037 1496 3099 vultus
1540 3038 1821 3099 interdum
1868 3045 2150 3112 mutatur,
2190 3036 2378 3096 facies

372 3122 762 3288 ranlazgtgcacet
794 3131 853 3183 et
884 3139 994 3182 una
1027 3140 1124 3182 res
1156 3120 1263 3200 pr'o
1296 3121 1408 3182 alia
1440 3141 1621 3202 saepe
1652 3131 2031 3184 commutetur
2065 3121 2121 3180 in
2152 3138 2378 3199 genere

1128 3379 1557 3393 “ne—...w
1572 3380 1589 3388 .-
