2553 3960
987 257 1194 305 mvus
1230 258 1484 307 muns.
2161 248 2234 308 11

213 412 321 473 ulli
360 412 612 472 feminae
638 412 801 488 fore,
836 411 1225 489 responderet
1250 413 1416 492 quasi
1445 412 1752 493 adludens,
1784 417 1851 476 in
1872 415 2064 494 Syria
2088 433 2235 494 quo-

213 515 338 575 que
364 513 667 575 rcynasse
687 494 1093 572 Semiramin,
1125 514 1535 576 maynamque
1561 495 1757 559 Asiae
1780 508 2025 578 partem
2049 498 2235 559 Ama·

214 598 418 643 zonas
451 580 721 641 tmuisse
755 579 1086 658 quondam.

347 664 605 725 Functus
639 663 960 741 consulatu,
993 663 1138 725 Gaio
1167 664 1437 726 Memmio
1463 666 1759 745 Lucioque
1786 666 2040 727 Domitio
2071 684 2237 745 prae·
2255 677 2325 731 23

169 749 447 809 §toribus
496 748 569 807 de
623 749 945 826 superioris
992 750 1124 807 anni
1174 751 1320 809 actis
1376 751 1798 828 referentibus,
1850 753 2239 828 cognitionem

217 833 449 893 senatui
510 831 750 901 detulit;
806 848 919 891 nec
970 831 1072 891 illo
1132 835 1523 912 suscipiente,
1580 836 1887 915 triduoque
1951 854 2057 914 per
2108 835 2237 892 inri-

216 927 311 977 tas
355 916 772 976 altercationes
828 915 1167 995 absumpt0,
1211 919 1267 976 in
1323 919 1685 997 provinciam
1734 920 1902 988 abiit:
1951 928 2009 979 et
2052 919 2241 978 statim

218 1009 504 1079 quaestor
562 1000 687 1059 eius
738 1001 795 1057 in
847 998 1258 1078 praeiudicium
1311 1001 1535 1080 aliquot
1587 1003 1915 1063 criminibus
1973 1011 2242 1080 arreptus

218 1094 331 1145 est.
421 1084 566 1144 Mox
607 1092 669 1142 et
709 1084 841 1162 ipse
876 1102 910 1144 a
941 1084 1119 1144 Lucio
1154 1084 1406 1145 Antistio
1444 1086 1562 1147 TR.
1596 1087 1705 1147 PL.
1740 1087 2093 1166 postulatus,
2138 1104 2240 1164 ap-

148 1186 200 1226 ιο
219 1167 448 1248 pellato
503 1167 728 1227 demum
788 1167 1046 1244 collegio
1100 1170 1374 1247 optinuit,
1435 1187 1562 1230 eum
1614 1172 1700 1230 rei
1752 1171 2017 1250 publicae
2064 1187 2239 1230 causa

217 1252 464 1313 abesset
494 1269 631 1311 reus
662 1270 736 1311 ne
777 1253 963 1311 lieret.
1050 1251 1143 1311 Ad
1175 1257 1542 1314 securitatem
1574 1272 1721 1331 ergo
1757 1257 1981 1334 posteri
2015 1263 2237 1332 tempo-

216 1338 302 1396 ris
346 1337 404 1395 in
446 1352 661 1411 magno
704 1337 946 1412 negotio
987 1335 1184 1396 habuit
1214 1338 1479 1415 obligare
1526 1357 1761 1417 semper
1802 1356 2024 1399 annuos
2057 1338 2238 1414 magi·

220 1428 473 1496 stratus,
518 1426 578 1477 et
619 1436 653 1478 e
698 1419 1063 1518 petitoribus
1071 1437 1187 1479 non
1231 1421 1380 1481 alios
1410 1421 1686 1483 adiuvare
1721 1433 1814 1483 aut
1855 1423 1928 1483 ad
1956 1423 2238 1482 honorem

222 1504 345 1583 pati
380 1503 728 1581 pervenire,
761 1520 932 1581 quam
967 1504 1064 1582 qui
1091 1504 1202 1563 sibi
1230 1509 1599 1584 recepissent
1635 1516 2109 1585 propugnaturos
2140 1504 2238 1564 ab·

152 1611 202 1651 15
223 1588 473 1647 sentiam
504 1604 697 1655 suam;
748 1588 909 1646 cuius
940 1589 1092 1665 pacti
1125 1605 1241 1647 non
1276 1589 1555 1649 dubitavit
1586 1608 1618 1648 a
1654 1589 1992 1668 quibusdam
2024 1590 2114 1646 ius
2154 1589 2237 1646 iu-

220 1670 466 1731 randum
510 1679 683 1748 atque
725 1671 895 1730 etiam
935 1671 1327 1750 syngrapham
1358 1675 1620 1749 exigere.
1711 1672 1828 1732 Sed
1877 1691 2002 1732 cum
2030 1671 2325 1731 Lucius24

218 1755 509 1815 Domitius
552 1753 886 1816 consulatus
931 1755 1263 1816 candidatus
1321 1756 1511 1835 palam
1552 1757 1893 1833 minaretur,
1942 1754 2239 1815 consulem

221 1858 289 1899 se
321 1838 667 1898 effecturum
692 1837 849 1916 quod
873 1848 1110 1917 praetor
1133 1841 1436 1919 nequisset
1459 1837 1971 1919 adempturumque
1992 1840 2046 1897 ei
2070 1857 2237 1898 exer-

223 1925 403 2000 citus,
455 1919 730 1982 Crassum
759 1921 1212 2003 Pompeiumque
1255 1926 1313 1984 in
1354 1924 1556 1985 urbem
1588 1925 1925 2003 provinciae
1959 1941 2100 1984 suae
2129 1922 2238 1983 Lu·

146 2025 206 2066 20
226 2025 354 2069 cam
396 2014 696 2066 extractos
738 2007 1026 2085 conpulit,
1073 2018 1133 2068 ut
1176 2008 1517 2069 detrudendi
1547 2008 1783 2069 Domitii
1825 2027 1998 2069 causa
2030 2025 2237 2067 consu-

222 2091 401 2152 latum
451 2090 694 2150 alterum
747 2100 1042 2168 peterent,
1094 2093 1462 2172 perfecitque
1514 2111 1623 2172 per
1675 2102 2009 2172 utrumque,
2068 2100 2129 2151 ut
2179 2091 2237 2149 in

223 2175 675 2254 quinquennium
724 2174 835 2234 sibi
878 2175 1179 2254 imperium
1220 2186 1660 2255 prorogaretur.
1752 2179 1876 2253 Qua
1923 2177 2128 2237 fiducia
2166 2174 2238 2234 ad

221 2259 529 2336 legiones,
571 2276 715 2336 quas
757 2276 790 2318 a
819 2276 885 2317 re
918 2259 1148 2338 publica
1179 2271 1527 2340 acceperat,
1570 2262 1714 2321 alias
1747 2264 1975 2341 privato
2008 2268 2235 2338 sumptu

222 2341 469 2418 addidit,
518 2359 687 2401 unam
728 2344 899 2402 etiam
931 2361 1007 2402 ex
1038 2343 1434 2425 Transalpinis
1477 2347 1896 2424 conscriptam,
1944 2341 2235 2404 vocabulo

149 2443 464 2506 ”quoque
497 2424 722 2486 Gallico
758 2416 1015 2504 (Alauda
1059 2429 1210 2487 enim
1245 2429 1683 2508 appellabatur)
1729 2447 1899 2507 quam
1932 2427 2235 2506 disciplina

225 2510 502 2588 cultuque
539 2510 804 2570 Romano
843 2512 1154 2571 institutam
1204 2521 1262 2571 et
1311 2523 1601 2590 ornatam,
1653 2523 1861 2591 postea
1909 2514 2235 2571 universam

225 2594 466 2656 civitate
509 2593 761 2654 donavit.
848 2593 978 2654 Nec
1023 2594 1230 2655 deinde
1271 2596 1390 2656 ulla
1417 2596 1573 2656 belli
1628 2597 1982 2671 occasione,
2036 2612 2109 2652 ne
2152 2596 2235 2652 in·

222 2679 361 2738 iusti
391 2677 623 2756 quidem
654 2695 728 2738 ac
757 2677 1073 2758 periculosi
1112 2679 1411 2756 abstinuit,
1458 2688 1572 2739 tam
1608 2678 1924 2738 foederatis
1955 2694 2125 2755 quam
2153 2677 2235 2734 in·

223 2762 394 2822 festis
418 2779 488 2821 ac
513 2763 656 2822 feris
685 2763 956 2839 gentibus
980 2763 1130 2822 ultro
1160 2762 1486 2839 lacessitis,
1519 2763 1667 2822 adeo
1699 2771 1760 2823 ut
1791 2770 2024 2821 senatus
2055 2777 2236 2839 quon·

154 2860 208 2902 so
230 2845 362 2906 dam
391 2845 626 2922 legatos
657 2846 732 2906 ad
771 2847 1190 2925 explorandum
1219 2856 1427 2909 statum
1457 2847 1767 2908 Galliarum
1796 2845 2104 2906 mittendos
2139 2844 2235 2903 de·

230 2930 516 3005 creverit,
550 2948 621 2990 ac
648 2931 906 2990 nonnulli
930 2930 1249 2991 dedendum
1276 2951 1407 2993 eum
1428 2931 1692 2991 hostibus
1717 2931 2063 2992 censuerint.
2119 2927 2237 2989 Sed

228 3030 520 3093 prospere
572 3013 991 3074 decedentibus
1030 3015 1231 3093 rebus,
1279 3026 1337 3076 et
1379 3017 1614 3094 saepius
1655 3025 1714 3076 et
1771 3016 2017 3094 plurium
2067 3032 2237 3093 quam

228 3097 534 3176 quisquam
561 3115 829 3176 umquam
862 3098 1080 3159 dierum
1112 3099 1571 3178 supplicationes
1605 3100 1953 3178 impetravit.
2044 3098 2323 3160 Gessit25

228 3190 420 3241 autem
450 3199 663 3242 novem
692 3184 887 3260 annis,
921 3184 1130 3260 quibus
1155 3184 1213 3242 in
1246 3184 1490 3262 imperio
1522 3184 1658 3260 fuit,
1690 3184 1838 3244 haec
1865 3184 2012 3243 fere.

158 3282 212 3325 ω
360 3265 601 3326 Omnem
653 3265 933 3344 Galliam,
988 3285 1139 3346 quae
1192 3267 1340 3329 saltu
1393 3267 1695 3343 Pyrenaeo
1753 3267 2122 3347 Alpibusque
2177 3277 2235 3327 et

226 3358 428 3409 monte
475 3349 788 3427 Gebenna,
832 3351 1154 3411 fluminibus
1193 3352 1401 3413 Rheno
1447 3370 1517 3412 ac
1556 3351 1842 3413 Rhodano
1889 3354 2233 3424 continetur,

227 3442 510 3514 patetque
558 3436 803 3495 circuitu
856 3435 929 3496 ad
982 3434 1073 3495 bis
1115 3444 1174 3495 et
1220 3438 1419 3496 tricies
1469 3445 1694 3495 centum
1743 3436 1898 3495 milia
1940 3452 2234 3513 passuum,

231 3527 469 3596 praeter
507 3520 706 3580 socias
746 3537 817 3580 ae
862 3519 1015 3579 bene
1049 3521 1284 3579 meritas
1315 3519 1614 3594 civitates,
1656 3520 1715 3577 in
1750 3518 2087 3596 provinciae
2118 3515 2237 3572 for-
