2553 3960
537 229 710 276 xxvl
1228 227 1642 276 PRAEFATIO.

674 386 1018 444 Difficillime
1052 404 1144 443 res
1176 393 1264 443 est
1297 387 1367 442 de
1396 387 1747 443 Vaticano
1792 387 1991 443 codice
2022 388 2287 458 quodam,
2321 406 2355 443 e

510 473 656 541 quo
677 487 884 543 paucas
915 470 1188 526 lectiones
1225 488 1256 526 a
1281 470 1470 541 Lipsio
1496 471 1766 526 collectas
1790 470 2116 527 Pulmannus
2149 477 2356 532 a.1574

542 553 740 610 edidit.
827 553 1089 610 Eiusdem
1130 554 1261 609 libri
1294 553 1512 625 Lipsius
1559 552 1684 625 ipse
1712 553 1768 609 in
1800 553 2061 625 Antiquis
2092 555 2355 611 lectioni-

541 638 645 694 bus
677 644 732 693 et
761 637 818 694 in
841 637 1051 694 Electis
1076 638 1408 694 mentionem
1432 636 1585 705 fecit,
1618 642 1844 709 tresque
1876 638 2151 694 lectiones
2176 638 2354 695 al’ul-

539 737 738 779 manno
786 737 896 778 non
943 721 1159 793 positus
1201 720 1527 776 Torrentius
1570 716 1909 792 protulit¹⁶).
1999 722 2195 777 Fertur
2229 723 2353 777 sine

541 805 901 862 distinctione
933 804 1170 876 capitum
1199 805 1442 876 scriptus
1475 820 1636 873 esse,
1678 820 1800 860 cum
1839 804 1988 861 notis
2023 798 2113 879 (Ἰ)
2150 812 2206 860 et
2233 811 2350 860 tres

539 888 761 960 priores
792 894 996 945 tantum
1029 887 1240 958 libroS,
1284 887 1479 943 Divum
1508 887 1702 942 Iulium
1733 888 1929 945 Divum
1958 887 2266 959 Augustum
2297 894 2354 944 et

539 971 851 1042 Tiberium,
905 970 1287 1040 continuisse,
1338 971 1543 1027 amisso
1587 976 1646 1026 ut
1690 970 1913 1028 videtur
1953 973 2134 1028 altero
2177 979 2351 1029 tomo.

538 1053 872 1126 Quamquam
902 1054 1157 1126 Lipsiana
1190 1058 1597 1126 excerptatam
1629 1054 1982 1125 negligenter
2026 1056 2172 1111 facta
2203 1063 2350 1119 sunt,

536 1234 588 1271 a.
625 1220 768 1268 1460
808 1217 1152 1283 transcripsit,
1192 1225 1371 1282 postea
1406 1219 1446 1267 Ι.
1478 1216 1617 1283 Aug.
1651 1216 1972 1282 Hemandus‚
2004 1226 2110 1268 tum
2142 1219 2210 1268 lo.
2242 1217 2350 1269 Ma·-

536 1287 822 1348 nesserius,
854 1300 988 1336 nunc
1019 1285 1251 1335 Parisina
1282 1283 1583 1335 bibliotheca
1612 1301 1693 1337 no.
1725 1287 1864 1339 5806
1904 1287 2159 1352 possidet,
2194 1288 2350 1338 colla-

535 1356 721 1406 tionem
762 1354 1092 1406 casaubonus
1138 1367 1185 1403 a.
1241 1353 1371 1404 1595
1418 1352 1650 1404 Genevae
1696 1354 1910 1406 instituit
1960 1355 2190 1419 miroque
2239 1357 2349 1406 eius

534 1437 705 1474 amore
724 1431 901 1489 captus
932 1437 1203 1488 supparem
1233 1422 1401 1472 dicere
1422 1437 1578 1473 ausus
1609 1432 1686 1473 est
1716 1423 2034 1473 Memmiano.
2100 1422 2200 1475 Sed
2230 1439 2352 1474 con·
2395 1440 2398 1441 ⁷

537 1490 674 1544 venit
703 1491 750 1540 ei
781 1492 1003 1542 omnium
1030 1491 1250 1540 maxime
1280 1505 1394 1540 cum
1416 1491 1758 1542 Palatinorum
1788 1493 1980 1559 primm
2018 1507 2135 1542 nam
2166 1509 2219 1559 p.
2241 1493 2292 1554 3,
2318 1491 2353 1543 8

535 1561 699 1611 Iulius
735 1560 930 1612 Caesar
957 1561 1116 1611 Divus
1148 1576 1325 1609 annum
1358 1575 1547 1625 agens,-
1574 1576 1624 1626 p.
1661 1561 1778 1621 151,
1807 1560 1869 1614 19
1898 1564 2097 1624 capreis
2117 1561 2220 1611 XL
2245 1571 2352 1613 tro-

531 1629 709 1696 pheis,·
737 1645 790 1695 p.
828 1628 959 1685 201,
985 1627 1054 1680 36
1085 1643 1182 1690 per
1211 1637 1318 1679 tres
1345 1644 1570 1687 mense-5,-
1599 1645 1653 1695 p.
1685 1629 1803 1690 234,
1834 1628 1901 1680 32
1934 1645 1962 1678 e
1991 1630 2233 1680 Caesaris
2259 1634 2347 1681 mi-

533 1702 734 1760 nistris,
781 1698 836 1749 hi
875 1698 971 1749 soli
1012 1697 1211 1749 codices
1251 1699 1492 1764 scriptum
1532 1696 1837 1748 habuerunt.
1916 1698 2148 1749 Eundem
2180 1708 2350 1750 tamen

535 1767 816 1817 Palatinum
837 1766 1078 1817 Gruterus
1099 1782 1298 1831 quoque
1329 1767 1533 1832 plurimi
1560 1765 1680 1816 fecit
1707 1773 1755 1815 et
1774 1767 2049 1818 nominavit
2076 1768 2347 1833 aliquando

539 1835 721 1886 librum
763 1832 1041 1900 simplicem
1090 1844 1138 1884 et
1185 1836 1516 1887 innocentem.
1607 1835 1720 1884 Fuit
1754 1842 1923 1885 tamen
1955 1837 2209 1887 secundus
2254 1837 2350 1886 ali-

540 1912 726 1968 quanto
782 1903 1041 1955 sincerior.
1124 1903 1325 1953 Tertius
1378 1903 1444 1952 ad
1499 1903 1723 1953 codicem
1769 1904 1987 1968 aliquem
2049 1905 2347 1972 propaginis

536 1972 696 2024 Paris.
733 1972 888 2024 6116.
951 1971 1084 2023 Med.
1121 1975 1172 2029 2
1209 1979 1303 2022 etc.
1354 1972 1721 2023 contaminatus
1766 1988 1880 2024 esse
1913 1973 2145 2035 videtur,
2188 1989 2233 2026 e.
2264 1989 2345 2040 gr.

534 2057 586 2109 Ρ.
621 2041 855 2102 214,16.
889 2067 958 2078 -
986 2040 1364 2105 Guelferbytani
1397 2041 1564 2106 primi,
1600 2038 1815 2090 Gudiuni
1846 2042 1965 2094 268.
1997 2058 2132 2096 saec.
2165 2042 2240 2093 XI
2267 2040 2347 2106 (ἲ)

532 2125 725 2176 paucas
766 2108 1011 2174 quasdam
1051 2111 1291 2160 lectiones
1335 2108 1553 2159 Wolflus
1605 2109 1829 2173 prodidit
1871 2126 1902 2160 a
1947 2111 2181 2177 Langero
2225 2111 2347 2161 sub-

533 2179 734 2228 missas.
801 2177 903 2229 Sed
935 2178 1133 2229 desidia
1168 2179 1359 2228 sensim
1393 2178 1664 2241 obrepente
1695 2177 1748 2226 in
1778 2177 1833 2231 G.
1866 2180 2127 2245 Caligulae
2157 2189 2207 2230 et
2232 2179 2346 2229 Divi

534 2246 729 2297 Claudii
761 2246 879 2297 vitis
917 2247 1205 2305 rarissime,
1242 2247 1295 2295 in
1333 2245 1546 2295 Neronis
1575 2245 1761 2305 semel,
1795 2246 1849 2297 iu
1880 2248 2247 2314 posterioribus
2281 2262 2346 2297 ne

532 2315 689 2366 semel
723 2315 926 2379 quidem
953 2316 1034 2365 vel
1065 2315 1215 2364 huius
1256 2314 1371 2364 libri
1401 2313 1480 2363 vel
1512 2313 1726 2364 aliorum
1761 2317 2071 2368 mentionem
2104 2316 2240 2366 fecit.
2276 2342 2346 2353 ——

534 2383 981 2433 Torrentiauorum
1011 2384 1239 2434 codicum
1284 2397 1419 2432 unus
1455 2381 1643 2432 alterve
1676 2381 1760 2434 bic
1790 2384 1922 2436 foret
1949 2400 2348 2435 commemoran-

535 2453 662 2513 dus,
692 2453 738 2502 si
768 2452 1029 2502 Torrentio
1068 2452 1267 2502 codices
1308 2465 1429 2501 suos
1461 2459 1675 2515 quatuor
1706 2454 1911 2520 saepius
1944 2454 2240 2503 nominatim
2267 2454 2348 2503 di-

512 2521 795 2585 ⁴stinguere
836 2520 1132 2586 placuisset3
1176 2520 1278 2569 iam
1310 2534 1429 2570 vero
1461 2521 1532 2570 ita
1572 2520 1710 2584 loqui
1757 2522 1914 2572 solet:
1966 2522 2161 2571 ‘codex
2189 2537 2346 2585 unus,

534 2587 673 2638 hand
701 2589 882 2651 malus,
914 2588 1151 2653 optimus,
1190 2597 1382 2652 noster,
1416 2596 1753 2653 pervetustus,
1785 2589 1899 2639 libri
1941 2590 2071 2648 duo,
2106 2593 2344 2652 quatuor’

534 2665 584 2707 et
612 2657 876 2717 similiter,
924 2664 980 2706 ut
1013 2658 1122 2707 eius
1151 2656 1294 2707 labor
1325 2655 1475 2707 bodie
1515 2671 1677 2723 paene
1708 2658 1902 2708 inutilis
1942 2658 2022 2709 sit.
2052 2682 2121 2694 —
2152 2657 2346 2708 Parisi-

536 2740 715 2776 norum
746 2726 975 2776 codicum
1020 2733 1222 2791 praeter
1252 2726 1622 2776 viterbiensem
1651 2725 1734 2776 bic
1772 2726 2066 2778 nominandi
2110 2734 2229 2778 sunt
2259 2741 2344 2778 ιιο.

532 2793 668 2845 5801
699 2809 831 2845 saec.
865 2793 964 2844 XII
993 2795 1232 2859 optimus,
1267 2809 1419 2858 quem
1443 2793 1796 2847 Casaubonum
1826 2811 2024 2860 quoque
2053 2795 2346 2863 inspexisse

535 2863 749 2928 probant
787 2864 975 2913 omissa
1004 2878 1058 2927 p.
1090 2862 1207 2923 182,
1239 2862 1308 2913 20
1336 2863 1490 2912 verba
1517 2866 1670 2915 altere·
1702 2866 1868 2927 pluris
1899 2867 2158 2929 aliquanto
2193 2880 2346 2917 rosa-

531 2934 644 2992 νίας
692 2939 800 2981 tum
842 2931 1021 2982 Notre-
1022 2931 1179 2980 Dame
1234 2930 1333 2983 188
1379 2929 1716 2995 saec.X111,
1773 2939 2011 2998 excerpta
2049 2933 2345 2997 continensg

529 3008 788 3067 postremo
823 3015 902 3052 no.
942 2999 1098 3050 5805.
1132 2998 1289 3052 5810.
1326 3000 1480 3052 6117.
1515 3015 1650 3052 saec.
1679 3001 1796 3053 XV.

671 3068 763 3131 15)
803 3068 1052 3119 Pauculae
1082 3068 1437 3120 adnotationes
1480 3085 1509 3120 e
1537 3071 1781 3121 Vaticano
1812 3068 1985 3119 codice
2026 3084 2058 3118 a
2092 3069 2342 3122 Politiano

528 3152 576 3190 a.
609 3136 748 3189 1480
776 3137 939 3188 factae
980 3136 1177 3188 huncne
1208 3139 1510 3191 Vaticanum
1543 3152 1607 3188 nn
1648 3139 1802 3188 alium
1833 3145 2060 3203 spectent
2106 3138 2341 3202 equidem

526 3208 730 3274 ignoro.
801 3206 1019 3257 Fulvii
1053 3205 1283 3258 Ursini
1322 3224 1350 3258 e
1391 3209 1455 3262 V.
1494 3208 1547 3261 C.
1584 3216 1850 3273 excerpta,
1891 3221 2021 3270 quae
2053 3207 2202 3269 dicit,
2233 3208 2342 3273 ple·

529 3290 741 3339 rumque
764 3276 1109 3328 commenticia
1141 3285 1275 3338 sunt,
1311 3294 1376 3329 ex
1399 3277 1597 3329 Erasmi
1627 3275 1868 3341 Stephani
1882 3276 2134 3326 Tor-rentii
2162 3276 2342 3327 editio·

530 3343 681 3393 nibus
706 3344 932 3397 conficta
996 3345 1157 3396 Nimis
1186 3348 1360 3397 timido
1389 3348 1454 3397 de
1483 3347 1594 3396 eius
1629 3344 1728 3393 fide
1760 3345 2052 3395 dubitarunt
2087 3345 2186 3394 Iac.
2216 3343 2340 3395 Gro-

531 3411 713 3460 novius
746 3420 794 3461 et
826 3413 1232 3480 Oudendorpius.
1298 3416 1431 3466 Raro
1463 3428 1563 3463 ιιοιι
1596 3414 1870 3490 mentitur,
1918 3421 1972 3463 ut
2011 3428 2124 3464 cum
2168 3416 2339 3476 capita

531 3490 888 3531 commemorat
922 3499 974 3549 p.
1012 3483 1106 3544 71,
1144 3484 1223 3535 16.
