2553 3960
550 245 773 295 XXXIV
1228 239 1643 292 PRAEFATIO.

560 393 1037 479 zozoymoewivoag
1081 403 1289 474 fuisse,
1337 409 1393 459 et
1436 403 1532 459 illa
1573 402 1793 472 quidem
1838 402 2034 459 Ioanni
2086 403 2358 460 Saresbe·

557 489 755 558 riensi,
794 488 885 559 qui
918 488 1307 544 Policraticum
1336 503 1492 542 suum
1525 503 1574 542 a.
1609 491 1742 545 1161
1777 486 2025 558 scripsit,
2055 489 2197 544 haec
2225 488 2363 543 Vin-

561 573 745 629 centio
767 571 1177 641 Bellovacensi,
1208 570 1302 643 qui
1333 588 1382 626 a.
1402 575 1536 627 1244
1558 569 1854 641 Speculum
1883 588 2039 626 suum
2069 572 2366 628 historiale

561 648 888 728 absolvit²⁴)
925 662 980 709 et
1008 656 1064 711 in
1096 654 1252 710 libris
1288 654 1482 709 VI-—X
1515 654 1797 709 dimidiam
1828 655 1948 710 fere
1990 661 2203 727 partem
2232 655 2366 711 illo-

560 757 678 796 rum
708 744 1097 810 excerptorum
1128 737 1411 810 repetivit.

232 831 517 924 patramus,
681 824 966 879 Postremo
999 823 1128 879 loco
1161 820 1622 877 commemorandi
1654 828 1780 875 sunt
1810 820 1850 875 ii
1882 823 2226 895 scriptores,
2269 820 2366 893 qui

230 883 534 989 ,ίὲξξοῖζςῗιζζζ
558 908 800 964 Romano
843 905 1079 977 imperio
1106 903 1349 962 nondum
1380 919 1582 960 everso
1613 902 2007 962 Suetonianum
2036 923 2175 978 opus
2204 906 2369 976 lege-

557 997 685 1046 runt
715 996 876 1060 atque
904 988 1035 1045 inde
1069 995 1343 1061 tamquam
1372 1004 1443 1043 ex
1471 988 1707 1059 copioso
1733 987 1952 1045 flumine
1981 990 2206 1044 canales
2229 1004 2369 1044 suos

559 1072 970 1130 derivaverunt.
1063 1071 1165 1138 Qui
1199 1090 1321 1129 oum
1364 1073 1536 1127 multo
1584 1071 1928 1141 antiquiores
1970 1073 2082 1129 sint
2111 1071 2368 1128 omnibus

558 1157 720 1213 libris
761 1155 1192 1227 superstitibuS,
1235 1155 1419 1211 dubiis
1453 1155 1789 1210 lectionibus
1832 1169 2369 1226 nonnumquamjua

559 1239 890 1296 auctoritate
930 1255 1182 1308 magnum
1211 1239 1428 1310 pondus
1460 1239 1719 1293 conferre
1745 1245 2011 1310 possunt,
2046 1238 2370 1311 Eutropium

557 1324 712 1393 dico,
741 1323 1042 1390 Victorem,
1073 1321 1329 1377 Orosium
1365 1329 1421 1378 et
1446 1322 1668 1390 Lydum.
1756 1319 1819 1377 Id
1846 1329 1905 1377 ut
1935 1324 2148 1394 aliquot
2177 1338 2367 1377 exem-

557 1407 668 1479 plis
694 1407 1084 1475 demonstrem,
1112 1405 1413 1477 Eutropius
1444 1405 1746 1461 lectionem
1772 1406 2053 1462 duodecim
2077 1424 2130 1478 p.
2160 1410 2369 1476 237,18

558 1491 844 1546 confirmat
872 1506 974 1561 per
1006 1490 1222 1560 aliquot
1250 1490 1477 1545 saecula
1502 1487 1626 1544 vitii
1658 1491 2052 1563 typographici
2084 1490 2264 1560 gratia
2298 1490 2366 1545 ab

560 1575 870 1631 editoribus
913 1579 1189 1644 spretam,
1229 1574 1530 1630 verborum
1569 1572 1819 1628 ordinem
1862 1591 1915 1645 p.
1953 1579 2086 1643 241,
2128 1581 2197 1632 10
2240 1588 2371 1628 con-

552 1660 719 1730 yessit
743 1663 980 1730 quantas
1010 1656 1279 1726 vindicat,
1309 1674 1363 1728 p.
1400 1663 1499 1726 12,
1530 1665 1560 1716 1
1595 1656 1867 1712 Vaticano
1899 1657 2083 1712 codici
2114 1657 2367 1712 lacunam

559 1741 808 1814 explenti
856 1741 1267 1813 patrocinatum
1315 1740 1582 1797 Aurelius
1611 1740 1808 1795 Victor
1854 1757 1907 1812 p.
1944 1746 2080 1810 238,
2120 1746 2155 1801 6
2192 1742 2367 1796 virum

555 1831 710 1880 recte
741 1825 919 1882 omitti
950 1826 1117 1880 docet
1153 1831 1209 1879 et
1239 1841 1295 1896 p.
1330 1831 1463 1894 195,
1494 1829 1565 1883 38
1596 1824 1833 1880 vetustis
1866 1824 2161 1896 Excerptis
2192 1837 2367 1896 pereo

554 1909 952 1983 praebentibus
977 1907 1249 1962 calculum
1273 1907 1498 1972 adiicit;
1523 1906 1756 1963 Orosius
1782 1908 2111 1964 vocabulum
2133 1909 2368 1963 omnium

557 2012 611 2066 p.
643 1999 774 2063 109,
814 2000 849 2053 9
883 1991 1068 2049 aliena
1108 2008 1269 2048 manu
1316 1992 1647 2048 inculcatum
1684 2007 1812 2047 esse
1845 1994 2038 2065 docet3
2087 1994 2269 2063 Lydus
2311 1992 2367 2047 in

557 2093 662 2133 suo
694 2076 949 2148 exemplo
979 2091 1034 2146 p.
1065 2081 1155 2146 56,
1187 2080 1253 2135 37
1290 2077 1503 2131 circove
1530 2076 1731 2132 lectum
1768 2092 1895 2132 esse
1925 2076 2131 2148 prodit.
2185 2074 2369 2141 Quae-

559 2160 683 2216 dam
723 2160 995 2214 lectiones
1046 2176 1117 2215 ex
1152 2149 1239 2215 his
1272 2159 1647 2232 scriptoribus
1679 2160 1769 2214 vel
1817 2159 1966 2215 nulla
1997 2157 2371 2215 Suetoniano-

557 2259 677 2299 rum
710 2243 978 2298 librorum
1023 2242 1357 2299 auctoritate
1391 2243 1694 2299 accedente
1721 2243 2053 2299 videbantur
2088 2240 2369 2313 recipien-

557 2405 621 2457 de
656 2406 877 2456 Fortuna
914 2404 1103 2457 Galbae
1139 2405 1367 2457 scribens
1408 2406 1465 2467 5,
1505 2406 1568 2465 4;
1612 2412 1661 2455 et
1695 2406 1945 2456 mirabere
1983 2406 2134 2457 credo
2171 2421 2368 2456 mecum

559 2481 880 2525 enumeratos
929 2474 962 2521 8
983 2509 998 2536 ,
1068 2474 1132 2526 18
1190 2483 1317 2526 extr.
1372 2475 1613 2540 deinceps
1655 2472 1965 2534 Suetonium,
2016 2474 2074 2534 Q.
2124 2476 2368 2534 Curtium,

559 2541 848 2593 Cornelium
873 2542 1118 2604 Tacitum,
1155 2543 1213 2595 T.
1252 2542 1471 2606 Livium,
1513 2541 1759 2592 Serenum
1783 2550 1834 2593 et
1867 2542 2228 2608 Tranquillum.
2294 2543 2369 2593 De

559 2610 823 2660 Vincentio
862 2626 1108 2675 quaerere
1143 2626 1329 2677 operae
1365 2626 1467 2661 non
1507 2610 1622 2660 mit.

694 2680 784 2742 24)
828 2679 1030 2729 Ioannis
1074 2679 1477 2730 Saresberiensis
1514 2678 1823 2730 conferenda
1858 2687 1977 2730 sunt
2015 2681 2183 2747 capita
2219 2682 2280 2743 1,
2318 2680 2368 2731 7.

562 2748 619 2809 l,
658 2746 738 2797 13.
778 2750 837 2809 2,
877 2748 959 2801 10.
994 2747 1055 2809 3,
1097 2750 1179 2800 14.
1217 2753 1288 2812 4,
1328 2750 1379 2801 8.
1413 2748 1464 2811 8,
1491 2749 1541 2800 7.
1582 2748 1633 2810 8,
1670 2748 1756 2801 19.
1821 2749 2055 2817 Epitoma
2095 2751 2183 2801 illa
2219 2762 2369 2800 usum

559 2831 698 2877 esse,
740 2815 912 2867 multis
946 2815 1097 2867 rebus
1133 2817 1378 2882 probatur
1416 2824 1472 2865 ut
1509 2816 1711 2868 defectu
1742 2818 1977 2869 versiculi
2014 2833 2064 2884 p.
2109 2819 2210 2879 22,
2256 2817 2291 2870 6
2322 2826 2371 2867 et

559 2884 778 2934 nominis
815 2885 1033 2937 Crassus
1062 2901 1116 2951 p.
1143 2885 1259 2945 171,
1291 2888 1351 2945 23
1384 2893 1491 2936 tum
1528 2885 1825 2937 lectionibus
1856 2885 1938 2936 his
1973 2903 2024 2953 p.
2058 2889 2143 2949 72,
2178 2886 2260 2937 18.
2302 2886 2369 2936 25

557 2956 668 3005 loco
697 2954 976 3004 stomachus
1014 2961 1064 3005 et
1107 2954 1371 3011 buccatas,-
1419 2970 1471 3020 p.
1516 2954 1613 3005 182
1628 2991 1643 3019 ,
1700 2954 1768 3006 35
1817 2957 2086 3013 metiendis,-
2137 2970 2190 3021 p.
2245 2953 2370 3016 229,

559 3021 623 3071 21
666 3036 778 3086 sqq.
815 3022 1024 3079 debitis:
1052 3023 1341 3079 orantibus,-
1372 3024 1538 3087 defuit
1568 3031 1797 3080 evemus,-
1832 3038 1885 3089 p.
1918 3023 2048 3084 240,
2086 3022 2154 3075 35
2179 3026 2372 3088 factum

557 3090 697 3155 quod
723 3092 821 3141 sibi
852 3099 986 3142 esset
1011 3093 1376 3153 paenitendum.
1413 3093 1736 3142 vincentium
1756 3092 2166 3143 Bellovacensem
2198 3094 2372 3143 alteris

559 3161 813 3226 excerptis
865 3174 1014 3210 usum
1079 3176 1193 3212 esse
1249 3170 1473 3228 arguunt
1528 3160 1815 3226 scriptionis
1874 3160 2192 3211 differentiae
2244 3160 2369 3210 hae:

559 3244 609 3294 p.
647 3227 738 3286 23,
777 3228 844 3280 33
877 3229 1178 3295 Eloquentia
1213 3231 1431 3281 mirabili
1441 3247 1455 3291 ;
1492 3232 1575 3294 27,
1604 3229 1669 3282 31
1707 3230 2003 3279 lasciviendi
2030 3233 2249 3292 pas-sim,-
2284 3228 2369 3289 62,

558 3295 628 3347 29
661 3300 766 3347 meis
787 3301 923 3347 serio
932 3315 956 3357 ‚·
1000 3298 1098 3360 63,
1133 3298 1199 3349 32
1234 3302 1308 3349 ita
1345 3302 1555 3355 amicas,-
1594 3299 1686 3359 72,
1732 3297 1798 3349 33
1830 3296 1965 3349 ubit.
2037 3297 2145 3348 Sed
2157 3312 2259 3360 pro
2279 3311 2371 3359 po·

561 3367 720 3422 tione,-
750 3364 867 3427 104,
900 3369 947 3418 7.
981 3366 1024 3419 9·
1050 3369 1102 3417 in
1135 3376 1411 3433 quaestura
1439 3376 1488 3419 et
1518 3369 1756 3419 sestertia
1783 3368 1981 3424 decenn·
2012 3366 2129 3427 106,
2162 3368 2229 3417 12
2261 3368 2370 3415 am·—

560 3449 683 3482 mum
707 3437 874 3491 vertit.
931 3433 1073 3487 Satis
1083 3455 1105 3497 ,-
1147 3438 1264 3496 111,
1290 3438 1375 3492 33.
1410 3437 1476 3488 37
1510 3446 1559 3488 et
1582 3437 1802 3488 Cassium
1831 3443 1881 3486 et
1909 3451 2007 3486 non
2037 3438 2217 3493 solum,-
2253 3434 2370 3495 128,

556 3502 627 3553 26
655 3504 789 3554 inter
814 3505 939 3555 duos
967 3505 1165 3571 fratrer
1192 3515 1287 3559 eto.
