<?xml version="1.0" encoding="UTF-8"?>
<!DOCTYPE html PUBLIC "-//W3C//DTD XHTML 1.0 Transitional//EN"
    "http://www.w3.org/TR/xhtml1/DTD/xhtml1-transitional.dtd">
<html xmlns="http://www.w3.org/1999/xhtml" xml:lang="en" lang="en">
 <head>
  <title>
</title>
<meta http-equiv="Content-Type" content="text/html;charset=utf-8" />
  <meta name='ocr-system' content='tesseract 3.04.00' />
  <meta name='ocr-capabilities' content='ocr_page ocr_carea ocr_par ocr_line ocrx_word'/>
</head>
<body>
  <div class='ocr_page' id='page_1' title='image "./csuetonitranqui06rothgoog_0210.png"; bbox 0 0 2553 3960; ppageno 0'>
   <div class='ocr_carea' id='block_1_1' title="bbox 370 187 2228 259">
    <p class='ocr_par' dir='ltr' id='par_1_1' title="bbox 370 187 2228 259">
     <span class='ocr_line' id='line_1_1' title="bbox 370 187 2228 259; baseline -0.001 -7"><span class='ocrx_word' id='word_1_1' title='bbox 370 187 453 252; x_wconf 82' lang='grc'>98</span> <span class='ocrx_word' id='word_1_2' title='bbox 519 199 578 249; x_wconf 81' lang='lat' dir='ltr'>C.</span> <span class='ocrx_word' id='word_1_3' title='bbox 615 199 914 249; x_wconf 77' lang='lat' dir='ltr'>SUETONI</span> <span class='ocrx_word' id='word_1_4' title='bbox 948 199 1204 259; x_wconf 77' lang='lat' dir='ltr'>TRANQ.</span> <span class='ocrx_word' id='word_1_5' title='bbox 1230 200 1328 246; x_wconf 82' lang='lat' dir='ltr'>DE</span> <span class='ocrx_word' id='word_1_6' title='bbox 1363 200 1527 247; x_wconf 84' lang='lat' dir='ltr'>VITA</span> <span class='ocrx_word' id='word_1_7' title='bbox 1562 200 1929 250; x_wconf 82' lang='lat' dir='ltr'>CAESARUM</span> <span class='ocrx_word' id='word_1_8' title='bbox 1962 203 2099 249; x_wconf 83' lang='lat' dir='ltr'>LIB.</span> <span class='ocrx_word' id='word_1_9' title='bbox 2125 204 2228 251; x_wconf 89' lang='lat'>111.</span> 
     </span>
    </p>
   </div>
   <div class='ocr_carea' id='block_1_2' title="bbox 251 354 2448 3546">
    <p class='ocr_par' dir='ltr' id='par_1_2' title="bbox 360 354 2448 1697">
     <span class='ocr_line' id='line_1_2' title="bbox 371 354 2351 437; baseline 0.001 -19"><span class='ocrx_word' id='word_1_10' title='bbox 371 356 772 437; x_wconf 85' lang='lat' dir='ltr'>praetorianis.</span> <span class='ocrx_word' id='word_1_11' title='bbox 829 354 1250 416; x_wconf 79' lang='lat' dir='ltr'>Germaniciani</span> <span class='ocrx_word' id='word_1_12' title='bbox 1275 356 1504 435; x_wconf 87' lang='lat' dir='ltr'>quidem</span> <span class='ocrx_word' id='word_1_13' title='bbox 1535 357 1704 416; x_wconf 91' lang='lat' dir='ltr'>etiam</span> <span class='ocrx_word' id='word_1_14' title='bbox 1733 357 2058 436; x_wconf 85' lang='lat' dir='ltr'>principem</span> <span class='ocrx_word' id='word_1_15' title='bbox 2089 356 2351 420; x_wconf 88' lang='lat' dir='ltr'>detracta</span> 
     </span>
     <span class='ocr_line' id='line_1_3' title="bbox 371 439 2375 520; baseline 0 -19"><span class='ocrx_word' id='word_1_16' title='bbox 371 442 507 503; x_wconf 90' lang='lat' dir='ltr'>bant</span> <span class='ocrx_word' id='word_1_17' title='bbox 536 457 652 500; x_wconf 86' lang='lat' dir='ltr'>non</span> <span class='ocrx_word' id='word_1_18' title='bbox 682 458 716 501; x_wconf 91' lang='lat' dir='ltr'>a</span> <span class='ocrx_word' id='word_1_19' title='bbox 744 457 810 501; x_wconf 90' lang='lat' dir='ltr'>se</span> <span class='ocrx_word' id='word_1_20' title='bbox 840 439 1061 515; x_wconf 90' lang='lat' dir='ltr'>datum,</span> <span class='ocrx_word' id='word_1_21' title='bbox 1099 456 1430 518; x_wconf 89' lang='lat' dir='ltr'>summaque</span> <span class='ocrx_word' id='word_1_22' title='bbox 1468 439 1524 497; x_wconf 91' lang='lat' dir='ltr'>vi</span> <span class='ocrx_word' id='word_1_23' title='bbox 1556 439 1987 518; x_wconf 84' lang='lat' dir='ltr'>Germanicum,</span> <span class='ocrx_word' id='word_1_24' title='bbox 2032 443 2128 520; x_wconf 88' lang='lat' dir='ltr'>qui</span> <span class='ocrx_word' id='word_1_25' title='bbox 2158 450 2272 502; x_wconf 91' lang='lat' dir='ltr'>tum</span> <span class='ocrx_word' id='word_1_26' title='bbox 2303 443 2375 502; x_wconf 91' lang='lat' dir='ltr'>iis</span> 
     </span>
     <span class='ocr_line' id='line_1_4' title="bbox 369 522 2372 607; baseline 0 -22"><span class='ocrx_word' id='word_1_27' title='bbox 369 533 671 607; x_wconf 81' lang='lat' dir='ltr'><strong>praeerat,</strong></span> <span class='ocrx_word' id='word_1_28' title='bbox 701 524 774 585; x_wconf 92' lang='lat' dir='ltr'>ad</span> <span class='ocrx_word' id='word_1_29' title='bbox 799 522 1214 603; x_wconf 78' lang='lat' dir='ltr'>capessendam</span> <span class='ocrx_word' id='word_1_30' title='bbox 1241 541 1365 583; x_wconf 88' lang='lat' dir='ltr'>rem</span> <span class='ocrx_word' id='word_1_31' title='bbox 1388 541 1447 602; x_wconf 92' lang='lat' dir='ltr'>p.</span> <span class='ocrx_word' id='word_1_32' title='bbox 1480 523 1795 601; x_wconf 80' lang='lat' dir='ltr'>urgebant,</span> <span class='ocrx_word' id='word_1_33' title='bbox 1832 543 2168 605; x_wconf 89' lang='lat' dir='ltr'>quamquam</span> <span class='ocrx_word' id='word_1_34' title='bbox 2199 525 2372 587; x_wconf 83' lang='lat' dir='ltr'>obfir-</span> 
     </span>
     <span class='ocr_line' id='line_1_5' title="bbox 366 608 2378 687; baseline 0 -17"><span class='ocrx_word' id='word_1_35' title='bbox 366 618 520 670; x_wconf 88' lang='lat' dir='ltr'>mate</span> <span class='ocrx_word' id='word_1_36' title='bbox 547 610 934 668; x_wconf 81' lang='lat' dir='ltr'>resistentem.</span> <span class='ocrx_word' id='word_1_37' title='bbox 1000 608 1185 682; x_wconf 84' lang='lat' dir='ltr'>Quem</span> <span class='ocrx_word' id='word_1_38' title='bbox 1213 609 1458 667; x_wconf 85' lang='lat' dir='ltr'>maxime</span> <span class='ocrx_word' id='word_1_39' title='bbox 1493 624 1685 667; x_wconf 91' lang='lat' dir='ltr'>casum</span> <span class='ocrx_word' id='word_1_40' title='bbox 1717 610 1957 686; x_wconf 88' lang='lat' dir='ltr'>timens,</span> <span class='ocrx_word' id='word_1_41' title='bbox 1998 617 2223 687; x_wconf 79' lang='lat' dir='ltr'>partes</span> <span class='ocrx_word' id='word_1_42' title='bbox 2247 609 2378 671; x_wconf 69' lang='lat' dir='ltr'>sibe·</span> 
     </span>
     <span class='ocr_line' id='line_1_6' title="bbox 369 689 2426 774; baseline -0.002 -20"><span class='ocrx_word' id='word_1_43' title='bbox 369 710 530 774; x_wconf 80' lang='lat' dir='ltr'>quas</span> <span class='ocrx_word' id='word_1_44' title='bbox 557 693 805 753; x_wconf 72' lang='lat' dir='ltr'>senatui</span> <span class='ocrx_word' id='word_1_45' title='bbox 831 689 1080 766; x_wconf 79' lang='lat' dir='ltr'>liberet,</span> <span class='ocrx_word' id='word_1_46' title='bbox 1123 690 1387 751; x_wconf 76' lang='lat' dir='ltr'>tuendas</span> <span class='ocrx_word' id='word_1_47' title='bbox 1419 693 1485 751; x_wconf 80' lang='lat' dir='ltr'>in</span> <span class='ocrx_word' id='word_1_48' title='bbox 1507 710 1580 752; x_wconf 82' lang='lat' dir='ltr'>re</span> <span class='ocrx_word' id='word_1_49' title='bbox 1601 710 1668 769; x_wconf 85' lang='lat' dir='ltr'>p.</span> <span class='ocrx_word' id='word_1_50' title='bbox 1703 692 2081 772; x_wconf 79' lang='lat' dir='ltr'>depoposcit,</span> <span class='ocrx_word' id='word_1_51' title='bbox 2121 694 2371 773; x_wconf 83' lang='lat' dir='ltr'>quando</span> <span class='ocrx_word' id='word_1_52' title='bbox 2400 710 2426 750; x_wconf 73' lang='lat' dir='ltr'>s</span> 
     </span>
     <span class='ocr_line' id='line_1_7' title="bbox 366 774 2375 854; baseline 0 -16"><span class='ocrx_word' id='word_1_53' title='bbox 366 777 697 838; x_wconf 78' lang='lat' dir='ltr'>universae</span> <span class='ocrx_word' id='word_1_54' title='bbox 725 774 1015 854; x_wconf 73' lang='lat' dir='ltr'>sufficere</span> <span class='ocrx_word' id='word_1_55' title='bbox 1044 774 1216 836; x_wconf 78' lang='lat' dir='ltr'>solus</span> <span class='ocrx_word' id='word_1_56' title='bbox 1243 793 1419 836; x_wconf 77' lang='lat' dir='ltr'>nemo</span> <span class='ocrx_word' id='word_1_57' title='bbox 1443 782 1692 852; x_wconf 79' lang='lat' dir='ltr'>posset,</span> <span class='ocrx_word' id='word_1_58' title='bbox 1724 777 1850 837; x_wconf 76' lang='lat' dir='ltr'>nisi</span> <span class='ocrx_word' id='word_1_59' title='bbox 1882 796 2018 837; x_wconf 80' lang='lat' dir='ltr'>cum</span> <span class='ocrx_word' id='word_1_60' title='bbox 2045 778 2243 839; x_wconf 83' lang='lat' dir='ltr'>altero</span> <span class='ocrx_word' id='word_1_61' title='bbox 2273 779 2375 839; x_wconf 82' lang='lat' dir='ltr'>vel</span> 
     </span>
     <span class='ocr_line' id='line_1_8' title="bbox 367 858 2369 940; baseline -0 -17"><span class='ocrx_word' id='word_1_62' title='bbox 367 861 551 925; x_wconf 74' lang='lat' dir='ltr'>etiam</span> <span class='ocrx_word' id='word_1_63' title='bbox 580 879 716 921; x_wconf 84' lang='lat' dir='ltr'>cum</span> <span class='ocrx_word' id='word_1_64' title='bbox 738 858 1049 938; x_wconf 78' lang='lat' dir='ltr'>pluribus.</span> <span class='ocrx_word' id='word_1_65' title='bbox 1112 858 1413 919; x_wconf 84' lang='lat' dir='ltr'>Simulavit</span> <span class='ocrx_word' id='word_1_66' title='bbox 1438 867 1496 919; x_wconf 90' lang='lat' dir='ltr'>et</span> <span class='ocrx_word' id='word_1_67' title='bbox 1520 860 1905 937; x_wconf 87' lang='lat' dir='ltr'>valitudinem,</span> <span class='ocrx_word' id='word_1_68' title='bbox 1941 879 2055 940; x_wconf 88' lang='lat' dir='ltr'>quo</span> <span class='ocrx_word' id='word_1_69' title='bbox 2089 865 2369 940; x_wconf 80' lang='lat' dir='ltr'>aequiore</span> 
     </span>
     <span class='ocr_line' id='line_1_9' title="bbox 365 943 2372 1008; baseline 0 -2"><span class='ocrx_word' id='word_1_70' title='bbox 365 947 552 1008; x_wconf 89' lang='lat' dir='ltr'>animo</span> <span class='ocrx_word' id='word_1_71' title='bbox 577 943 948 1005; x_wconf 86' lang='lat' dir='ltr'>Germanicus</span> <span class='ocrx_word' id='word_1_72' title='bbox 976 943 1233 1003; x_wconf 89' lang='lat' dir='ltr'>celerem</span> <span class='ocrx_word' id='word_1_73' title='bbox 1261 944 1699 1004; x_wconf 86' lang='lat' dir='ltr'>successionem</span> <span class='ocrx_word' id='word_1_74' title='bbox 1720 945 1817 1005; x_wconf 81' lang='lat' dir='ltr'>vel</span> <span class='ocrx_word' id='word_1_75' title='bbox 1842 955 2002 1005; x_wconf 89' lang='lat' dir='ltr'>certe</span> <span class='ocrx_word' id='word_1_76' title='bbox 2028 948 2372 1007; x_wconf 89' lang='lat' dir='ltr'>societatem</span> 
     </span>
     <span class='ocr_line' id='line_1_10' title="bbox 365 1024 2369 1109; baseline 0.001 -20"><span class='ocrx_word' id='word_1_77' title='bbox 365 1031 724 1109; x_wconf 83' lang='lat' dir='ltr'>principatus</span> <span class='ocrx_word' id='word_1_78' title='bbox 765 1029 1152 1108; x_wconf 85' lang='lat' dir='ltr'>opperiretur.</span> <span class='ocrx_word' id='word_1_79' title='bbox 1217 1024 1569 1105; x_wconf 86' lang='lat' dir='ltr'>Compositis</span> <span class='ocrx_word' id='word_1_80' title='bbox 1599 1028 1977 1089; x_wconf 82' lang='lat' dir='ltr'>seditionibus</span> <span class='ocrx_word' id='word_1_81' title='bbox 2013 1029 2369 1091; x_wconf 89' lang='lat' dir='ltr'>Clementem</span> 
     </span>
     <span class='ocr_line' id='line_1_11' title="bbox 365 1111 2448 1192; baseline 0 -20"><span class='ocrx_word' id='word_1_82' title='bbox 365 1131 628 1192; x_wconf 87' lang='lat' dir='ltr'>quoque,</span> <span class='ocrx_word' id='word_1_83' title='bbox 666 1112 868 1173; x_wconf 81' lang='lat' dir='ltr'>fraude</span> <span class='ocrx_word' id='word_1_84' title='bbox 906 1111 1243 1190; x_wconf 88' lang='lat' dir='ltr'>deceptum,</span> <span class='ocrx_word' id='word_1_85' title='bbox 1288 1112 1518 1190; x_wconf 84' lang='lat' dir='ltr'>redegit</span> <span class='ocrx_word' id='word_1_86' title='bbox 1555 1112 1613 1171; x_wconf 91' lang='lat' dir='ltr'>in</span> <span class='ocrx_word' id='word_1_87' title='bbox 1642 1122 2009 1192; x_wconf 88' lang='lat' dir='ltr'>potestatem.</span> <span class='ocrx_word' id='word_1_88' title='bbox 2068 1113 2369 1192; x_wconf 83' lang='lat' dir='ltr'>Libonem,</span> <span class='ocrx_word' id='word_1_89' title='bbox 2394 1133 2448 1174; x_wconf 84' lang='grc' dir='ltr'>ιο</span> 
     </span>
     <span class='ocr_line' id='line_1_12' title="bbox 363 1195 2369 1275; baseline 0.001 -19"><span class='ocrx_word' id='word_1_90' title='bbox 363 1215 438 1256; x_wconf 90' lang='lat' dir='ltr'>ne</span> <span class='ocrx_word' id='word_1_91' title='bbox 482 1195 614 1275; x_wconf 88' lang='lat' dir='ltr'>quid</span> <span class='ocrx_word' id='word_1_92' title='bbox 656 1198 714 1254; x_wconf 93' lang='lat' dir='ltr'>in</span> <span class='ocrx_word' id='word_1_93' title='bbox 755 1198 1012 1256; x_wconf 87' lang='lat' dir='ltr'>novitate</span> <span class='ocrx_word' id='word_1_94' title='bbox 1044 1196 1311 1255; x_wconf 90' lang='lat' dir='ltr'>acerbius</span> <span class='ocrx_word' id='word_1_95' title='bbox 1340 1197 1541 1272; x_wconf 82' lang='lat' dir='ltr'>fieret,</span> <span class='ocrx_word' id='word_1_96' title='bbox 1588 1197 1846 1257; x_wconf 90' lang='lat' dir='ltr'>secundo</span> <span class='ocrx_word' id='word_1_97' title='bbox 1880 1197 2103 1257; x_wconf 91' lang='lat' dir='ltr'>demum</span> <span class='ocrx_word' id='word_1_98' title='bbox 2133 1216 2280 1259; x_wconf 89' lang='lat' dir='ltr'>anno</span> <span class='ocrx_word' id='word_1_99' title='bbox 2310 1202 2369 1258; x_wconf 90' lang='lat' dir='ltr'>in</span> 
     </span>
     <span class='ocr_line' id='line_1_13' title="bbox 364 1277 2367 1366; baseline 0.001 -25"><span class='ocrx_word' id='word_1_100' title='bbox 364 1289 564 1342; x_wconf 91' lang='lat' dir='ltr'>senatu</span> <span class='ocrx_word' id='word_1_101' title='bbox 610 1281 904 1366; x_wconf 72' lang='lat' dir='ltr'>coarguit,</span> <span class='ocrx_word' id='word_1_102' title='bbox 939 1277 1130 1339; x_wconf 89' lang='lat' dir='ltr'>medio</span> <span class='ocrx_word' id='word_1_103' title='bbox 1168 1282 1446 1359; x_wconf 91' lang='lat' dir='ltr'>temporis</span> <span class='ocrx_word' id='word_1_104' title='bbox 1493 1281 1682 1359; x_wconf 89' lang='lat' dir='ltr'>spatio</span> <span class='ocrx_word' id='word_1_105' title='bbox 1728 1291 1939 1341; x_wconf 88' lang='lat' dir='ltr'>tantum</span> <span class='ocrx_word' id='word_1_106' title='bbox 1985 1300 2197 1343; x_wconf 87' lang='lat' dir='ltr'>cavere</span> <span class='ocrx_word' id='word_1_107' title='bbox 2230 1300 2367 1343; x_wconf 89' lang='lat' dir='ltr'>con-</span> 
     </span>
     <span class='ocr_line' id='line_1_14' title="bbox 363 1365 2367 1445; baseline 0.001 -20"><span class='ocrx_word' id='word_1_108' title='bbox 363 1373 582 1434; x_wconf 87' lang='lat' dir='ltr'>tentus;</span> <span class='ocrx_word' id='word_1_109' title='bbox 615 1382 743 1425; x_wconf 88' lang='lat' dir='ltr'>nam</span> <span class='ocrx_word' id='word_1_110' title='bbox 776 1372 835 1424; x_wconf 84' lang='lat' dir='ltr'>et</span> <span class='ocrx_word' id='word_1_111' title='bbox 863 1366 1012 1423; x_wconf 91' lang='lat' dir='ltr'>inter</span> <span class='ocrx_word' id='word_1_112' title='bbox 1047 1365 1355 1442; x_wconf 84' lang='lat' dir='ltr'>pontifices</span> <span class='ocrx_word' id='word_1_113' title='bbox 1380 1365 1726 1425; x_wconf 84' lang='lat' dir='ltr'>sacrificanti</span> <span class='ocrx_word' id='word_1_114' title='bbox 1749 1366 1915 1425; x_wconf 89' lang='lat' dir='ltr'>simul</span> <span class='ocrx_word' id='word_1_115' title='bbox 1938 1383 2046 1445; x_wconf 91' lang='lat' dir='ltr'>pro</span> <span class='ocrx_word' id='word_1_116' title='bbox 2073 1369 2367 1445; x_wconf 89' lang='lat' dir='ltr'>secespita</span> 
     </span>
     <span class='ocr_line' id='line_1_15' title="bbox 363 1447 2368 1530; baseline 0.001 -21"><span class='ocrx_word' id='word_1_117' title='bbox 363 1448 690 1529; x_wconf 90' lang='lat' dir='ltr'>plumbeum</span> <span class='ocrx_word' id='word_1_118' title='bbox 734 1448 976 1508; x_wconf 90' lang='lat' dir='ltr'>cultrum</span> <span class='ocrx_word' id='word_1_119' title='bbox 1006 1447 1401 1509; x_wconf 88' lang='lat' dir='ltr'>subiciendum</span> <span class='ocrx_word' id='word_1_120' title='bbox 1444 1450 1697 1525; x_wconf 84' lang='lat' dir='ltr'>curavit,</span> <span class='ocrx_word' id='word_1_121' title='bbox 1738 1458 1797 1509; x_wconf 90' lang='lat' dir='ltr'>et</span> <span class='ocrx_word' id='word_1_122' title='bbox 1825 1460 2114 1510; x_wconf 88' lang='lat' dir='ltr'>secretum</span> <span class='ocrx_word' id='word_1_123' title='bbox 2143 1453 2368 1530; x_wconf 89' lang='lat' dir='ltr'>petenti</span> 
     </span>
     <span class='ocr_line' id='line_1_16' title="bbox 360 1531 2445 1614; baseline 0.002 -22"><span class='ocrx_word' id='word_1_124' title='bbox 360 1534 586 1594; x_wconf 89' lang='lat' dir='ltr'>nonnisi</span> <span class='ocrx_word' id='word_1_125' title='bbox 617 1531 870 1594; x_wconf 87' lang='lat' dir='ltr'>adhibito</span> <span class='ocrx_word' id='word_1_126' title='bbox 899 1532 1092 1593; x_wconf 91' lang='lat' dir='ltr'>Druso</span> <span class='ocrx_word' id='word_1_127' title='bbox 1136 1533 1254 1594; x_wconf 88' lang='lat' dir='ltr'>filio</span> <span class='ocrx_word' id='word_1_128' title='bbox 1286 1532 1470 1610; x_wconf 87' lang='lat' dir='ltr'>dedit,</span> <span class='ocrx_word' id='word_1_129' title='bbox 1531 1532 1904 1614; x_wconf 85' lang='lat' dir='ltr'>dextramque</span> <span class='ocrx_word' id='word_1_130' title='bbox 1937 1533 2361 1595; x_wconf 86' lang='lat' dir='ltr'>obambulantis</span> <span class='ocrx_word' id='word_1_131' title='bbox 2392 1556 2445 1597; x_wconf 63' lang='grc' dir='ltr'>ιι</span> 
     </span>
     <span class='ocr_line' id='line_1_17' title="bbox 361 1617 2156 1697; baseline 0.001 -21"><span class='ocrx_word' id='word_1_132' title='bbox 361 1617 540 1679; x_wconf 85' lang='lat' dir='ltr'>veluti</span> <span class='ocrx_word' id='word_1_133' title='bbox 568 1617 930 1694; x_wconf 79' lang='lat' dir='ltr'>incumbenS,</span> <span class='ocrx_word' id='word_1_134' title='bbox 971 1617 1160 1695; x_wconf 89' lang='lat' dir='ltr'>quoad</span> <span class='ocrx_word' id='word_1_135' title='bbox 1190 1627 1575 1697; x_wconf 81' lang='lat' dir='ltr'>perageretur</span> <span class='ocrx_word' id='word_1_136' title='bbox 1605 1635 1829 1695; x_wconf 89' lang='lat' dir='ltr'>sermo,</span> <span class='ocrx_word' id='word_1_137' title='bbox 1863 1620 2156 1678; x_wconf 89' lang='lat' dir='ltr'>continuit.</span> 
     </span>
    </p>

    <p class='ocr_par' dir='ltr' id='par_1_3' title="bbox 274 1700 2445 3043">
     <span class='ocr_line' id='line_1_18' title="bbox 274 1700 2361 1779; baseline 0 -17"><span class='ocrx_word' id='word_1_138' title='bbox 274 1723 344 1777; x_wconf 77' lang='lat'>25</span> <span class='ocrx_word' id='word_1_139' title='bbox 486 1703 704 1762; x_wconf 89' lang='lat' dir='ltr'>Verum</span> <span class='ocrx_word' id='word_1_140' title='bbox 745 1702 1021 1762; x_wconf 75' lang='lat' dir='ltr'>liberatus</span> <span class='ocrx_word' id='word_1_141' title='bbox 1061 1709 1246 1779; x_wconf 91' lang='lat' dir='ltr'>metu,</span> <span class='ocrx_word' id='word_1_142' title='bbox 1295 1702 1525 1762; x_wconf 87' lang='lat' dir='ltr'>civilem</span> <span class='ocrx_word' id='word_1_143' title='bbox 1562 1700 1859 1761; x_wconf 91' lang='lat' dir='ltr'>admodum</span> <span class='ocrx_word' id='word_1_144' title='bbox 1903 1703 2051 1762; x_wconf 89' lang='lat' dir='ltr'>iuter</span> <span class='ocrx_word' id='word_1_145' title='bbox 2092 1703 2245 1762; x_wconf 89' lang='lat' dir='ltr'>initia</span> <span class='ocrx_word' id='word_1_146' title='bbox 2287 1720 2361 1763; x_wconf 92' lang='lat' dir='ltr'>ac</span> 
     </span>
     <span class='ocr_line' id='line_1_19' title="bbox 360 1785 2360 1866; baseline -0.001 -19"><span class='ocrx_word' id='word_1_147' title='bbox 360 1786 534 1866; x_wconf 90' lang='lat' dir='ltr'>paulo</span> <span class='ocrx_word' id='word_1_148' title='bbox 574 1788 755 1845; x_wconf 93' lang='lat' dir='ltr'>minus</span> <span class='ocrx_word' id='word_1_149' title='bbox 802 1803 972 1865; x_wconf 90' lang='lat' dir='ltr'>quam</span> <span class='ocrx_word' id='word_1_150' title='bbox 1016 1788 1296 1865; x_wconf 84' lang='lat' dir='ltr'>privatum</span> <span class='ocrx_word' id='word_1_151' title='bbox 1340 1788 1477 1863; x_wconf 90' lang='lat' dir='ltr'>egit.</span> <span class='ocrx_word' id='word_1_152' title='bbox 1550 1785 1643 1845; x_wconf 88' lang='lat' dir='ltr'>Ex</span> <span class='ocrx_word' id='word_1_153' title='bbox 1681 1786 1940 1863; x_wconf 88' lang='lat' dir='ltr'>plurimis</span> <span class='ocrx_word' id='word_1_154' title='bbox 1980 1788 2360 1865; x_wconf 84' lang='lat' dir='ltr'>maximisque</span> 
     </span>
     <span class='ocr_line' id='line_1_20' title="bbox 358 1869 2361 1949; baseline 0.001 -20"><span class='ocrx_word' id='word_1_155' title='bbox 358 1869 677 1930; x_wconf 80' lang='lat' dir='ltr'>honoribus</span> <span class='ocrx_word' id='word_1_156' title='bbox 716 1880 952 1947; x_wconf 88' lang='lat' dir='ltr'>praeter</span> <span class='ocrx_word' id='word_1_157' title='bbox 995 1886 1218 1948; x_wconf 90' lang='lat' dir='ltr'>paucos</span> <span class='ocrx_word' id='word_1_158' title='bbox 1257 1878 1316 1930; x_wconf 93' lang='lat' dir='ltr'>et</span> <span class='ocrx_word' id='word_1_159' title='bbox 1352 1870 1618 1931; x_wconf 91' lang='lat' dir='ltr'>modicos</span> <span class='ocrx_word' id='word_1_160' title='bbox 1646 1886 1760 1929; x_wconf 90' lang='lat' dir='ltr'>nou</span> <span class='ocrx_word' id='word_1_161' title='bbox 1797 1872 2040 1949; x_wconf 87' lang='lat' dir='ltr'>recepit.</span> <span class='ocrx_word' id='word_1_162' title='bbox 2094 1870 2361 1931; x_wconf 88' lang='lat' dir='ltr'>Natalem</span> 
     </span>
     <span class='ocr_line' id='line_1_21' title="bbox 357 1952 2445 2033; baseline 0.002 -18"><span class='ocrx_word' id='word_1_163' title='bbox 357 1972 547 2032; x_wconf 89' lang='lat' dir='ltr'>suum,</span> <span class='ocrx_word' id='word_1_164' title='bbox 590 1952 819 2033; x_wconf 90' lang='lat' dir='ltr'>plebeis</span> <span class='ocrx_word' id='word_1_165' title='bbox 862 1955 1248 2015; x_wconf 87' lang='lat' dir='ltr'>incurrentem</span> <span class='ocrx_word' id='word_1_166' title='bbox 1295 1952 1682 2031; x_wconf 74' lang='lat' dir='ltr'>circensibus,</span> <span class='ocrx_word' id='word_1_167' title='bbox 1730 1956 1829 2014; x_wconf 83' lang='lat' dir='ltr'>vix</span> <span class='ocrx_word' id='word_1_168' title='bbox 1863 1956 2025 2016; x_wconf 91' lang='lat' dir='ltr'>unius</span> <span class='ocrx_word' id='word_1_169' title='bbox 2056 1954 2230 2032; x_wconf 90' lang='lat' dir='ltr'>bigae</span> <span class='ocrx_word' id='word_1_170' title='bbox 2263 1954 2362 2016; x_wconf 91' lang='lat' dir='ltr'>ad·</span> <span class='ocrx_word' id='word_1_171' title='bbox 2382 1979 2445 2020; x_wconf 81' lang='lat'>20</span> 
     </span>
     <span class='ocr_line' id='line_1_22' title="bbox 355 2037 2364 2118; baseline 0.001 -20"><span class='ocrx_word' id='word_1_172' title='bbox 355 2040 606 2098; x_wconf 91' lang='lat' dir='ltr'>iectione</span> <span class='ocrx_word' id='word_1_173' title='bbox 652 2037 922 2099; x_wconf 89' lang='lat' dir='ltr'>honorari</span> <span class='ocrx_word' id='word_1_174' title='bbox 957 2056 1165 2118; x_wconf 90' lang='lat' dir='ltr'>passus</span> <span class='ocrx_word' id='word_1_175' title='bbox 1208 2048 1318 2099; x_wconf 90' lang='lat' dir='ltr'>est.</span> <span class='ocrx_word' id='word_1_176' title='bbox 1378 2037 1649 2118; x_wconf 90' lang='lat' dir='ltr'>Templa,</span> <span class='ocrx_word' id='word_1_177' title='bbox 1685 2038 1975 2117; x_wconf 79' lang='lat' dir='ltr'>flamineS,</span> <span class='ocrx_word' id='word_1_178' title='bbox 2019 2038 2364 2100; x_wconf 89' lang='lat' dir='ltr'>sacerdotes</span> 
     </span>
     <span class='ocr_line' id='line_1_23' title="bbox 356 2121 2362 2202; baseline 0 -20"><span class='ocrx_word' id='word_1_179' title='bbox 356 2122 592 2182; x_wconf 88' lang='lat' dir='ltr'>decerni</span> <span class='ocrx_word' id='word_1_180' title='bbox 628 2121 737 2182; x_wconf 87' lang='lat' dir='ltr'>sibi</span> <span class='ocrx_word' id='word_1_181' title='bbox 769 2121 1092 2201; x_wconf 84' lang='lat' dir='ltr'>prohibuit,</span> <span class='ocrx_word' id='word_1_182' title='bbox 1125 2123 1297 2183; x_wconf 90' lang='lat' dir='ltr'>etiam</span> <span class='ocrx_word' id='word_1_183' title='bbox 1332 2132 1548 2184; x_wconf 89' lang='lat' dir='ltr'>statuas</span> <span class='ocrx_word' id='word_1_184' title='bbox 1575 2131 1747 2202; x_wconf 88' lang='lat' dir='ltr'>atque</span> <span class='ocrx_word' id='word_1_185' title='bbox 1776 2125 2055 2200; x_wconf 88' lang='lat' dir='ltr'>imagines</span> <span class='ocrx_word' id='word_1_186' title='bbox 2088 2124 2196 2182; x_wconf 89' lang='lat' dir='ltr'>nisi</span> <span class='ocrx_word' id='word_1_187' title='bbox 2225 2142 2362 2202; x_wconf 90' lang='lat' dir='ltr'>per-</span> 
     </span>
     <span class='ocr_line' id='line_1_24' title="bbox 353 2206 2365 2287; baseline 0.002 -23"><span class='ocrx_word' id='word_1_188' title='bbox 353 2207 611 2265; x_wconf 87' lang='lat' dir='ltr'>mittente</span> <span class='ocrx_word' id='word_1_189' title='bbox 656 2224 722 2266; x_wconf 88' lang='lat' dir='ltr'>se</span> <span class='ocrx_word' id='word_1_190' title='bbox 771 2208 938 2283; x_wconf 85' lang='lat' dir='ltr'>poni:</span> <span class='ocrx_word' id='word_1_191' title='bbox 983 2208 1360 2287; x_wconf 87' lang='lat' dir='ltr'>permisitque</span> <span class='ocrx_word' id='word_1_192' title='bbox 1403 2226 1471 2267; x_wconf 91' lang='lat' dir='ltr'>ea</span> <span class='ocrx_word' id='word_1_193' title='bbox 1517 2206 1644 2266; x_wconf 91' lang='lat' dir='ltr'>sola</span> <span class='ocrx_word' id='word_1_194' title='bbox 1690 2206 2053 2283; x_wconf 87' lang='lat' dir='ltr'>conditione,</span> <span class='ocrx_word' id='word_1_195' title='bbox 2099 2225 2172 2266; x_wconf 93' lang='lat' dir='ltr'>ne</span> <span class='ocrx_word' id='word_1_196' title='bbox 2207 2208 2365 2268; x_wconf 85' lang='lat' dir='ltr'>inter</span> 
     </span>
     <span class='ocr_line' id='line_1_25' title="bbox 354 2288 2359 2370; baseline 0 -20"><span class='ocrx_word' id='word_1_197' title='bbox 354 2289 657 2350; x_wconf 89' lang='lat' dir='ltr'>simulacra</span> <span class='ocrx_word' id='word_1_198' title='bbox 702 2288 941 2351; x_wconf 90' lang='lat' dir='ltr'>deorum</span> <span class='ocrx_word' id='word_1_199' title='bbox 983 2290 1087 2350; x_wconf 92' lang='lat' dir='ltr'>sed</span> <span class='ocrx_word' id='word_1_200' title='bbox 1137 2292 1286 2350; x_wconf 91' lang='lat' dir='ltr'>inter</span> <span class='ocrx_word' id='word_1_201' title='bbox 1341 2299 1674 2351; x_wconf 91' lang='lat' dir='ltr'>ornamenta</span> <span class='ocrx_word' id='word_1_202' title='bbox 1715 2289 1936 2351; x_wconf 89' lang='lat' dir='ltr'>aedium</span> <span class='ocrx_word' id='word_1_203' title='bbox 1980 2300 2359 2370; x_wconf 86' lang='lat' dir='ltr'>ponerentur.</span> 
     </span>
     <span class='ocr_line' id='line_1_26' title="bbox 351 2375 2443 2453; baseline 0 -18"><span class='ocrx_word' id='word_1_204' title='bbox 351 2375 693 2435; x_wconf 89' lang='lat' dir='ltr'>Intercessit</span> <span class='ocrx_word' id='word_1_205' title='bbox 738 2383 796 2434; x_wconf 90' lang='lat' dir='ltr'>et</span> <span class='ocrx_word' id='word_1_206' title='bbox 837 2392 951 2453; x_wconf 89' lang='lat' dir='ltr'>quo</span> <span class='ocrx_word' id='word_1_207' title='bbox 988 2376 1172 2434; x_wconf 89' lang='lat' dir='ltr'>minus</span> <span class='ocrx_word' id='word_1_208' title='bbox 1203 2378 1260 2434; x_wconf 88' lang='lat' dir='ltr'>in</span> <span class='ocrx_word' id='word_1_209' title='bbox 1293 2385 1422 2435; x_wconf 91' lang='lat' dir='ltr'>acta</span> <span class='ocrx_word' id='word_1_210' title='bbox 1458 2393 1559 2434; x_wconf 92' lang='lat' dir='ltr'>sua</span> <span class='ocrx_word' id='word_1_211' title='bbox 1589 2376 1904 2451; x_wconf 89' lang='lat' dir='ltr'>iuraretur,</span> <span class='ocrx_word' id='word_1_212' title='bbox 1947 2382 2005 2433; x_wconf 94' lang='lat' dir='ltr'>et</span> <span class='ocrx_word' id='word_1_213' title='bbox 2033 2393 2106 2434; x_wconf 90' lang='lat' dir='ltr'>ne</span> <span class='ocrx_word' id='word_1_214' title='bbox 2139 2376 2361 2434; x_wconf 85' lang='lat' dir='ltr'>mensis</span> <span class='ocrx_word' id='word_1_215' title='bbox 2384 2396 2443 2436; x_wconf 76' lang='lat'>25</span> 
     </span>
     <span class='ocr_line' id='line_1_27' title="bbox 353 2457 2362 2538; baseline -0 -19"><span class='ocrx_word' id='word_1_216' title='bbox 353 2457 703 2536; x_wconf 88' lang='lat' dir='ltr'>September</span> <span class='ocrx_word' id='word_1_217' title='bbox 731 2457 1019 2538; x_wconf 88' lang='lat' dir='ltr'>Tiberius,</span> <span class='ocrx_word' id='word_1_218' title='bbox 1053 2458 1314 2520; x_wconf 90' lang='lat' dir='ltr'>October</span> <span class='ocrx_word' id='word_1_219' title='bbox 1342 2458 1535 2518; x_wconf 85' lang='lat' dir='ltr'>Livius</span> <span class='ocrx_word' id='word_1_220' title='bbox 1567 2467 1930 2533; x_wconf 71' lang='lat' dir='ltr'>vocarentur.</span> <span class='ocrx_word' id='word_1_221' title='bbox 1996 2457 2362 2518; x_wconf 88' lang='lat' dir='ltr'>Praenomen</span> 
     </span>
     <span class='ocr_line' id='line_1_28' title="bbox 352 2543 2363 2623; baseline 0 -21"><span class='ocrx_word' id='word_1_222' title='bbox 352 2560 585 2623; x_wconf 90' lang='lat' dir='ltr'>quoque</span> <span class='ocrx_word' id='word_1_223' title='bbox 629 2545 1131 2623; x_wconf 85' lang='lat' dir='ltr'>imperatoris</span> <span class='ocrx_word' id='word_1_224' title='bbox 1178 2560 1622 2621; x_wconf 86' lang='lat' dir='ltr'>cognomenque</span> <span class='ocrx_word' id='word_1_225' title='bbox 1653 2543 1889 2621; x_wconf 89' lang='lat' dir='ltr'>patris</span> <span class='ocrx_word' id='word_1_226' title='bbox 1929 2543 2251 2621; x_wconf 88' lang='lat' dir='ltr'>patriae,</span> <span class='ocrx_word' id='word_1_227' title='bbox 2298 2553 2363 2602; x_wconf 87' lang='lat' dir='ltr'>et</span> 
     </span>
     <span class='ocr_line' id='line_1_29' title="bbox 353 2624 2359 2704; baseline -0.001 -16"><span class='ocrx_word' id='word_1_228' title='bbox 353 2628 595 2688; x_wconf 86' lang='lat' dir='ltr'>civicam</span> <span class='ocrx_word' id='word_1_229' title='bbox 648 2628 704 2687; x_wconf 88' lang='lat' dir='ltr'>in</span> <span class='ocrx_word' id='word_1_230' title='bbox 762 2628 1051 2688; x_wconf 83' lang='lat' dir='ltr'>vestibulo</span> <span class='ocrx_word' id='word_1_231' title='bbox 1109 2644 1386 2688; x_wconf 88' lang='lat' dir='ltr'>coronam</span> <span class='ocrx_word' id='word_1_232' title='bbox 1427 2627 1745 2694; x_wconf 78' lang='lat' dir='ltr'>recusavit:</span> <span class='ocrx_word' id='word_1_233' title='bbox 1806 2644 1876 2686; x_wconf 88' lang='lat' dir='ltr'>ac</span> <span class='ocrx_word' id='word_1_234' title='bbox 1919 2643 1992 2684; x_wconf 91' lang='lat' dir='ltr'>ne</span> <span class='ocrx_word' id='word_1_235' title='bbox 2031 2624 2359 2704; x_wconf 87' lang='lat' dir='ltr'>Augusti</span> 
     </span>
     <span class='ocr_line' id='line_1_30' title="bbox 350 2709 2359 2792; baseline -0.001 -20"><span class='ocrx_word' id='word_1_236' title='bbox 350 2712 577 2792; x_wconf 88' lang='lat' dir='ltr'>quidem</span> <span class='ocrx_word' id='word_1_237' title='bbox 617 2729 858 2790; x_wconf 89' lang='lat' dir='ltr'>nomeu,</span> <span class='ocrx_word' id='word_1_238' title='bbox 903 2730 1241 2792; x_wconf 88' lang='lat' dir='ltr'>quamquam</span> <span class='ocrx_word' id='word_1_239' title='bbox 1281 2709 1716 2786; x_wconf 88' lang='lat' dir='ltr'>hereditarium,</span> <span class='ocrx_word' id='word_1_240' title='bbox 1761 2709 1893 2769; x_wconf 90' lang='lat' dir='ltr'>ullis</span> <span class='ocrx_word' id='word_1_241' title='bbox 1937 2710 2043 2768; x_wconf 89' lang='lat' dir='ltr'>nisi</span> <span class='ocrx_word' id='word_1_242' title='bbox 2075 2709 2144 2769; x_wconf 92' lang='lat' dir='ltr'>ad</span> <span class='ocrx_word' id='word_1_243' title='bbox 2175 2728 2359 2787; x_wconf 89' lang='lat' dir='ltr'>reges</span> 
     </span>
     <span class='ocr_line' id='line_1_31' title="bbox 350 2793 2440 2876; baseline -0.002 -19"><span class='ocrx_word' id='word_1_244' title='bbox 350 2816 420 2857; x_wconf 89' lang='lat' dir='ltr'>ac</span> <span class='ocrx_word' id='word_1_245' title='bbox 465 2796 738 2871; x_wconf 76' lang='lat' dir='ltr'>dynastas</span> <span class='ocrx_word' id='word_1_246' title='bbox 788 2797 1054 2876; x_wconf 89' lang='lat' dir='ltr'>epistolis</span> <span class='ocrx_word' id='word_1_247' title='bbox 1099 2795 1332 2856; x_wconf 88' lang='lat' dir='ltr'>addidit.</span> <span class='ocrx_word' id='word_1_248' title='bbox 1392 2794 1519 2854; x_wconf 92' lang='lat' dir='ltr'>Nec</span> <span class='ocrx_word' id='word_1_249' title='bbox 1564 2793 1805 2872; x_wconf 88' lang='lat' dir='ltr'>amplius</span> <span class='ocrx_word' id='word_1_250' title='bbox 1845 2810 2012 2872; x_wconf 87' lang='lat' dir='ltr'>quam</span> <span class='ocrx_word' id='word_1_251' title='bbox 2052 2811 2190 2853; x_wconf 90' lang='lat' dir='ltr'>mox</span> <span class='ocrx_word' id='word_1_252' title='bbox 2232 2802 2440 2867; x_wconf 69' lang='lat' dir='ltr'>tresao</span> 
     </span>
     <span class='ocr_line' id='line_1_32' title="bbox 351 2874 2356 2960; baseline -0.002 -19"><span class='ocrx_word' id='word_1_253' title='bbox 351 2880 711 2958; x_wconf 89' lang='lat' dir='ltr'>consulatus,</span> <span class='ocrx_word' id='word_1_254' title='bbox 770 2899 939 2940; x_wconf 91' lang='lat' dir='ltr'>unum</span> <span class='ocrx_word' id='word_1_255' title='bbox 992 2882 1194 2960; x_wconf 91' lang='lat' dir='ltr'>paucis</span> <span class='ocrx_word' id='word_1_256' title='bbox 1248 2877 1483 2954; x_wconf 89' lang='lat' dir='ltr'>diebus,</span> <span class='ocrx_word' id='word_1_257' title='bbox 1531 2877 1771 2937; x_wconf 90' lang='lat' dir='ltr'>alterum</span> <span class='ocrx_word' id='word_1_258' title='bbox 1810 2874 1992 2936; x_wconf 89' lang='lat' dir='ltr'>tribus</span> <span class='ocrx_word' id='word_1_259' title='bbox 2034 2877 2356 2954; x_wconf 81' lang='lat' dir='ltr'>mensibuS,</span> 
     </span>
     <span class='ocr_line' id='line_1_33' title="bbox 346 2961 1717 3043; baseline -0.005 -17"><span class='ocrx_word' id='word_1_260' title='bbox 346 2967 573 3026; x_wconf 88' lang='lat' dir='ltr'>tertium</span> <span class='ocrx_word' id='word_1_261' title='bbox 604 2964 818 3026; x_wconf 91' lang='lat' dir='ltr'>absens</span> <span class='ocrx_word' id='word_1_262' title='bbox 843 2982 1028 3043; x_wconf 91' lang='lat' dir='ltr'>usque</span> <span class='ocrx_word' id='word_1_263' title='bbox 1056 2967 1112 3024; x_wconf 91' lang='lat' dir='ltr'>in</span> <span class='ocrx_word' id='word_1_264' title='bbox 1138 2963 1273 3024; x_wconf 90' lang='lat' dir='ltr'>Idus</span> <span class='ocrx_word' id='word_1_265' title='bbox 1301 2963 1481 3024; x_wconf 86' lang='lat' dir='ltr'>Maias</span> <span class='ocrx_word' id='word_1_266' title='bbox 1513 2961 1717 3038; x_wconf 89' lang='lat' dir='ltr'>gessit.</span> 
     </span>
    </p>

    <p class='ocr_par' dir='ltr' id='par_1_4' title="bbox 251 3046 2437 3546">
     <span class='ocr_line' id='line_1_34' title="bbox 251 3046 2359 3120; baseline -0.002 -11"><span class='ocrx_word' id='word_1_267' title='bbox 251 3059 327 3113; x_wconf 82' lang='lat'>-27</span> <span class='ocrx_word' id='word_1_268' title='bbox 468 3047 846 3110; x_wconf 87' lang='lat' dir='ltr'>Adulationes</span> <span class='ocrx_word' id='word_1_269' title='bbox 889 3048 1038 3108; x_wconf 92' lang='lat' dir='ltr'>adeo</span> <span class='ocrx_word' id='word_1_270' title='bbox 1081 3056 1382 3108; x_wconf 83' lang='lat' dir='ltr'>aversatus</span> <span class='ocrx_word' id='word_1_271' title='bbox 1425 3054 1547 3120; x_wconf 89' lang='lat' dir='ltr'>est,</span> <span class='ocrx_word' id='word_1_272' title='bbox 1599 3054 1659 3105; x_wconf 89' lang='lat' dir='ltr'>ut</span> <span class='ocrx_word' id='word_1_273' title='bbox 1700 3046 1980 3104; x_wconf 88' lang='lat' dir='ltr'>neminem</span> <span class='ocrx_word' id='word_1_274' title='bbox 2022 3052 2359 3104; x_wconf 89' lang='lat' dir='ltr'>senatorum</span> 
     </span>
     <span class='ocr_line' id='line_1_35' title="bbox 347 3127 2356 3209; baseline -0.001 -21"><span class='ocrx_word' id='word_1_275' title='bbox 347 3138 443 3189; x_wconf 89' lang='lat' dir='ltr'>aut</span> <span class='ocrx_word' id='word_1_276' title='bbox 472 3133 651 3191; x_wconf 82' lang='lat' dir='ltr'>officii</span> <span class='ocrx_word' id='word_1_277' title='bbox 682 3143 779 3194; x_wconf 91' lang='lat' dir='ltr'>aut</span> <span class='ocrx_word' id='word_1_278' title='bbox 808 3133 1032 3209; x_wconf 91' lang='lat' dir='ltr'>negotii</span> <span class='ocrx_word' id='word_1_279' title='bbox 1062 3150 1234 3192; x_wconf 88' lang='lat' dir='ltr'>causa</span> <span class='ocrx_word' id='word_1_280' title='bbox 1268 3130 1340 3191; x_wconf 89' lang='lat' dir='ltr'>ad</span> <span class='ocrx_word' id='word_1_281' title='bbox 1374 3130 1642 3189; x_wconf 91' lang='lat' dir='ltr'>lecticam</span> <span class='ocrx_word' id='word_1_282' title='bbox 1674 3146 1829 3189; x_wconf 90' lang='lat' dir='ltr'>suam</span> <span class='ocrx_word' id='word_1_283' title='bbox 1866 3127 2179 3203; x_wconf 89' lang='lat' dir='ltr'>admiserit,</span> <span class='ocrx_word' id='word_1_284' title='bbox 2216 3145 2356 3187; x_wconf 90' lang='lat' dir='ltr'>con-</span> 
     </span>
     <span class='ocr_line' id='line_1_36' title="bbox 348 3212 2437 3293; baseline -0.003 -23"><span class='ocrx_word' id='word_1_285' title='bbox 348 3212 596 3272; x_wconf 89' lang='lat' dir='ltr'>sularem</span> <span class='ocrx_word' id='word_1_286' title='bbox 626 3234 800 3293; x_wconf 85' lang='lat' dir='ltr'>vero,</span> <span class='ocrx_word' id='word_1_287' title='bbox 835 3216 1286 3276; x_wconf 82' lang='lat' dir='ltr'>satisfacientem</span> <span class='ocrx_word' id='word_1_288' title='bbox 1313 3214 1423 3273; x_wconf 90' lang='lat' dir='ltr'>sibi</span> <span class='ocrx_word' id='word_1_289' title='bbox 1455 3231 1525 3273; x_wconf 92' lang='lat' dir='ltr'>ac</span> <span class='ocrx_word' id='word_1_290' title='bbox 1555 3231 1662 3291; x_wconf 89' lang='lat' dir='ltr'>per</span> <span class='ocrx_word' id='word_1_291' title='bbox 1693 3231 1883 3290; x_wconf 89' lang='lat' dir='ltr'>genua</span> <span class='ocrx_word' id='word_1_292' title='bbox 1917 3228 2087 3271; x_wconf 90' lang='lat' dir='ltr'>orare</span> <span class='ocrx_word' id='word_1_293' title='bbox 2135 3228 2354 3270; x_wconf 86' lang='lat' dir='ltr'>conan-</span> <span class='ocrx_word' id='word_1_294' title='bbox 2378 3222 2437 3264; x_wconf 70' lang='grc' dir='ltr'>ει</span> 
     </span>
     <span class='ocr_line' id='line_1_37' title="bbox 348 3295 2356 3377; baseline 0.001 -23"><span class='ocrx_word' id='word_1_295' title='bbox 348 3305 501 3372; x_wconf 91' lang='lat' dir='ltr'>tem,</span> <span class='ocrx_word' id='word_1_296' title='bbox 545 3297 622 3355; x_wconf 92' lang='lat' dir='ltr'>ita</span> <span class='ocrx_word' id='word_1_297' title='bbox 664 3300 967 3377; x_wconf 79' lang='lat' dir='ltr'>suffugerit</span> <span class='ocrx_word' id='word_1_298' title='bbox 1012 3308 1072 3358; x_wconf 88' lang='lat' dir='ltr'>ut</span> <span class='ocrx_word' id='word_1_299' title='bbox 1101 3298 1338 3360; x_wconf 89' lang='lat' dir='ltr'>caderet</span> <span class='ocrx_word' id='word_1_300' title='bbox 1369 3299 1637 3376; x_wconf 84' lang='lat' dir='ltr'>supinus;</span> <span class='ocrx_word' id='word_1_301' title='bbox 1683 3306 1853 3376; x_wconf 88' lang='lat' dir='ltr'>atque</span> <span class='ocrx_word' id='word_1_302' title='bbox 1890 3297 2089 3371; x_wconf 88' lang='lat' dir='ltr'>etiam,</span> <span class='ocrx_word' id='word_1_303' title='bbox 2133 3295 2356 3373; x_wconf 89' lang='lat' dir='ltr'>siquid</span> 
     </span>
     <span class='ocr_line' id='line_1_38' title="bbox 346 3377 2353 3455; baseline 0.001 -19"><span class='ocrx_word' id='word_1_304' title='bbox 346 3381 404 3437; x_wconf 89' lang='lat' dir='ltr'>in</span> <span class='ocrx_word' id='word_1_305' title='bbox 435 3394 699 3439; x_wconf 89' lang='lat' dir='ltr'>sermone</span> <span class='ocrx_word' id='word_1_306' title='bbox 727 3383 825 3442; x_wconf 85' lang='lat' dir='ltr'>vel</span> <span class='ocrx_word' id='word_1_307' title='bbox 863 3383 920 3442; x_wconf 91' lang='lat' dir='ltr'>in</span> <span class='ocrx_word' id='word_1_308' title='bbox 952 3385 1219 3444; x_wconf 89' lang='lat' dir='ltr'>continua</span> <span class='ocrx_word' id='word_1_309' title='bbox 1251 3384 1516 3443; x_wconf 89' lang='lat' dir='ltr'>oratione</span> <span class='ocrx_word' id='word_1_310' title='bbox 1539 3379 1801 3441; x_wconf 89' lang='lat' dir='ltr'>blandius</span> <span class='ocrx_word' id='word_1_311' title='bbox 1837 3378 1908 3440; x_wconf 89' lang='lat' dir='ltr'>de</span> <span class='ocrx_word' id='word_1_312' title='bbox 1938 3397 2003 3438; x_wconf 87' lang='lat' dir='ltr'>se</span> <span class='ocrx_word' id='word_1_313' title='bbox 2035 3377 2353 3455; x_wconf 85' lang='lat' dir='ltr'>diceretur,</span> 
     </span>
     <span class='ocr_line' id='line_1_39' title="bbox 347 3460 2353 3546; baseline 0.002 -28"><span class='ocrx_word' id='word_1_314' title='bbox 347 3477 463 3519; x_wconf 91' lang='lat' dir='ltr'>non</span> <span class='ocrx_word' id='word_1_315' title='bbox 515 3460 799 3525; x_wconf 82' lang='lat' dir='ltr'>dubitaret</span> <span class='ocrx_word' id='word_1_316' title='bbox 843 3468 1221 3546; x_wconf 88' lang='lat' dir='ltr'>interpellare</span> <span class='ocrx_word' id='word_1_317' title='bbox 1270 3485 1341 3527; x_wconf 90' lang='lat' dir='ltr'>ac</span> <span class='ocrx_word' id='word_1_318' title='bbox 1391 3464 1826 3546; x_wconf 87' lang='lat' dir='ltr'>reprehendere</span> <span class='ocrx_word' id='word_1_319' title='bbox 1882 3471 1940 3523; x_wconf 90' lang='lat' dir='ltr'>et</span> <span class='ocrx_word' id='word_1_320' title='bbox 1995 3471 2353 3523; x_wconf 89' lang='lat' dir='ltr'>commutare</span> 
     </span>
    </p>
   </div>
  </div>
 </body>
</html>
