2553 3960
318 200 436 265 156
499 213 557 264 0.
586 212 883 264 sumom
909 214 1164 275 TRANQ.
1191 215 1287 263 DE
1310 216 1476 263 vlu
1501 214 1873 265 CAESARUM
1894 217 2035 265 mn.
2059 216 2127 265 v.

313 374 490 434 drIam
523 369 724 430 crediti
760 368 1026 429 servandi
1059 388 1234 431 causa
1273 378 1510 447 secuto,
1563 371 1777 431 crimen
1808 372 2123 431 maiestatis
2159 372 2315 452 apud

310 456 533 518 iudices
561 463 792 514 motum.
848 452 1050 513 Plures
1098 463 1301 514 notare
1345 464 1616 531 conatus,
1662 471 1870 531 magna
1912 455 2312 534 inquisitorum

312 539 684 617 neglegentia
715 535 821 606 sed
849 554 952 596 suo
979 539 1196 597 maiore
1221 537 1545 615 dedecore,
1575 539 1842 598 innoxios
1872 537 1999 597 fere
2027 541 2311 619 repperit,

314 623 763 704 quibuscumque
812 620 1153 681 caelibatum
1196 630 1293 681 aut
1333 621 1636 682 orbitatem
1687 630 1782 683 aut
1819 629 2144 699 egestatem
2187 622 2310 682 obi·

313 716 500 786 ceret,
531 706 795 781 maritoS,
830 713 1053 782 patreS,
1088 704 1397 783 opulentos
1430 724 1494 765 se
1520 705 1928 783 probantibus;
1956 722 2028 765 eo
2061 706 2309 784 quidem,
2338 721 2366 761 ⁵

311 792 407 873 qui
440 790 666 852 sibimet
695 790 808 849 vim
848 788 1007 848 ferro
1049 789 1311 848 intulisse
1353 788 1734 867 arguebatur,
1781 789 2062 850 inlaesum
2095 806 2312 869 corpus

310 884 476 937 veste
523 873 791 952 deposita
836 881 1207 933 ostentante·
1269 872 1524 933 Fuerunt
1566 881 1624 932 et
1665 872 1765 933 illa
1813 875 1870 932 in
1907 891 2152 934 censura
2186 875 2315 932 eius

309 957 613 1035 notabilia,
657 954 811 1035 quod
851 955 1116 1016 essedum
1163 965 1534 1033 argenteum,
1592 965 1928 1035 sumptuose
1972 956 2315 1017 fabricatum

313 1062 383 1104 ac
413 1040 620 1101 venale
651 1040 724 1100 ad
756 1038 1079 1117 Sigillaria,
1122 1039 1324 1100 redimi
1358 1037 1701 1119 concidique
1736 1057 1933 1101 coram
1976 1042 2312 1119 imperavit;

314 1125 584 1205 quodque
613 1140 726 1184 uno
757 1122 849 1181 die
876 1121 989 1183 XX
1017 1122 1202 1182 edicta
1234 1125 1573 1202 proposuit,
1617 1125 1766 1183 inter
1795 1126 1941 1204 quae
1974 1123 2119 1201 duo,
2172 1141 2313 1203 quo·
2334 1139 2389 1181 ιο

312 1228 436 1270 rum
460 1207 643 1268 altero
664 1205 1035 1283 admonebat,
1067 1215 1125 1265 ut
1154 1205 1318 1266 uberi
1348 1208 1643 1267 vinearum
1673 1217 1958 1286 proventu
1980 1207 2131 1267 bene
2160 1207 2317 1268 dolia

313 1294 672 1374 picarentur;
715 1289 899 1350 altero
918 1334 936 1367 ,
990 1289 1128 1349 nihil
1169 1307 1354 1369 aeque
1397 1290 1597 1351 facere
1655 1290 1725 1351 ad
1775 1293 2014 1371 viperae
2062 1308 2316 1351 morsum

316 1395 483 1458 quam
516 1374 635 1435 taxi
667 1373 893 1434 arboris
925 1392 1140 1433 sucum.

234 1471 295 1527 17
437 1458 880 1538 Expeditionem
918 1476 1085 1518 unam
1131 1458 1362 1541 omnino
1399 1460 1690 1537 suscepit,
1740 1476 1982 1539 eamque
2012 1458 2314 1519 modicam.

316 1545 486 1621 Cum,
520 1543 773 1604 decretis
804 1542 915 1602 sibi
944 1561 977 1602 a
1006 1552 1207 1602 senatu
1242 1543 1593 1602 ornamentis
1623 1542 2097 1623 triumphalibus,
2130 1542 2313 1603 levio·
2335 1554 2386 1597 1⁵

312 1647 436 1691 rem
480 1627 761 1689 maiestati
815 1626 1119 1705 principali
1160 1625 1381 1685 titulum
1425 1626 1800 1687 arbitraretur
1847 1627 2143 1706 velletque
2183 1628 2317 1686 iusti

314 1712 582 1792 triumphi
606 1710 783 1771 decus
798 1754 816 1786 ,
846 1710 994 1770 unde
1011 1710 1342 1790 adquireret
1364 1709 1709 1770 Britanniam
1737 1712 2095 1789 potissimum
2111 1710 2314 1788 elegit,

313 1815 504 1876 neque
540 1802 873 1872 temptatam
903 1794 1003 1853 ulli
1041 1803 1173 1874 post
1193 1793 1401 1853 Divum
1426 1792 1626 1853 lulium
1650 1803 1707 1854 et
1735 1803 1869 1855 tunc
1887 1794 2316 1854 tumultuantem

316 1881 390 1943 ob
409 1898 527 1941 non
543 1877 801 1938 redditos
829 1878 1176 1955 transfugas.
1214 1877 1340 1938 Huc
1364 1896 1490 1937 cum
1509 1877 1579 1940 ab
1605 1877 1764 1938 Ostia
1783 1880 2114 1956 navigaret,
2139 1877 2314 1938 vehe-

313 1965 489 2027 menti
516 1963 692 2024 circio
717 1960 808 2022 bis
838 1979 1024 2041 paene
1050 1961 1349 2022 demersus
1374 1970 1484 2041 est,
1518 1980 1704 2043 prope
1729 1963 2016 2041 Liguriam
2039 1964 2315 2042 iuxtaque
2332 1974 2386 2016 2⁰

317 2046 674 2111 Stoechadas
708 2045 944 2105 insulas.
1004 2047 1196 2121 Quare
1229 2065 1262 2107 a
1293 2046 1547 2108 Massilia
1591 2045 1965 2108 Gesoriacum
1997 2064 2179 2129 usque
2214 2063 2315 2125 pe·

317 2132 497 2193 destri
527 2132 731 2190 itinere
764 2130 1068 2207 confecto,
1111 2129 1245 2190 inde
1280 2132 1617 2209 transmisit,
1653 2150 1724 2193 ac
1755 2134 1877 2192 sine
1918 2131 2038 2192 ullo
2082 2129 2315 2209 proelio

316 2225 411 2278 aut
434 2215 711 2292 sanguine
736 2214 881 2274 intra
904 2215 1286 2292 paucissimos
1310 2214 1435 2274 dies
1460 2224 1624 2293 parte
1643 2215 1863 2276 insulae
1886 2216 1944 2274 in
1968 2214 2316 2275 deditionem

315 2306 591 2377 recepta,
643 2306 812 2357 sexto
864 2315 1039 2376 quam.
1077 2298 1377 2379 profectus
1426 2308 1550 2360 erat
1596 2317 1794 2360 mense
1834 2301 2076 2361 Romam
2126 2297 2317 2377 rediit,

314 2381 795 2461 triumphavitque
819 2382 1066 2442 maximo
1097 2391 1394 2462 apparatu.
1437 2382 1530 2443 Ad
1555 2385 1713 2443 cuius
1739 2383 2131 2463 spectaculum
2162 2399 2315 2442 com·
2336 2395 2389 2437 25

315 2484 511 2528 meare
541 2467 598 2524 in
625 2464 825 2525 urbem
847 2483 963 2526 non
985 2466 1174 2527 solum
1200 2466 1563 2546 praesidibus
1590 2468 2011 2546 provinciarum
2036 2467 2317 2546 permisit,

317 2568 515 2612 verum
543 2550 714 2610 etiam
744 2550 1008 2610 exulibus
1040 2550 1406 2629 quibusdam
1456 2559 1627 2630 atque
1669 2552 1821 2612 inter
1861 2551 2093 2612 hostilia
2123 2550 2319 2629 sp'olia

316 2635 578 2697 navalem
603 2651 876 2695 coronam
902 2635 1135 2713 fastigio
1156 2634 1452 2695 Palatinae
1483 2635 1681 2696 domus
1712 2629 1869 2696 iuxta
1901 2636 2143 2696 civicam
2172 2635 2317 2712 fixit,

315 2721 543 2780 traiecti
573 2727 631 2779 et
664 2721 827 2798 quasi
859 2719 1052 2780 domiti
1084 2718 1301 2779 Oceani
1345 2720 1593 2796 insigne.
1648 2717 1889 2780 Currum
1932 2720 2056 2780 eius
2095 2718 2317 2779 Messa-

315 2804 430 2865 lina
452 2820 600 2863 uxor
624 2813 903 2883 carpento
935 2812 1134 2864 secuta
1160 2810 1276 2872 est;
1310 2805 1577 2863 secuti‘et
1597 2803 1960 2883 triumphalia
1983 2809 2318 2864 ornamenta
2337 2815 2390 2858 ω

317 2888 524 2950 eodem
550 2886 711 2947 bello
743 2886 968 2967 adepti,
1001 2886 1106 2947 sed
1139 2887 1321 2947 ceteri
1345 2886 1590 2966 pedibus
1622 2897 1681 2948 et
1704 2889 1761 2947 in
1790 2895 2112 2967 praetexta,
2145 2884 2316 2946 Cras-

316 2992 414 3033 sus
444 2972 622 3049 Frugi
661 2989 812 3051 equo
845 2971 1148 3051 phalerato
1185 2979 1242 3031 et
1271 2972 1329 3030 in
1360 2980 1527 3031 veste
1562 2971 1835 3051 palmata,
1870 2969 2026 3051 quod
2055 2988 2184 3030 eum
2213 2969 2316 3030 ho·

317 3074 519 3116 norem
546 3058 876 3117 iteraverat.

234 3151 303 3211 18
439 3138 613 3200 Urbis
645 3158 1021 3219 annonaeque
1054 3159 1246 3202 curam
1286 3140 1699 3202 sollicitissime
1741 3158 1974 3218 semper
1998 3138 2139 3217 egit.
2175 3136 2320 3198 Cum

319 3220 637 3283 Aemiliana
667 3226 1020 3300 pertinacius
1042 3224 1341 3302 arderent,
1375 3225 1433 3283 in
1454 3224 1777 3286 diribitorio
1800 3224 2019 3284 duabus
2044 3221 2315 3283 noctibus
2337 3235 2391 3278 35

315 3306 554 3382 mansit,
595 3322 667 3364 ac
709 3306 1017 3369 deficiente
1061 3308 1301 3375 militum
1342 3326 1412 3368 ac
1455 3307 1797 3369 familiarum
1838 3307 2039 3384 turba,
2098 3305 2316 3367 auxilio

317 3388 551 3468 plebem
583 3405 690 3466 per
711 3393 1077 3467 magistratus
1107 3411 1184 3454 ex
1212 3391 1475 3452 omnibus
1499 3394 1648 3453 vicis
1682 3393 2033 3453 convocavit
2057 3408 2128 3451 ac
2157 3390 2318 3468 posi·

317 3471 391 3559 tis
423 3481 553 3532 ante
585 3488 650 3529 se
683 3489 807 3531 cum
836 3478 1083 3553 pecunia
1113 3477 1303 3554 lisois,
1333 3476 1405 3537 ad
1433 3474 1888 3536 subveniendum
1913 3475 2178 3535 hortatus
2203 3480 2320 3547 est,
