2553 3960
489 288 1047 362 DEPERm'romJM
1089 289 1451 339 mmmmm
1494 291 1897 351 RELIQUIAE.
2083 279 2207 341 277

501 433 775 524 βέβληκ’
802 431 1135 540 Ἀχιλλευς
1172 435 1295 504 δύο
1333 435 1519 523 κύβω
1551 438 1664 504 καὶ
1693 439 1968 547 τέτταρα

197 523 306 589 καὶ
346 523 523 607 ἑξῆς·
574 523 753 606 λέγει
770 516 931 629 γὰρ
974 517 1098 587 δύο
1143 519 1442 605 μονάδας
1486 521 1597 588 καὶ
1630 523 1969 624 τέτταρα..
1993 528 2206 591 ἔκειτο

199 600 328 673 δ’ὁ
361 611 577 689 στίχος
606 608 679 671 ἐν
706 606 797 695 τῷ
825 604 1205 706 Εὐριπίδου
1233 606 1525 706 Τηλέφφ
1568 600 1699 671 σὺν
1727 602 1954 685 ἄλλοις
1982 612 2208 693 ἰαμβι-

198 702 361 774 κοῖς,
394 694 565 756 ἔνθα
594 672 1011 793 κυβέύοντας
1038 712 1196 765 τους
1222 683 1447 774 ἥρωας
1456 670 1807 793 εἰσήγαγε.
1841 693 2208 777 περιῃρέθη

151 793 175 831 ⁵
199 774 303 856 δέ,
357 790 597 880 φησιν,
648 770 813 838 ὅλον
862 771 1075 838 ἐκεῖνο
1118 766 1193 838 τό
1248 769 1660 875 ἐπεισόδιον,
1718 758 2211 876 χλευασθέντος

197 858 296 921 ἐπ’
344 853 524 959 αὐτῷ
564 860 687 921 τοῦ
714 852 1102 958 ποιήματος.
1156 855 1360 949 Λέγει
1388 850 1526 922 δὲ’
1492 880 1527 922 ο
1561 858 1767 922 ταῦτα
1797 854 2211 957 παραδιδους
2242 867 2245 870 ’

197 940 308 1006 καὶ
346 966 434 1017 ως
475 927 555 1031 οἱ
586 942 692 1043 τῇ
706 940 939 1028 παιδιᾷ
976 936 1182 1026 ταύτῃ
1224 964 1555 1047 χρωμενοι
1599 934 1728 1006 άπὸ
1773 965 1907 1006 των
1956 942 2030 1008 ἐν
2071 954 2210 1018 τοῖς

196 1021 429 1108 κύβοις
479 1020 833 1127 τρημάτων
884 1036 1270 1127 τρηματῑται
1320 1023 1663 1108 ἐλέγοντο,
1722 1022 2064 1109 παράγων
2097 1027 2210 1092 καὶ

195 1110 431 1193 χρῆσιν
457 1104 833 1208 Σωφρονος
861 1107 973 1174 τό·

124 1214 178 1255 ιο
498 1188 862 1293 δειπνήσας
894 1183 1230 1293 ωστίζεται
1258 1204 1397 1266 τοῖς
1427 1187 2037 1293 τρηματιζόντεσσι·

197 1270 373 1340 καὶ
349 1270 451 1340 ότι
480 1274 920 1381 ἐσπουδάζετο
962 1268 1004 1360 ἡ
1036 1279 1276 1359 κυβεία
1308 1298 1393 1340 ου
1421 1274 1634 1377 μόνον
1665 1298 1843 1378 παρα
1873 1281 2206 1385 Σικελοῖς,

198 1352 367 1423 ἄλλα
393 1357 504 1424 καὶ
524 1353 903 1460 Ἀθηναίοις
928 1408 946 1441 ,
978 1364 1046 1423 οἳ
1069 1357 1179 1424 καὶ
1201 1358 1274 1423 ἐν
1306 1359 1521 1460 ἱεροῖς
1549 1352 2019 1470 ἀθροιζόμενοι
2047 1360 2209 1427 ἐκύ-

197 1445 439 1525 βευον,
477 1440 588 1507 καὶ
615 1440 899 1544 μάλιστα
934 1443 1008 1506 ἐν
1038 1443 1129 1530 τῷ
1157 1444 1270 1526 τῆς
1301 1438 1637 1544 Σκιράδος
1652 1442 1942 1542 Ἀθηνᾶς
1982 1446 2074 1532 τῷ
2100 1443 2208 1510 ἐπὶ

198 1530 441 1629 σκίρφ,
472 1518 583 1609 ἀφ’
627 1512 714 1591 οὗ
748 1524 858 1591 καὶ
890 1549 972 1589 τα
1001 1507 1169 1589 άλλα
1197 1521 1604 1632 κυβευτήρια
1647 1522 2026 1628 σκιράφεια
2025 1512 2207 1593 ’ὠνο-

129 1631 178 1671 15
197 1576 462 1692 μάζετο·
527 1608 592 1688 ἐξ
650 1633 747 1674 ων
799 1606 907 1674 καὶ
962 1604 1179 1672 πάντα
1224 1610 1306 1673 τὰ
1347 1606 1872 1692 πανουργήματα
1926 1604 2035 1675 διὰ
2073 1606 2207 1715 τὴν

197 1692 273 1757 ἐν
326 1696 739 1777 σκιραφείοις
782 1693 1225 1779 ραδιουργίαν
1269 1695 1589 1776 σκίραφοι
1636 1691 2019 1759 ἐκαλοῦντο.
2073 1688 2208 1760 Ἰπ-

198 1771 452 1854 πωναξ·

502 1861 569 1924 τί
590 1882 672 1943 με
703 1856 1056 1944 σκιράφοις
1086 1854 1485 1940 άτιτάλλεις;

189 1946 610 2045 Πεποίηνται
640 1942 745 2027 δέ,
798 1958 997 2044 φησι,
1046 1942 1156 2009 καὶ
1184 1941 1548 2049 προστάται
1589 1946 1714 2012 τοῦ
1745 1940 1919 2012 οὕτω
1950 1949 2206 2026 παίζειν

123 2054 179 2094 20
189 2022 423 2112 Ερμῆς
450 2026 560 2093 καὶ
585 1995 763 2110 Πάν,
798 2021 981 2092 καθὰ
1008 2029 1120 2111 τῆς
1198 2030 1472 2129 ουσικῆς
1491 2021 1836 2097 Ἀπόλλων
1864 2028 1975 2095 καὶ
2003 2032 2205 2096 Μοῦ-

198 2127 330 2177 σαι.
416 2106 585 2188 Τοὺς
624 2109 695 2177 δὲ
740 2105 1030 2186 πεσσούς
1076 2117 1113 2175 λ
1151 2135 1254 2196 γει
1299 2106 1568 2216 ψήφους
1609 2112 1779 2180 εἶναι
1816 2111 2047 2197 πέντε,
2102 2107 2206 2190 αἷς

197 2193 304 2260 ἐπὶ
357 2194 553 2261 πέντε
608 2196 932 2299 γραμμῶν
979 2198 1246 2295 ἔπαιζον
1278 2194 1738 2300 ἑκατέρωθεν,
1783 2200 1898 2264 ἵνα
1928 2165 2205 2274 ἕκάστος

199 2302 333 2343 των
363 2275 822 2345 πεττευόντων
850 2283 963 2381 ἔχη
992 2303 1108 2355 τας
1136 2273 1296 2345 καθ’
1331 2278 1591 2346 ἑαυτόν.
1658 2282 2048 2366 Σοφοκλῆς·

528 2361 646 2427 καὶ
669 2357 881 2427 πεσσὰ
910 2361 1386 2462 πεντάγραμμα
1413 2363 1523 2428 καὶ
1553 2361 1785 2448 κύβων
1813 2368 2033 2469 βολαί.

123 2474 179 2514 25
198 2448 642 2549 Παρετείνετο
675 2445 781 2528 δέ,
832 2462 1030 2551 φησι,
1060 2449 1148 2511 δι’
1182 2448 1404 2512 αὐτων
1435 2446 1546 2512 καὶ
1569 2449 1734 2533 μέση
1765 2473 1938 2533 γραμ
1987 2445 2062 2535 η’,
2118 2441 2204 2551 ἢν

196 2527 387 2613 ίεραν
414 2521 788 2634 ωνόμαζον,
831 2524 968 2632 (ὡς
981 2525 1292 2630 ἀνωτέρω
1343 2532 1683 2632 δηλοῦται)
1726 2531 1866 2598 ἐπεὶ
1995 2531 2204 2598 νικω’-

195 2636 396 2697 μενος
427 2606 533 2677 ἐπ’
568 2609 862 2722 ἐσχάτην
885 2606 1095 2698 αυτὴν
1122 2616 1309 2679 ἵεται.
1359 2607 1527 2679 οθεν
1556 2615 1666 2681 καὶ
1698 2621 2048 2721 παροιμία·
2097 2641 2204 2682 κι-

196 2708 343 2760 νεῖν
389 2690 510 2761 τόν
550 2690 669 2779 ἀφ’
702 2697 914 2779 ἱερᾶς,
957 2701 1160 2762 λίθον
1201 2694 1489 2782 δηλαδή,
1543 2698 1649 2765 ἐπὶ
1708 2701 1841 2765 τῶν
1894 2693 2201 2784 άπεγνω-

163 2778 465 2866 σμένων
498 2777 608 2844 καὶ
637 2747 914 2886 ἐσχάτης
940 2785 1280 2882 βοηθείας
1312 2781 1669 2887 δεομένων.
1731 2780 2076 2869 Σώφρων·

124 2897 179 2938 20
507 2859 758 2964 κινήσω
817 2856 888 2930 δ’
912 2859 1039 2949 ἤδη
1069 2864 1180 2930 καὶ
1210 2863 1320 2931 καὶ
1347 2868 1465 2932 τὸν
1493 2860 1605 2951 ἀφ’
1647 2868 1857 2952 ἱερᾶς·

193 2939 494 3024 Ἀλκαῖος
524 2947 601 3012 δέ
626 2964 833 3031 φησιν
863 2948 934 3014 ἐκ
973 2945 1349 3053 πλήρους·

499 3113 784 3222 κινήσας
805 3109 924 3182 τὸν
952 3110 1066 3182 ἀπ’
1104 3117 1249 3201 ἰρᾶς
1276 3112 1566 3183 πυκινὸν
1599 3122 1820 3184 λίθον.

206 3200 530 3265 Τοιοῦτον
560 3196 634 3265 δὲ
680 3199 790 3265 καὶ
819 3224 998 3302 παρα
1036 3205 1401 3305 Θεοκρίτω
1401 3197 1508 3267 τό·

133 3304 176 3345 35
611 3276 728 3349 τὸν
760 3278 889 3350 άπὸ
922 3287 1222 3370 γραμμάς
1249 3282 1500 3370 κινήσω
1531 3289 1753 3351 λίθον.

193 3352 553 3450 Διοδοᾶρου
584 3366 691 3450 δέ,
732 3384 917 3471 φησι,
949 3372 1072 3434 τοῦ
1100 3371 1501 3452 Μεγαρικου
1530 3366 1933 3471 ἐνάγοντος
1914 3362 2032 3434 τὸν
2060 3393 2201 3434 τοι-

196 3451 402 3513 οῦτον
452 3454 656 3516 λίθον
718 3454 811 3527 εἰς
840 3446 1217 3560 ὁμοιότητα
1265 3454 1380 3535 τῆς
1426 3475 1560 3517 των
1586 3447 1867 3552 άστρων
1917 3454 2199 3535 χορείας,

191 3530 532 3615 Κλέαρχος
578 3546 714 3610 τοῖς
769 3536 967 3602 πέντε
995 3535 1159 3621 φησὶ
1203 3536 1537 3622 πλάνησιν
1566 3530 1941 3619 ἀναλογεῖν.
2000 3533 2199 3617 Λέγει
