2553 3960
141 2399 246 2439 item
289 2397 335 2438 in
371 2410 440 2439 ea·

238 2449 348 2503 pita.

458 239 565 286 XII
1144 237 1557 284 PRAEFATIO.

464 404 552 453 est
582 403 642 452 ut
680 397 738 452 in
781 396 1164 468 antiquissimo
1199 396 1526 453 Memmiano
1567 394 1766 451 codice
1798 396 2091 452 duodecim
2127 395 2274 452 vitae

464 480 778 537 nominibus
817 481 1210 552 imperatorum
1240 479 1718 550 distinguerentur
1756 495 1981 549 omneS,
2022 480 2123 535 sed
2165 496 2275 535 non

463 565 608 620 ultra
652 564 894 636 quinque
934 565 1138 635 primas
1182 563 1307 618 Divi
1353 564 1517 631 Iulii,
1560 562 1686 618 Divi
1723 561 1999 634 Augusti,
2044 563 2275 632 Tiberii,

466 649 520 704 C.
561 647 850 719 Caligulae
864 644 912 722 ²)
931 687 948 716 ,
999 647 1126 702 Divi
1174 646 1390 702 Claudii
1437 646 1581 702 vitas
1636 646 1959 701 numerandi
2000 646 2275 703 vocabula

464 738 822 788 servarentur
863 730 1056 785 liber
1086 730 1384 802 primus,
1417 730 1614 785 liber
1642 730 2044 799 secundus,
2076 730 2277 785 liber

464 816 766 885 tertiuS,
798 814 998 869 liber
1028 820 1361 886 quartus,
1390 813 1585 869 liber
1616 813 1926 884 quintus.
1971 813 2055 868 Ac
2077 830 2145 868 ne
2166 814 2276 868 boc

466 899 688 971 quidem
713 897 1260 970 praetermittendum
1281 903 1387 965 est,
1415 897 1564 969 quod
1587 895 1643 950 in
1669 896 1866 952 eodem
1888 896 2035 952 libro
2071 897 2276 952 Caesa-

463 1000 558 1039 res
586 999 689 1038 sex
711 981 873 1053 primi
897 980 1136 1051 singulis
1149 980 1450 1037 versiculis
1474 980 1780 1035 litterarum
1807 980 2075 1035 maiorum
2100 985 2157 1034 et
2184 996 2275 1034 ru-

462 1067 798 1122 bricatarum
829 1064 1128 1136 incipiunt,
1155 1080 1259 1119 sex
1287 1063 1659 1136 posteriorum
1690 1070 1896 1118 tantum
1931 1065 2067 1130 duo,
2104 1062 2274 1118 Galba

465 1156 521 1205 ει
553 1149 834 1204 Vitellius.
924 1148 1269 1203 Procedente
1311 1154 1560 1219 tempore
1590 1148 1786 1203 malum
1826 1147 1993 1203 latius
2047 1146 2275 1218 serpsit,

465 1251 585 1288 cum
607 1233 974 1303 interruptum
1008 1248 1357 1287 numerorum
1386 1231 1638 1287 ordinem
1667 1231 1931 1286 librarius
1964 1223 2167 1301 aliquis
2197 1229 2274 1284 ita

460 1315 878 1372 resarciendum
902 1314 1280 1386 existimaret,
1311 1322 1369 1371 ut
1401 1314 1638 1384 singulis
1662 1314 1794 1370 vitis
1819 1314 2071 1384 singulos
2095 1313 2273 1368 libros

460 1400 755 1469 tribueret,
784 1399 839 1454 id
875 1405 960 1454 est
989 1398 1574 1470 libros'distingueret
1603 1397 1912 1453 duodecim.
2003 1397 2081 1454 Ea
2116 1396 2274 1452 labes

463 1483 570 1540 iam
600 1482 850 1538 codicem
882 1481 1189 1538 Mediceum
1229 1483 1450 1539 tertium
1479 1477 1585 1555 (pl.
1621 1487 1727 1551 68,
1771 1477 1837 1554 7)
1872 1481 1965 1551 qui
1997 1481 2142 1535 inter
2172 1480 2274 1534 mi-

461 1585 562 1623 nus
607 1566 862 1637 integros
895 1566 963 1621 de
1009 1565 1409 1638 antiquissimis
1458 1571 1577 1634 est,
1618 1565 1945 1636 occupavit,
1981 1569 2042 1618 ut
2082 1563 2273 1619 mirum

460 1647 644 1706 videri
678 1666 787 1705 non
819 1650 1054 1720 debeat,
1099 1650 1248 1721 quod
1283 1648 1611 1705 Vincentius
1641 1647 2065 1704 Bellovacensis
2098 1653 2153 1701 et
2186 1647 2275 1701 Ia-

461 1734 635 1790 cobus
679 1733 864 1803 Magni
919 1738 977 1788 et
1017 1733 1113 1789 alii
1157 1734 1373 1789 mediae
1419 1732 1619 1788 aetatis
1668 1730 1977 1803 scriptores
2022 1747 2143 1785 cum
2173 1747 2274 1787 ve-

461 1817 782 1873 tustissimis
815 1816 1125 1872 editoribus
1154 1818 1302 1872 hunc
1333 1816 1587 1872 ordinem
1614 1815 1792 1871 secuti
1824 1814 1952 1870 sint.
2018 1814 2130 1870 Sed
2154 1830 2274 1869 cum

459 1900 901 1972 reputaverimus
932 1905 1048 1955 tres
1070 1899 1299 1956 Fluvios
1324 1899 1651 1955 coniunctos
1680 1898 1882 1954 librum
1913 1898 2139 1954 efficere
2170 1896 2273 1951 mi-

461 2000 654 2040 norem
690 2000 850 2055 quam
881 1985 972 2040 vel
1014 2001 1177 2039 unum
1205 1985 1520 2053 Tiberium,
1554 1989 1783 2053 tresqne
1815 1979 2137 2038 ‘aestivos’
2169 1980 2273 2036 im-

459 2074 753 2139 peratores
808 2084 877 2122 ne
931 2067 1235 2138 Caligulam
1295 2067 1516 2138 quidem
1571 2083 1816 2137 aequare
1872 2064 2271 2136 magnitudine,

462 2150 796 2223 comparatis
833 2151 997 2207 etiam
1029 2152 1261 2207 aliorum
1303 2150 1635 2222 scriptorum
1674 2155 1735 2204 ut
1764 2149 2035 2220 Diogenis
2067 2147 2272 2204 Laertii

460 2234 791 2303 rationibuS,
817 2240 972 2289 recte
997 2252 1062 2292 ac
1080 2234 1276 2291 merito
1304 2235 1552 2290 Isaacum
1568 2232 1949 2289 Casaubonum
1974 2248 2116 2289 anno
2137 2237 2273 2291 1595

461 2317 826 2373 iudicabimus
860 2317 1065 2373 Suidae
1097 2318 1414 2374 auctoritati
1444 2316 1820 2373 concessisse.

585 2401 905 2473 Capitum
932 2417 1151 2473 quoque
1176 2401 1736 2457 distinctionem
1759 2417 1828 2455 ne
1845 2399 2070 2456 silentio
2094 2404 2273 2454 trans-

463 2501 604 2553 eam,
632 2484 785 2539 nolui
812 2501 933 2539 eum
947 2484 1167 2556 quidem
1190 2485 1442 2540 ordinem
1465 2483 1894 2553 numerandique
1910 2498 2117 2537 morem
2144 2498 2274 2552 per-

463 2568 723 2637 turbare,
769 2584 929 2639 quem
961 2585 989 2624 a
1021 2567 1225 2624 scribis
1256 2567 1447 2638 quinto
1479 2568 1695 2622 decimo
1736 2566 1962 2621 saeculo
1992 2564 2272 2620 inductum

461 2651 766 2723 primisque
798 2651 1138 2707 editionibus
1172 2657 1454 2723 receptum
1478 2650 1737 2706 Erasmus
1769 2648 2010 2704 numeris
2040 2648 2094 2701 in
2126 2663 2273 2701 mar-

463 2735 595 2805 gine
630 2734 896 2790 editionis
919 2734 1248 2790 Basiliensis
1285 2752 1333 2790 a.
1357 2740 1496 2794 1518
1517 2733 1789 2805 appositis
1822 2731 2080 2789 sanxisse
2111 2730 2274 2786 vide-

464 2824 553 2872 tur
582 2818 637 2872 in
670 2825 1024 2889 perpetuum3
1058 2834 1238 2888 neque
1268 2818 1319 2873 is
1351 2824 1458 2873 tam
1490 2818 1710 2888 ineptus
1751 2822 1837 2871 est
1873 2823 1932 2870 ut
1963 2814 2131 2871 abiici
2170 2814 2274 2869 de-

460 2899 664 2956 buerit.
729 2900 844 2956 Sed
873 2901 1025 2957 nolui
1060 2907 1240 2956 tamen
1278 2901 1499 2956 nescius
1538 2916 1728 2969 esses,
1763 2900 1943 2954 lector
1973 2898 2272 2967 benevole,

462 2984 747 3055 reperisse
778 3001 864 3040 me
898 2984 952 3039 in
980 2984 1304 3041 Memmiano
1337 2984 1534 3040 codice
1567 2984 1726 3039 aliam
1768 2982 2007 3054 capitum
2037 2980 2274 3036 divisio-

465 3083 587 3121 nem
619 3073 726 3122 tam
757 3069 1096 3124 commodam
1139 3074 1357 3139 tamque
1389 3068 1755 3135 luculentam,
1798 3072 1857 3121 ut
1890 3066 2068 3136 ipsius
2101 3065 2274 3119 Tran-

466 3150 624 3220 quilli
668 3168 826 3206 manu
859 3152 1109 3206 instituta
1140 3168 1268 3207 esse
1299 3150 1573 3207 videatur.
1662 3150 1792 3205 Eam
1834 3149 2041 3219 igitur,
2077 3147 2273 3219 paucis

463 3233 627 3288 modo
694 3235 859 3290 aliter
907 3234 1305 3290 administratis
1360 3250 1501 3304 quae
1556 3231 1882 3289 necessario
1947 3229 2273 3299 refingenda

602 3430 658 3495 2)
697 3432 977 3497 Tranquilli
1013 3430 1187 3481 librum
1221 3432 1369 3480 vitam
1406 3430 1660 3495 Caligulae
1689 3431 2011 3481 continentem
2042 3425 2274 3491 Lampri-

463 3497 579 3550 dius
615 3514 815 3564 quoque
851 3506 1205 3550 commemorat
1232 3499 1287 3547 in
1325 3498 1596 3549 Commodo
1635 3514 1747 3564 cap.
1786 3497 1867 3548 10.
