2553 3960
932 227 1345 274 PRAEFATIO.
1849 226 2021 274 XCIX

329 390 454 453 309,
499 391 535 444 5
578 385 681 457 qui
725 383 836 440 huc
878 375 898 460 Ι
932 390 961 445 7
995 385 1202 453 Quodsi
1245 386 1354 442 huc
1400 378 1414 463 Ι
1454 391 1514 446 17
1559 384 1716 442 Inter
1755 387 1950 442 vellere
2004 377 2019 467 Ι

214 474 279 526 24
303 468 524 524 Duobus
552 485 633 523 an
673 466 684 540 Ι
720 473 788 529 27
819 468 918 523 hos
946 470 1083 525 duos
1118 465 1126 545 Ι
1165 476 1235 529 28
1259 470 1413 525 locus
1449 462 1460 547 Ι
1496 476 1556 526 ut
1587 470 1733 525 ambi
1764 468 1776 543 Ι
1813 477 1881 530 29
1913 471 2020 527 duo

217 557 272 607 ut
292 552 442 607 ambo
479 545 486 626 Ι
527 558 601 612 32
634 552 825 608 Currit
843 569 919 607 an
955 544 967 630 Ι
1002 569 1177 626 eaque
1197 568 1346 609 nunc
1373 555 1509 609 audi
1526 544 1623 608 'vel
1657 568 1834 625 eaque
1874 570 2017 609 nun-

217 636 390 691 ciandi
418 627 433 712 Ι
468 642 542 695 33
570 632 644 706 Isi
673 631 787 705 ff·-
824 635 970 691 Nam
1009 630 1018 713 Ι
1056 641 1123 697 37
1155 637 1377 693 verbum
1404 640 1527 692 erit.

322 725 442 789 310,
466 724 501 775 2
530 720 848 775 saturnalis
869 719 1019 791 facit
1045 726 1106 776 ut
1137 721 1386 776 subsellis
1422 715 1433 795 Ι
1470 728 1505 781 3
1523 720 1655 791 fieri
1676 722 2016 788 saturnalio!

217 807 248 861 6
273 800 425 858 Inter
459 818 708 874 ynavum
753 808 806 857 et
839 804 1095 875 iynarum
1136 810 1187 859 et
1214 820 1455 876 quarum
1492 801 1502 877 Ι
1552 809 1621 863 16
1660 819 1764 860 nec
1794 806 1902 861 late
1929 800 2018 861 int*

215 886 378 940 littera
414 878 426 964 Ι
463 892 537 945 24
565 886 796 941 Rursus
824 903 899 941 an
936 883 949 964 Ι
995 894 1060 947 31
1099 888 1386 942 tribunalis
1423 881 1434 964 Ι
1470 888 1723 943 animalis
1759 882 1771 965 Ι
1808 895 2018 948 32·mo-

217 970 536 1041 msymbam
581 971 644 1024 in
691 963 705 1048 Ι
756 970 999 1027 fortasse
1032 974 1161 1043 quia
1191 972 1281 1025 sal
1308 971 1400 1026 vol
1432 972 1560 1042 quia
1593 972 1676 1027 sol
1719 962 1732 1050 Ι
1780 977 1851 1032 38
1878 975 2018 1027 enim

211 1052 471 1123 phyteton.
1075 1063 1085 1070 ’
1512 1103 1518 1109 .

326 1142 423 1196 311
438 1177 458 1207 ‚
506 1144 543 1197 3
582 1137 769 1209 Puqil.
806 1139 966 1210 puqil
1011 1154 1087 1192 an
1127 1139 1437 1210 pugillares
1463 1154 1540 1193 an
1581 1139 1867 1210 puqilaria
1914 1154 2017 1195 nec

211 1222 439 1291 puqillczr
467 1222 584 1276 dici
621 1216 634 1296 Ι
670 1226 706 1279 4
746 1222 1070 1277 neutraliter
1111 1222 1348 1293 suppleo
1397 1213 1408 1300 Ι
1458 1222 1659 1278 codicis
1707 1216 1718 1300 Ι
1769 1229 1837 1283 16
1862 1230 1915 1279 et
1948 1224 2019 1280 de

215 1302 310 1357 boc
411 1308 543 1377 quia
588 1307 803 1377 integer
837 1319 921 1360 em
964 1304 1068 1361 hoc
1098 1320 1255 1377 pane
1283 1307 1415 1377 quia
1451 1321 1575 1361 cum
1614 1305 1846 1377 fraclur
1878 1308 2015 1363 dici·

214 1402 323 1441 mus
416 1396 482 1449 19
522 1388 841 1444 Plurimum
882 1405 957 1443 an
995 1382 1005 1466 Ι
1044 1395 1114 1447 20
1155 1391 1461 1459 plurimum
1498 1388 1687 1444 deberi
1718 1381 1731 1468 Ι
1766 1396 1835 1448 22
1870 1407 1989 1462 pro
2063 1449 2074 1462 ,

215 1470 337 1525 dunt
368 1464 380 1550 Ι
417 1473 623 1528 debere
649 1474 709 1529 di
742 1472 750 1542 Ι
789 1478 855 1532 27
889 1472 1339 1545 Huiusquemodi,
1369 1489 1590 1545 semper
1618 1473 1705 1529 sio
1743 1466 1753 1552 Ι
1791 1479 1859 1534 34
1886 1475 1988 1529 dix

217 1562 367 1610 erunt
402 1573 515 1628 qua
558 1555 568 1627 Ι
609 1561 676 1616 37
702 1558 1016 1611 caeruleum
1049 1563 1146 1611 est.
1618 1563 1629 1572 '

213 1676 223 1687 ·
329 1646 450 1710 312,
486 1646 521 1700 7
553 1641 753 1695 eniena
778 1640 1009 1712 fruenta
1048 1633 1057 1716 Ι
1093 1646 1130 1699 8
1156 1640 1316 1696 Inter
1344 1642 1586 1697 timorem
1619 1647 1820 1695 metum
1839 1657 1986 1710 pavo

220 1736 321 1776 rem
348 1730 399 1778 et
423 1722 819 1795 formidinem.-
863 1726 1024 1779 timor
1053 1725 1291 1798 suppleo
1330 1717 1339 1801 Ι
1377 1730 1411 1785 9
1450 1726 1666 1779 animus
1699 1714 1712 1802 Ι
1754 1732 1819 1783 10
1858 1739 2018 1796 sepes

220 1806 323 1861 sine
354 1800 367 1885 Ι
402 1814 461 1865 11
503 1813 560 1863 et
581 1809 638 1862 ei
663 1823 838 1880 equus
872 1801 884 1886 Ι
934 1815 1003 1868 13
1041 1809 1258 1863 animus
1294 1800 1305 1885 Ι
1357 1813 1424 1867 16
1464 1821 1671 1863 suntme
1706 1802 1717 1886 Ι
1766 1814 1834 1867 22
1869 1814 2018 1863 terre

221 1891 409 1944 minuat
443 1887 453 1964 Ι
491 1897 566 1952 23
601 1893 756 1947 circa
788 1908 954 1963 quam
1007 1884 1017 1968 Ι
1066 1897 1135 1951 26
1163 1906 1412 1947 seorsum
1440 1894 1720 1962 seponitur
1748 1898 1782 1949 2
1810 1909 1970 1948 manu
2003 1885 2014 1965 Ι

219 1973 527 2032 mim-tasse
541 1978 808 2047 pertinet,
848 1991 959 2031 non
988 1976 1067 2031 ad
1092 1990 1210 2031 rem
1248 1971 1258 2052 Ι
1295 1983 1366 2036 33
1390 1975 1557 2032 horat
1589 1972 1599 2048 Ι
1636 1978 2011 2043 35rationem!

219 2061 277 2115 37
308 2060 452 2129 quod
480 2058 575 2114 d'o
615 2056 625 2135 Ι
661 2066 732 2120 38
762 2061 1024 2132 pullicus.

327 2149 459 2213 313,
487 2149 527 2200 2
568 2148 625 2198 ot
659 2144 741 2198 2712·
769 2144 861 2200 vel
899 2130 962 2199 ἐι
995 2143 1076 2198 ειιι·
1108 2140 1118 2220 1
1155 2144 1445 2200 vindentur
1478 2138 1494 2223 1
1528 2150 1564 2203 3
1600 2145 1732 2199 locis
1768 2136 1779 2219 Ι
1818 2149 1851 2204 6
1887 2148 2017 2198 trata

223 2224 422 2281 additur
454 2232 592 2298 post
625 2226 844 2282 arbitrii
889 2221 899 2301 Ι
948 2233 982 2288 9
1008 2228 1231 2299 aliquod
1276 2218 1288 2304 Ι
1338 2227 1559 2300 aliquod
1605 2220 1616 2304 Ι
1668 2236 1736 2287 10
1761 2229 1923 2282 veluti
1940 2245 2016 2299 p:

221 2310 432 2364 merium
527 2316 594 2368 11
640 2325 754 2381 pus
793 2326 1011 2367 murum
1048 2301 1060 2387 Ι
1101 2315 1166 2369 14
1223 2312 1523 2366 inicientem
1560 2300 1573 2388 Ι
1609 2317 1676 2371 16
1735 2312 1960 2366 iniciens
2001 2314 2011 2377 Ι

222 2395 283 2452 20
312 2395 429 2447 etim
521 2397 590 2452 21
611 2393 761 2466 quod
785 2393 876 2448 iab
912 2388 923 2471 Ι
960 2400 1029 2451 22
1052 2394 1200 2466 quod
1225 2395 1301 2448 ad
1329 2396 1520 2466 lanuqi
1537 2400 1589 2450 et
1617 2395 1764 2466 quod
1799 2397 1811 2471 Ι
1845 2401 1911 2454 25
1936 2402 2016 2450 est

222 2477 334 2544 quia
376 2478 518 2533 licito
557 2469 568 2556 Ι
606 2483 677 2537 28
703 2476 974 2532 inlicitatis
1015 2480 1237 2548 saepius
1273 2469 1285 2555 Ι
1323 2483 1390 2537 29
1433 2478 1676 2534 fortasse
1706 2479 2013 2557 diciinlici-

227 2561 409 2615 totores
444 2556 459 2640 Ι
494 2567 568 2622 34
594 2575 781 2617 noxae
818 2554 827 2636 Ι
864 2566 931 2621 37
963 2561 1205 2617 fortasse
1237 2563 1536 2616 comminus
1562 2563 1817 2617 duorum.

335 2649 464 2716 314,
511 2651 548 2705 3
597 2647 740 2700 venit
773 2636 785 2722 Ι
831 2650 870 2704 4
930 2646 1110 2716 eoyitit
1139 2637 1154 2720 Ι
1202 2644 1461 2700 laborare
1498 2637 1508 2720 Ι
1544 2651 1578 2703 5
1626 2645 1766 2699 idem
1818 2645 1963 2714 quod
2001 2647 2012 2710 Ι

224 2726 443 2783 Slocum
484 2720 496 2806 Ι
534 2742 784 2799 persona
822 2719 833 2806 Ι
873 2735 941 2788 13
978 2728 1218 2784 Imbrem
1249 2734 1306 2782 et
1349 2726 1518 2782 imber
1555 2728 1792 2799 suppleo
1832 2719 1842 2804 Ι
1880 2729 1959 2784 vis
2000 2730 2012 2793 Ι

228 2814 287 2866 14
308 2811 439 2866 idem
464 2813 627 2882 pulso
666 2803 677 2890 Ι
715 2829 751 2866 α
791 2811 1019 2867 nubibus
1055 2804 1065 2889 Ι
1107 2818 1171 2870 15
1203 2812 1387 2883 aliqua
1426 2804 1437 2887 Ι
1472 2818 1542 2872 16
1580 2826 1780 2867 serena
1817 2803 1828 2888 Ι
1870 2817 1933 2870 18
1966 2816 2019 2866 et

224 2898 513 2960 peccatoris
560 2888 571 2972 Ι
622 2901 691 2953 20
728 2896 796 2950 de
829 2910 896 2953 ea
944 2888 955 2963 Ι
1012 2902 1080 2954 25
1113 2893 1270 2950 Inter
1306 2900 1359 2951 et
1405 2898 1578 2951 itener
1624 2898 1635 2966 1
1682 2897 1829 2969 quod
1865 2897 1960 2967 qui
1999 2887 2013 2972 Ι

229 2979 287 3033 27
313 2994 473 3034 unum
504 2986 586 3034 est
622 2978 859 3051 suppleo
897 2971 908 3052 Ι
945 2985 1015 3039 28
1044 2981 1203 3035 totius
1238 2971 1250 3055 Ι
1288 2985 1353 3040 31
1385 2978 1671 3035 Invenitur
1706 2972 1721 3059 Ι
1756 2986 1825 3040 32
1851 2986 2012 3035 natu-

192 3070 193 3073 ’
230 3074 339 3114 ram
373 3057 385 3138 Ι
420 3063 665 3119 fortasse
700 3064 880 3117 tamen
900 3064 1183 3137 principia
1213 3069 1269 3118 et
1296 3066 1529 3134 speciem
1552 3066 1705 3119 initii.

342 3151 471 3218 315,
506 3153 541 3206 3
575 3144 812 3201 Inducia
851 3138 861 3222 Ι
899 3147 1112 3202 inducie
1138 3150 1354 3202 nomine
1379 3163 1602 3204 nomero
1639 3139 1653 3224 Ι
1687 3154 1718 3207 5
1759 3160 1963 3219 pacem
2001 3141 2014 3215 Ι

225 3229 545 3299 pepiyessem
582 3221 595 3309 Ι
632 3235 665 3288 6
698 3237 758 3285 ut
787 3231 845 3284 in
884 3223 893 3304 Ι
930 3235 962 3290 7
991 3230 1387 3287 imbecilliorem
1416 3234 1588 3287 altero
1624 3222 1637 3307 Ι
1673 3239 1732 3292 11
1770 3229 2028 3288 fortasse

230 3323 342 3366 cum
396 3314 731 3369 membratim
789 3314 1048 3386 discerpit
1091 3307 1101 3393 Ι
1156 3321 1223 3374 18
1287 3316 1347 3369 id
1399 3312 1555 3370 Hand
1609 3330 1712 3386 pro
1772 3312 1837 3370 in
1886 3315 1951 3376 id
1997 3310 2010 3384 Ι

230 3396 293 3451 20
338 3412 562 3453 nwnero
614 3398 888 3469 sinyulari
936 3392 1069 3477 [22
1113 3413 1299 3453 omnes
1334 3387 1662 3454 conditiones
1706 3391 1717 3475 Ι
1767 3404 1834 3457 25
1883 3401 2032 3452 iura-

231 3491 323 3545 que
374 3486 598 3553 reperta
635 3472 646 3555 Ι
683 3486 753 3540 28
811 3483 987 3538 artius
1044 3474 1261 3560 leyent}
1299 3489 1368 3541 30
1420 3482 1660 3537 fortasse
1719 3480 1806 3593 3⁷1*-
1846 3479 1946 3535 DC

1669 3579 1705 3621 g
1791 3582 1834 3597 ,d
