<?xml version="1.0" encoding="UTF-8"?>
<!DOCTYPE html PUBLIC "-//W3C//DTD XHTML 1.0 Transitional//EN"
    "http://www.w3.org/TR/xhtml1/DTD/xhtml1-transitional.dtd">
<html xmlns="http://www.w3.org/1999/xhtml" xml:lang="en" lang="en">
 <head>
  <title>
</title>
<meta http-equiv="Content-Type" content="text/html;charset=utf-8" />
  <meta name='ocr-system' content='tesseract 3.04.00' />
  <meta name='ocr-capabilities' content='ocr_page ocr_carea ocr_par ocr_line ocrx_word'/>
</head>
<body>
  <div class='ocr_page' id='page_1' title='image "./csuetonitranqui06rothgoog_0222.png"; bbox 0 0 2553 3960; ppageno 0'>
   <div class='ocr_carea' id='block_1_1' title="bbox 329 205 2222 302">
    <p class='ocr_par' dir='ltr' id='par_1_1' title="bbox 329 205 2222 302">
     <span class='ocr_line' id='line_1_1' title="bbox 329 205 2222 302; baseline 0.002 -37"><span class='ocrx_word' id='word_1_1' title='bbox 329 205 449 266; x_wconf 88' lang='lat'>110</span> <span class='ocrx_word' id='word_1_2' title='bbox 499 216 557 265; x_wconf 83' lang='grc' dir='ltr'>ο.</span> <span class='ocrx_word' id='word_1_3' title='bbox 586 216 884 302; x_wconf 58' lang='lat' dir='ltr'>summu</span> <span class='ocrx_word' id='word_1_4' title='bbox 910 218 1164 277; x_wconf 70' lang='lat' dir='ltr'>Tmo.</span> <span class='ocrx_word' id='word_1_5' title='bbox 1192 218 1287 265; x_wconf 81' lang='lat' dir='ltr'>DE</span> <span class='ocrx_word' id='word_1_6' title='bbox 1309 219 1475 265; x_wconf 77' lang='lat' dir='ltr'>vrrA</span> <span class='ocrx_word' id='word_1_7' title='bbox 1501 218 1867 268; x_wconf 75' lang='lat' dir='ltr'>CAESARUM</span> <span class='ocrx_word' id='word_1_8' title='bbox 1888 221 2028 268; x_wconf 74' lang='lat' dir='ltr'>mn.</span> <span class='ocrx_word' id='word_1_9' title='bbox 2058 221 2154 269; x_wconf 84' lang='lat'>111.</span> <span class='ocrx_word' id='word_1_10' title='bbox 2221 239 2222 244; x_wconf 18' lang='grc' dir='ltr'><strong>κ</strong></span> 
     </span>
    </p>
   </div>
   <div class='ocr_carea' id='block_1_2' title="bbox 239 371 2400 1704">
    <p class='ocr_par' dir='ltr' id='par_1_2' title="bbox 326 371 2328 539">
     <span class='ocr_line' id='line_1_2' title="bbox 326 371 2328 451; baseline 0.003 -19"><span class='ocrx_word' id='word_1_11' title='bbox 326 372 629 433; x_wconf 80' lang='lat' dir='ltr'>affirmavit</span> <span class='ocrx_word' id='word_1_12' title='bbox 670 371 832 447; x_wconf 82' lang='lat' dir='ltr'>fore,</span> <span class='ocrx_word' id='word_1_13' title='bbox 879 377 949 431; x_wconf 80' lang='lat' dir='ltr'>ut</span> <span class='ocrx_word' id='word_1_14' title='bbox 983 389 1062 431; x_wconf 71' lang='lat' dir='ltr'>em</span> <span class='ocrx_word' id='word_1_15' title='bbox 1092 371 1383 451; x_wconf 86' lang='lat' dir='ltr'>Pompeio</span> <span class='ocrx_word' id='word_1_16' title='bbox 1415 372 1825 450; x_wconf 80' lang='lat' dir='ltr'>Pompeianus</span> <span class='ocrx_word' id='word_1_17' title='bbox 1860 373 2076 451; x_wconf 72' lang='lat' dir='ltr'>fieret,</span> <span class='ocrx_word' id='word_1_18' title='bbox 2110 377 2328 439; x_wconf 83' lang='lat' dir='ltr'>acerba</span> 
     </span>
     <span class='ocr_line' id='line_1_3' title="bbox 326 454 2325 539; baseline 0.002 -23"><span class='ocrx_word' id='word_1_19' title='bbox 326 456 696 517; x_wconf 84' lang='lat' dir='ltr'>cavillatione</span> <span class='ocrx_word' id='word_1_20' title='bbox 727 454 892 514; x_wconf 89' lang='lat' dir='ltr'>simul</span> <span class='ocrx_word' id='word_1_21' title='bbox 927 454 1172 514; x_wconf 88' lang='lat' dir='ltr'>hominis</span> <span class='ocrx_word' id='word_1_22' title='bbox 1207 473 1418 516; x_wconf 90' lang='lat' dir='ltr'>nomen</span> <span class='ocrx_word' id='word_1_23' title='bbox 1452 458 1755 516; x_wconf 91' lang='lat' dir='ltr'>incessens</span> <span class='ocrx_word' id='word_1_24' title='bbox 1783 465 2160 536; x_wconf 82' lang='lat' dir='ltr'><strong>veterumque</strong></span> <span class='ocrx_word' id='word_1_25' title='bbox 2190 478 2325 539; x_wconf 88' lang='lat' dir='ltr'>par·</span> 
     </span>
    </p>

    <p class='ocr_par' dir='ltr' id='par_1_3' title="bbox 239 537 2398 1535">
     <span class='ocr_line' id='line_1_4' title="bbox 239 537 2324 618; baseline 0 -17.001"><span class='ocrx_word' id='word_1_26' title='bbox 239 542 461 612; x_wconf 79' lang='lat' dir='ltr'>53tium</span> <span class='ocrx_word' id='word_1_27' title='bbox 489 540 794 599; x_wconf 84' lang='lat' dir='ltr'>fortunam.</span> <span class='ocrx_word' id='word_1_28' title='bbox 849 537 966 597; x_wconf 91' lang='lat' dir='ltr'>Sub</span> <span class='ocrx_word' id='word_1_29' title='bbox 998 537 1147 597; x_wconf 91' lang='lat' dir='ltr'>idem</span> <span class='ocrx_word' id='word_1_30' title='bbox 1177 548 1431 617; x_wconf 90' lang='lat' dir='ltr'>tempus,</span> <span class='ocrx_word' id='word_1_31' title='bbox 1466 540 1803 600; x_wconf 80' lang='lat' dir='ltr'>consulente</span> <span class='ocrx_word' id='word_1_32' title='bbox 1836 550 2106 618; x_wconf 87' lang='lat' dir='ltr'>praetore</span> <span class='ocrx_word' id='word_1_33' title='bbox 2137 559 2208 601; x_wconf 89' lang='lat' dir='ltr'>au</span> <span class='ocrx_word' id='word_1_34' title='bbox 2241 545 2324 603; x_wconf 90' lang='lat' dir='ltr'>iu-</span> 
     </span>
     <span class='ocr_line' id='line_1_5' title="bbox 325 621 2323 704; baseline 0.002 -21"><span class='ocrx_word' id='word_1_35' title='bbox 325 624 475 684; x_wconf 90' lang='lat' dir='ltr'>dicia</span> <span class='ocrx_word' id='word_1_36' title='bbox 506 623 821 682; x_wconf 84' lang='lat' dir='ltr'>maiestatis</span> <span class='ocrx_word' id='word_1_37' title='bbox 864 623 998 699; x_wconf 79' lang='lat' dir='ltr'>cogi</span> <span class='ocrx_word' id='word_1_38' title='bbox 1028 621 1282 699; x_wconf 88' lang='lat' dir='ltr'>iuberet,</span> <span class='ocrx_word' id='word_1_39' title='bbox 1327 623 1684 683; x_wconf 84' lang='lat' dir='ltr'>exercendas</span> <span class='ocrx_word' id='word_1_40' title='bbox 1713 641 1846 682; x_wconf 90' lang='lat' dir='ltr'>esse</span> <span class='ocrx_word' id='word_1_41' title='bbox 1880 624 2045 701; x_wconf 83' lang='lat' dir='ltr'>leges</span> <span class='ocrx_word' id='word_1_42' title='bbox 2077 642 2323 704; x_wconf 89' lang='lat' dir='ltr'>respon-</span> 
     </span>
     <span class='ocr_line' id='line_1_6' title="bbox 325 706 2371 788; baseline 0.001 -21"><span class='ocrx_word' id='word_1_43' title='bbox 325 708 405 767; x_wconf 85' lang='lat' dir='ltr'>dit</span> <span class='ocrx_word' id='word_1_44' title='bbox 448 716 506 766; x_wconf 87' lang='lat' dir='ltr'>et</span> <span class='ocrx_word' id='word_1_45' title='bbox 554 707 918 767; x_wconf 78' lang='lat' dir='ltr'><strong>atrocissime</strong></span> <span class='ocrx_word' id='word_1_46' title='bbox 965 708 1246 765; x_wconf 87' lang='lat' dir='ltr'>exercuit.</span> <span class='ocrx_word' id='word_1_47' title='bbox 1308 708 1541 767; x_wconf 87' lang='lat' dir='ltr'>Statuae</span> <span class='ocrx_word' id='word_1_48' title='bbox 1585 706 1812 785; x_wconf 88' lang='lat' dir='ltr'>quidam</span> <span class='ocrx_word' id='word_1_49' title='bbox 1855 706 2104 784; x_wconf 81' lang='lat' dir='ltr'>Augusti</span> <span class='ocrx_word' id='word_1_50' title='bbox 2150 717 2371 788; x_wconf 75' lang='lat' dir='ltr'>caputs</span> 
     </span>
     <span class='ocr_line' id='line_1_7' title="bbox 325 788 2324 871; baseline 0.001 -20"><span class='ocrx_word' id='word_1_51' title='bbox 325 792 643 866; x_wconf 89' lang='lat' dir='ltr'>demserat,</span> <span class='ocrx_word' id='word_1_52' title='bbox 692 798 753 849; x_wconf 90' lang='lat' dir='ltr'>ut</span> <span class='ocrx_word' id='word_1_53' title='bbox 790 788 1029 849; x_wconf 88' lang='lat' dir='ltr'>alterius</span> <span class='ocrx_word' id='word_1_54' title='bbox 1057 791 1410 868; x_wconf 78' lang='lat' dir='ltr'>imponeret3</span> <span class='ocrx_word' id='word_1_55' title='bbox 1456 800 1584 850; x_wconf 89' lang='lat' dir='ltr'>acta</span> <span class='ocrx_word' id='word_1_56' title='bbox 1607 809 1704 850; x_wconf 88' lang='lat' dir='ltr'>res</span> <span class='ocrx_word' id='word_1_57' title='bbox 1739 791 1797 849; x_wconf 90' lang='lat' dir='ltr'>in</span> <span class='ocrx_word' id='word_1_58' title='bbox 1828 800 2029 851; x_wconf 88' lang='lat' dir='ltr'>senatu</span> <span class='ocrx_word' id='word_1_59' title='bbox 2060 800 2146 867; x_wconf 87' lang='lat' dir='ltr'>et,</span> <span class='ocrx_word' id='word_1_60' title='bbox 2190 793 2324 871; x_wconf 87' lang='lat' dir='ltr'>quia</span> 
     </span>
     <span class='ocr_line' id='line_1_8' title="bbox 322 873 2324 954; baseline 0 -18"><span class='ocrx_word' id='word_1_61' title='bbox 322 873 751 951; x_wconf 82' lang='lat' dir='ltr'>ambigebatur,</span> <span class='ocrx_word' id='word_1_62' title='bbox 796 891 904 950; x_wconf 90' lang='lat' dir='ltr'>per</span> <span class='ocrx_word' id='word_1_63' title='bbox 949 881 1228 932; x_wconf 90' lang='lat' dir='ltr'>tormenta</span> <span class='ocrx_word' id='word_1_64' title='bbox 1274 876 1534 951; x_wconf 88' lang='lat' dir='ltr'>quaesita</span> <span class='ocrx_word' id='word_1_65' title='bbox 1566 884 1673 933; x_wconf 90' lang='lat' dir='ltr'>est.</span> <span class='ocrx_word' id='word_1_66' title='bbox 1734 874 2015 937; x_wconf 80' lang='lat' dir='ltr'>Damnata</span> <span class='ocrx_word' id='word_1_67' title='bbox 2048 892 2153 935; x_wconf 90' lang='lat' dir='ltr'>reo</span> <span class='ocrx_word' id='word_1_68' title='bbox 2186 894 2324 954; x_wconf 87' lang='lat' dir='ltr'>pau·</span> 
     </span>
     <span class='ocr_line' id='line_1_9' title="bbox 324 956 2325 1037; baseline 0 -18"><span class='ocrx_word' id='word_1_69' title='bbox 324 960 477 1019; x_wconf 91' lang='lat' dir='ltr'>latim</span> <span class='ocrx_word' id='word_1_70' title='bbox 508 976 694 1033; x_wconf 84' lang='lat' dir='ltr'>genus</span> <span class='ocrx_word' id='word_1_71' title='bbox 726 956 1042 1016; x_wconf 87' lang='lat' dir='ltr'>calumniae</span> <span class='ocrx_word' id='word_1_72' title='bbox 1074 974 1147 1016; x_wconf 90' lang='lat' dir='ltr'>eo</span> <span class='ocrx_word' id='word_1_73' title='bbox 1182 959 1489 1034; x_wconf 87' lang='lat' dir='ltr'>processit,</span> <span class='ocrx_word' id='word_1_74' title='bbox 1525 967 1585 1016; x_wconf 87' lang='lat' dir='ltr'>ut</span> <span class='ocrx_word' id='word_1_75' title='bbox 1615 957 1761 1017; x_wconf 88' lang='lat' dir='ltr'>haec</span> <span class='ocrx_word' id='word_1_76' title='bbox 1792 974 2021 1037; x_wconf 87' lang='lat' dir='ltr'>quoque</span> <span class='ocrx_word' id='word_1_77' title='bbox 2053 958 2325 1037; x_wconf 86' lang='lat' dir='ltr'>capitalia</span> 
     </span>
     <span class='ocr_line' id='line_1_10' title="bbox 324 1039 2323 1118; baseline 0 -17"><span class='ocrx_word' id='word_1_78' title='bbox 324 1050 551 1102; x_wconf 89' lang='lat' dir='ltr'>essent:</span> <span class='ocrx_word' id='word_1_79' title='bbox 608 1042 762 1099; x_wconf 90' lang='lat' dir='ltr'>circa</span> <span class='ocrx_word' id='word_1_80' title='bbox 806 1039 1055 1116; x_wconf 83' lang='lat' dir='ltr'>Augusti</span> <span class='ocrx_word' id='word_1_81' title='bbox 1107 1041 1470 1100; x_wconf 84' lang='lat' dir='ltr'>simulacrum</span> <span class='ocrx_word' id='word_1_82' title='bbox 1521 1058 1749 1101; x_wconf 88' lang='lat' dir='ltr'>servum</span> <span class='ocrx_word' id='word_1_83' title='bbox 1803 1040 2107 1118; x_wconf 89' lang='lat' dir='ltr'>cecidisse,</span> <span class='ocrx_word' id='word_1_84' title='bbox 2146 1043 2323 1101; x_wconf 83' lang='lat' dir='ltr'>vesti·</span> 
     </span>
     <span class='ocr_line' id='line_1_11' title="bbox 324 1123 2398 1203; baseline 0.001 -19"><span class='ocrx_word' id='word_1_85' title='bbox 324 1133 511 1184; x_wconf 85' lang='lat' dir='ltr'>menta</span> <span class='ocrx_word' id='word_1_86' title='bbox 543 1132 824 1199; x_wconf 90' lang='lat' dir='ltr'>mutasse,</span> <span class='ocrx_word' id='word_1_87' title='bbox 857 1140 1083 1183; x_wconf 90' lang='lat' dir='ltr'>nummo</span> <span class='ocrx_word' id='word_1_88' title='bbox 1108 1123 1202 1183; x_wconf 89' lang='lat' dir='ltr'>vel</span> <span class='ocrx_word' id='word_1_89' title='bbox 1234 1124 1406 1183; x_wconf 91' lang='lat' dir='ltr'>anulo</span> <span class='ocrx_word' id='word_1_90' title='bbox 1438 1125 1691 1202; x_wconf 79' lang='lat' dir='ltr'>effigiem</span> <span class='ocrx_word' id='word_1_91' title='bbox 1716 1126 2054 1203; x_wconf 89' lang='lat' dir='ltr'>impressam</span> <span class='ocrx_word' id='word_1_92' title='bbox 2077 1124 2324 1186; x_wconf 79' lang='lat' dir='ltr'>latrinae</span> <span class='ocrx_word' id='word_1_93' title='bbox 2346 1146 2398 1187; x_wconf 76' lang='grc' dir='ltr'>ιο</span> 
     </span>
     <span class='ocr_line' id='line_1_12' title="bbox 324 1205 2324 1286; baseline 0 -18"><span class='ocrx_word' id='word_1_94' title='bbox 324 1217 419 1268; x_wconf 85' lang='lat' dir='ltr'>aut</span> <span class='ocrx_word' id='word_1_95' title='bbox 451 1207 713 1286; x_wconf 86' lang='lat' dir='ltr'>lupanari</span> <span class='ocrx_word' id='word_1_96' title='bbox 755 1205 1017 1266; x_wconf 88' lang='lat' dir='ltr'>intulisse</span> <span class='ocrx_word' id='word_1_97' title='bbox 1038 1252 1055 1283; x_wconf 92' lang='lat'>,</span> <span class='ocrx_word' id='word_1_98' title='bbox 1099 1206 1309 1266; x_wconf 90' lang='lat' dir='ltr'>dictum</span> <span class='ocrx_word' id='word_1_99' title='bbox 1353 1208 1526 1268; x_wconf 90' lang='lat' dir='ltr'>ullum</span> <span class='ocrx_word' id='word_1_100' title='bbox 1554 1209 1841 1268; x_wconf 84' lang='lat' dir='ltr'>factumve</span> <span class='ocrx_word' id='word_1_101' title='bbox 1875 1210 1999 1267; x_wconf 89' lang='lat' dir='ltr'>eius</span> <span class='ocrx_word' id='word_1_102' title='bbox 2033 1209 2324 1269; x_wconf 84' lang='lat' dir='ltr'>existima-</span> 
     </span>
     <span class='ocr_line' id='line_1_13' title="bbox 324 1290 2327 1370; baseline 0 -19"><span class='ocrx_word' id='word_1_103' title='bbox 324 1292 481 1351; x_wconf 83' lang='lat' dir='ltr'>tione</span> <span class='ocrx_word' id='word_1_104' title='bbox 526 1290 718 1368; x_wconf 85' lang='lat' dir='ltr'>aliqua</span> <span class='ocrx_word' id='word_1_105' title='bbox 759 1290 1023 1349; x_wconf 85' lang='lat' dir='ltr'>laesisse.</span> <span class='ocrx_word' id='word_1_106' title='bbox 1089 1290 1245 1350; x_wconf 89' lang='lat' dir='ltr'>Perit</span> <span class='ocrx_word' id='word_1_107' title='bbox 1286 1290 1536 1370; x_wconf 88' lang='lat' dir='ltr'>denique</span> <span class='ocrx_word' id='word_1_108' title='bbox 1579 1301 1636 1351; x_wconf 89' lang='lat' dir='ltr'>et</span> <span class='ocrx_word' id='word_1_109' title='bbox 1677 1294 1763 1369; x_wconf 85' lang='lat' dir='ltr'>is,</span> <span class='ocrx_word' id='word_1_110' title='bbox 1809 1294 1904 1368; x_wconf 87' lang='lat' dir='ltr'>qui</span> <span class='ocrx_word' id='word_1_111' title='bbox 1943 1290 2224 1351; x_wconf 88' lang='lat' dir='ltr'>honorem</span> <span class='ocrx_word' id='word_1_112' title='bbox 2265 1294 2327 1351; x_wconf 90' lang='lat' dir='ltr'>in</span> 
     </span>
     <span class='ocr_line' id='line_1_14' title="bbox 326 1372 2327 1454; baseline 0 -19"><span class='ocrx_word' id='word_1_113' title='bbox 326 1374 555 1435; x_wconf 91' lang='lat' dir='ltr'>colonia</span> <span class='ocrx_word' id='word_1_114' title='bbox 587 1392 688 1433; x_wconf 91' lang='lat' dir='ltr'>sua</span> <span class='ocrx_word' id='word_1_115' title='bbox 719 1372 925 1432; x_wconf 92' lang='lat' dir='ltr'>eodem</span> <span class='ocrx_word' id='word_1_116' title='bbox 957 1372 1049 1433; x_wconf 92' lang='lat' dir='ltr'>die</span> <span class='ocrx_word' id='word_1_117' title='bbox 1081 1373 1316 1434; x_wconf 86' lang='lat' dir='ltr'>decerni</span> <span class='ocrx_word' id='word_1_118' title='bbox 1346 1375 1454 1435; x_wconf 88' lang='lat' dir='ltr'>sibi</span> <span class='ocrx_word' id='word_1_119' title='bbox 1485 1394 1691 1454; x_wconf 88' lang='lat' dir='ltr'>passus</span> <span class='ocrx_word' id='word_1_120' title='bbox 1723 1383 1835 1451; x_wconf 88' lang='lat' dir='ltr'>est,</span> <span class='ocrx_word' id='word_1_121' title='bbox 1867 1391 1981 1454; x_wconf 91' lang='lat' dir='ltr'>quo</span> <span class='ocrx_word' id='word_1_122' title='bbox 2014 1374 2235 1435; x_wconf 87' lang='lat' dir='ltr'>decreti</span> <span class='ocrx_word' id='word_1_123' title='bbox 2266 1384 2327 1435; x_wconf 86' lang='lat' dir='ltr'>et</span> 
     </span>
     <span class='ocr_line' id='line_1_15' title="bbox 323 1457 974 1535; baseline -0.005 -17"><span class='ocrx_word' id='word_1_124' title='bbox 323 1459 590 1535; x_wconf 83' lang='lat' dir='ltr'>Augusto</span> <span class='ocrx_word' id='word_1_125' title='bbox 622 1457 758 1516; x_wconf 91' lang='lat' dir='ltr'>olim</span> <span class='ocrx_word' id='word_1_126' title='bbox 791 1466 974 1516; x_wconf 86' lang='lat' dir='ltr'>erant.</span> 
     </span>
    </p>

    <p class='ocr_par' dir='ltr' id='par_1_4' title="bbox 242 1541 2400 1704">
     <span class='ocr_line' id='line_1_16' title="bbox 242 1541 2400 1620; baseline 0.002 -19"><span class='ocrx_word' id='word_1_127' title='bbox 242 1548 309 1601; x_wconf 76' lang='lat'>59</span> <span class='ocrx_word' id='word_1_128' title='bbox 447 1541 621 1602; x_wconf 85' lang='lat' dir='ltr'>Multa</span> <span class='ocrx_word' id='word_1_129' title='bbox 665 1550 969 1618; x_wconf 88' lang='lat' dir='ltr'>praeterea</span> <span class='ocrx_word' id='word_1_130' title='bbox 1012 1543 1215 1619; x_wconf 88' lang='lat' dir='ltr'>specie</span> <span class='ocrx_word' id='word_1_131' title='bbox 1249 1544 1549 1620; x_wconf 81' lang='lat' dir='ltr'>gravitatis</span> <span class='ocrx_word' id='word_1_132' title='bbox 1588 1560 1658 1601; x_wconf 89' lang='lat' dir='ltr'>ac</span> <span class='ocrx_word' id='word_1_133' title='bbox 1689 1559 1907 1601; x_wconf 90' lang='lat' dir='ltr'>morum</span> <span class='ocrx_word' id='word_1_134' title='bbox 1943 1541 2322 1619; x_wconf 78' lang='lat' dir='ltr'>corrigendo-</span> <span class='ocrx_word' id='word_1_135' title='bbox 2343 1561 2400 1607; x_wconf 69' lang='grc' dir='ltr'>ἰε</span> 
     </span>
     <span class='ocr_line' id='line_1_17' title="bbox 322 1624 2325 1704; baseline 0.001 -20"><span class='ocrx_word' id='word_1_136' title='bbox 322 1643 476 1702; x_wconf 90' lang='lat' dir='ltr'>rum,</span> <span class='ocrx_word' id='word_1_137' title='bbox 526 1624 630 1684; x_wconf 89' lang='lat' dir='ltr'>sed</span> <span class='ocrx_word' id='word_1_138' title='bbox 670 1633 728 1683; x_wconf 89' lang='lat' dir='ltr'>et</span> <span class='ocrx_word' id='word_1_139' title='bbox 770 1625 956 1701; x_wconf 82' lang='lat' dir='ltr'>magis</span> <span class='ocrx_word' id='word_1_140' title='bbox 991 1634 1227 1685; x_wconf 88' lang='lat' dir='ltr'>naturae</span> <span class='ocrx_word' id='word_1_141' title='bbox 1270 1635 1712 1704; x_wconf 86' lang='lat' dir='ltr'>optemperans,</span> <span class='ocrx_word' id='word_1_142' title='bbox 1760 1626 1833 1684; x_wconf 88' lang='lat' dir='ltr'>ita</span> <span class='ocrx_word' id='word_1_143' title='bbox 1866 1642 2043 1684; x_wconf 83' lang='lat' dir='ltr'>saeve</span> <span class='ocrx_word' id='word_1_144' title='bbox 2078 1633 2135 1685; x_wconf 88' lang='lat' dir='ltr'>et</span> <span class='ocrx_word' id='word_1_145' title='bbox 2167 1633 2325 1685; x_wconf 87' lang='lat' dir='ltr'>atro·</span> 
     </span>
    </p>
   </div>
   <div class='ocr_carea' id='block_1_3' title="bbox 324 1709 2329 1871">
    <p class='ocr_par' dir='ltr' id='par_1_5' title="bbox 324 1709 2329 1871">
     <span class='ocr_line' id='line_1_18' title="bbox 324 1709 2329 1787; baseline 0 -19"><span class='ocrx_word' id='word_1_146' title='bbox 324 1710 471 1768; x_wconf 88' lang='lat' dir='ltr'>citer</span> <span class='ocrx_word' id='word_1_147' title='bbox 511 1709 825 1783; x_wconf 79' lang='lat' dir='ltr'>factitavit,</span> <span class='ocrx_word' id='word_1_148' title='bbox 869 1717 928 1766; x_wconf 87' lang='lat' dir='ltr'>ut</span> <span class='ocrx_word' id='word_1_149' title='bbox 967 1709 1224 1768; x_wconf 90' lang='lat' dir='ltr'>nonnulli</span> <span class='ocrx_word' id='word_1_150' title='bbox 1269 1709 1574 1769; x_wconf 86' lang='lat' dir='ltr'>versiculis</span> <span class='ocrx_word' id='word_1_151' title='bbox 1621 1724 1852 1787; x_wconf 87' lang='lat' dir='ltr'>quoque</span> <span class='ocrx_word' id='word_1_152' title='bbox 1896 1715 1954 1766; x_wconf 88' lang='lat' dir='ltr'>et</span> <span class='ocrx_word' id='word_1_153' title='bbox 1990 1709 2329 1786; x_wconf 83' lang='lat' dir='ltr'>praesentia</span> 
     </span>
     <span class='ocr_line' id='line_1_19' title="bbox 324 1790 1683 1871; baseline -0.001 -20"><span class='ocrx_word' id='word_1_154' title='bbox 324 1792 745 1871; x_wconf 84' lang='lat' dir='ltr'>exprobrarent</span> <span class='ocrx_word' id='word_1_155' title='bbox 776 1800 834 1848; x_wconf 91' lang='lat' dir='ltr'>et</span> <span class='ocrx_word' id='word_1_156' title='bbox 863 1790 1047 1850; x_wconf 88' lang='lat' dir='ltr'>futura</span> <span class='ocrx_word' id='word_1_157' title='bbox 1081 1790 1476 1853; x_wconf 86' lang='lat' dir='ltr'>denuntiarent</span> <span class='ocrx_word' id='word_1_158' title='bbox 1505 1791 1683 1851; x_wconf 89' lang='lat' dir='ltr'>mala:</span> 
     </span>
    </p>
   </div>
   <div class='ocr_carea' id='block_1_4' title="bbox 489 1945 2403 2101">
    <p class='ocr_par' dir='ltr' id='par_1_6' title="bbox 489 1945 2403 2101">
     <span class='ocr_line' id='line_1_20' title="bbox 489 1945 1808 2020; baseline 0 -18"><span class='ocrx_word' id='word_1_159' title='bbox 489 1947 673 2020; x_wconf 84' lang='lat' dir='ltr'>Asper</span> <span class='ocrx_word' id='word_1_160' title='bbox 692 1950 743 2001; x_wconf 78' lang='lat' dir='ltr'>et</span> <span class='ocrx_word' id='word_1_161' title='bbox 762 1947 975 2002; x_wconf 77' lang='lat' dir='ltr'>immitis</span> <span class='ocrx_word' id='word_1_162' title='bbox 989 1988 1007 2016; x_wconf 88' lang='lat'>,</span> <span class='ocrx_word' id='word_1_163' title='bbox 1031 1946 1263 2002; x_wconf 80' lang='lat' dir='ltr'>breviter</span> <span class='ocrx_word' id='word_1_164' title='bbox 1285 1946 1365 2001; x_wconf 81' lang='lat' dir='ltr'>vis</span> <span class='ocrx_word' id='word_1_165' title='bbox 1385 1948 1566 2002; x_wconf 86' lang='lat' dir='ltr'>omnia</span> <span class='ocrx_word' id='word_1_166' title='bbox 1588 1948 1765 2002; x_wconf 84' lang='lat' dir='ltr'>dicam</span> <span class='ocrx_word' id='word_1_167' title='bbox 1781 1945 1808 2001; x_wconf 65' lang='lat' dir='ltr'>‘f</span> 
     </span>
     <span class='ocr_line' id='line_1_21' title="bbox 574 2031 2403 2101; baseline 0.001 -15"><span class='ocrx_word' id='word_1_168' title='bbox 574 2031 926 2100; x_wconf 76' lang='lat' dir='ltr'>Dis-peream,</span> <span class='ocrx_word' id='word_1_169' title='bbox 947 2032 1000 2084; x_wconf 86' lang='lat' dir='ltr'>si</span> <span class='ocrx_word' id='word_1_170' title='bbox 1019 2035 1069 2085; x_wconf 80' lang='lat' dir='ltr'>te</span> <span class='ocrx_word' id='word_1_171' title='bbox 1088 2035 1266 2084; x_wconf 80' lang='lat' dir='ltr'>mater</span> <span class='ocrx_word' id='word_1_172' title='bbox 1288 2044 1482 2084; x_wconf 86' lang='lat' dir='ltr'>amare</span> <span class='ocrx_word' id='word_1_173' title='bbox 1492 2035 1690 2101; x_wconf 81' lang='lat' dir='ltr'>potest.</span> <span class='ocrx_word' id='word_1_174' title='bbox 2347 2048 2403 2088; x_wconf 69' lang='grc' dir='ltr'>ω</span> 
     </span>
    </p>
   </div>
   <div class='ocr_carea' id='block_1_5' title="bbox 491 2164 2043 2323">
    <p class='ocr_par' dir='ltr' id='par_1_7' title="bbox 491 2164 2043 2323">
     <span class='ocr_line' id='line_1_22' title="bbox 491 2164 2043 2238; baseline 0 -19"><span class='ocrx_word' id='word_1_175' title='bbox 491 2164 614 2221; x_wconf 83' lang='lat' dir='ltr'>Non</span> <span class='ocrx_word' id='word_1_176' title='bbox 645 2177 704 2220; x_wconf 88' lang='lat' dir='ltr'>es</span> <span class='ocrx_word' id='word_1_177' title='bbox 731 2181 894 2237; x_wconf 81' lang='lat' dir='ltr'>eques</span> <span class='ocrx_word' id='word_1_178' title='bbox 908 2189 929 2229; x_wconf 81' lang='lat'>,-</span> <span class='ocrx_word' id='word_1_179' title='bbox 955 2171 1171 2238; x_wconf 82' lang='lat' dir='ltr'>quare?</span> <span class='ocrx_word' id='word_1_180' title='bbox 1199 2168 1324 2222; x_wconf 85' lang='lat' dir='ltr'>Non</span> <span class='ocrx_word' id='word_1_181' title='bbox 1352 2172 1485 2222; x_wconf 81' lang='lat' dir='ltr'>sunt</span> <span class='ocrx_word' id='word_1_182' title='bbox 1508 2165 1599 2221; x_wconf 82' lang='lat' dir='ltr'>libi</span> <span class='ocrx_word' id='word_1_183' title='bbox 1624 2164 1772 2218; x_wconf 90' lang='lat' dir='ltr'>milia</span> <span class='ocrx_word' id='word_1_184' title='bbox 1800 2167 2013 2217; x_wconf 77' lang='lat' dir='ltr'>centum</span> <span class='ocrx_word' id='word_1_185' title='bbox 2027 2186 2043 2219; x_wconf 82' lang='lat'>.-</span> 
     </span>
     <span class='ocr_line' id='line_1_23' title="bbox 577 2247 1822 2323; baseline -0.004 -19"><span class='ocrx_word' id='word_1_186' title='bbox 577 2247 770 2304; x_wconf 85' lang='lat' dir='ltr'>Omnia</span> <span class='ocrx_word' id='word_1_187' title='bbox 791 2252 844 2304; x_wconf 86' lang='lat' dir='ltr'>si</span> <span class='ocrx_word' id='word_1_188' title='bbox 862 2265 1133 2323; x_wconf 82' lang='lat' dir='ltr'>quaeras,</span> <span class='ocrx_word' id='word_1_189' title='bbox 1160 2259 1212 2306; x_wconf 81' lang='lat' dir='ltr'>et</span> <span class='ocrx_word' id='word_1_190' title='bbox 1229 2251 1462 2306; x_wconf 80' lang='lat' dir='ltr'>Rhodus</span> <span class='ocrx_word' id='word_1_191' title='bbox 1484 2249 1703 2305; x_wconf 77' lang='lat' dir='ltr'>exilium</span> <span class='ocrx_word' id='word_1_192' title='bbox 1729 2252 1822 2301; x_wconf 80' lang='lat' dir='ltr'>est.</span> 
     </span>
    </p>
   </div>
   <div class='ocr_carea' id='block_1_6' title="bbox 488 2381 1716 2541">
    <p class='ocr_par' dir='ltr' id='par_1_8' title="bbox 488 2381 1716 2541">
     <span class='ocr_line' id='line_1_24' title="bbox 488 2381 1694 2449; baseline 0.003 -13"><span class='ocrx_word' id='word_1_193' title='bbox 488 2381 680 2437; x_wconf 84' lang='lat' dir='ltr'>Aurea</span> <span class='ocrx_word' id='word_1_194' title='bbox 702 2389 923 2442; x_wconf 82' lang='lat' dir='ltr'>mutasti</span> <span class='ocrx_word' id='word_1_195' title='bbox 941 2386 1177 2442; x_wconf 78' lang='lat' dir='ltr'>Saturni</span> <span class='ocrx_word' id='word_1_196' title='bbox 1193 2385 1434 2449; x_wconf 87' lang='lat' dir='ltr'>saecula,</span> <span class='ocrx_word' id='word_1_197' title='bbox 1462 2383 1694 2440; x_wconf 84' lang='lat' dir='ltr'>Caesar:</span> 
     </span>
     <span class='ocr_line' id='line_1_25' title="bbox 572 2465 1716 2541; baseline -0.003 -20"><span class='ocrx_word' id='word_1_198' title='bbox 572 2465 846 2525; x_wconf 79' lang='lat' dir='ltr'>Incolumi</span> <span class='ocrx_word' id='word_1_199' title='bbox 859 2487 987 2525; x_wconf 83' lang='lat' dir='ltr'>nam</span> <span class='ocrx_word' id='word_1_200' title='bbox 1011 2476 1061 2524; x_wconf 78' lang='lat' dir='ltr'>te</span> <span class='ocrx_word' id='word_1_201' title='bbox 1075 2469 1275 2541; x_wconf 79' lang='lat' dir='ltr'>ferrea</span> <span class='ocrx_word' id='word_1_202' title='bbox 1297 2481 1517 2537; x_wconf 81' lang='lat' dir='ltr'>semper</span> <span class='ocrx_word' id='word_1_203' title='bbox 1537 2468 1716 2520; x_wconf 75' lang='lat' dir='ltr'>emant.</span> 
     </span>
    </p>
   </div>
   <div class='ocr_carea' id='block_1_7' title="bbox 487 2604 2406 2759">
    <p class='ocr_par' dir='ltr' id='par_1_9' title="bbox 487 2604 2406 2759">
     <span class='ocr_line' id='line_1_26' title="bbox 487 2604 2406 2678; baseline -0.002 -20"><span class='ocrx_word' id='word_1_204' title='bbox 487 2604 723 2662; x_wconf 78' lang='lat' dir='ltr'>Fastidit</span> <span class='ocrx_word' id='word_1_205' title='bbox 740 2609 924 2662; x_wconf 72' lang='lat' dir='ltr'>virium</span> <span class='ocrx_word' id='word_1_206' title='bbox 937 2648 953 2676; x_wconf 92' lang='lat'>,</span> <span class='ocrx_word' id='word_1_207' title='bbox 973 2609 1101 2678; x_wconf 80' lang='lat' dir='ltr'>quia</span> <span class='ocrx_word' id='word_1_208' title='bbox 1123 2609 1231 2661; x_wconf 89' lang='lat' dir='ltr'>iam</span> <span class='ocrx_word' id='word_1_209' title='bbox 1250 2606 1365 2659; x_wconf 83' lang='lat' dir='ltr'>sitit</span> <span class='ocrx_word' id='word_1_210' title='bbox 1380 2605 1478 2657; x_wconf 82' lang='lat' dir='ltr'>iste</span> <span class='ocrx_word' id='word_1_211' title='bbox 1495 2615 1781 2657; x_wconf 87' lang='lat' dir='ltr'>cruorem:</span> <span class='ocrx_word' id='word_1_212' title='bbox 1921 2639 1938 2655; x_wconf 86' lang='lat'><strong>.</strong></span> <span class='ocrx_word' id='word_1_213' title='bbox 2351 2613 2406 2654; x_wconf 75' lang='lat'>25</span> 
     </span>
     <span class='ocr_line' id='line_1_27' title="bbox 577 2686 1954 2759; baseline -0.007 -16"><span class='ocrx_word' id='word_1_214' title='bbox 577 2689 711 2744; x_wconf 88' lang='lat' dir='ltr'>Tam</span> <span class='ocrx_word' id='word_1_215' title='bbox 732 2690 856 2745; x_wconf 77' lang='lat' dir='ltr'>bibit</span> <span class='ocrx_word' id='word_1_216' title='bbox 873 2690 1021 2746; x_wconf 75' lang='lat' dir='ltr'>hunc</span> <span class='ocrx_word' id='word_1_217' title='bbox 1042 2691 1227 2758; x_wconf 84' lang='lat' dir='ltr'>avide,</span> <span class='ocrx_word' id='word_1_218' title='bbox 1249 2703 1414 2759; x_wconf 80' lang='lat' dir='ltr'>quam</span> <span class='ocrx_word' id='word_1_219' title='bbox 1437 2686 1564 2740; x_wconf 83' lang='lat' dir='ltr'>bibit</span> <span class='ocrx_word' id='word_1_220' title='bbox 1580 2691 1706 2739; x_wconf 81' lang='lat' dir='ltr'>ante</span> <span class='ocrx_word' id='word_1_221' title='bbox 1727 2697 1954 2736; x_wconf 85' lang='lat' dir='ltr'>merum.</span> 
     </span>
    </p>
   </div>
   <div class='ocr_carea' id='block_1_8' title="bbox 480 2818 2404 3311">
    <p class='ocr_par' dir='ltr' id='par_1_10' title="bbox 488 2818 1945 2894">
     <span class='ocr_line' id='line_1_28' title="bbox 488 2818 1945 2894; baseline -0.003 -17"><span class='ocrx_word' id='word_1_222' title='bbox 488 2822 689 2894; x_wconf 79' lang='lat' dir='ltr'>Aspice</span> <span class='ocrx_word' id='word_1_223' title='bbox 710 2824 945 2878; x_wconf 80' lang='lat' dir='ltr'>Felicem</span> <span class='ocrx_word' id='word_1_224' title='bbox 968 2823 1120 2890; x_wconf 79' lang='lat' dir='ltr'>(sibi,</span> <span class='ocrx_word' id='word_1_225' title='bbox 1153 2837 1264 2876; x_wconf 79' lang='lat' dir='ltr'>non</span> <span class='ocrx_word' id='word_1_226' title='bbox 1296 2821 1409 2887; x_wconf 81' lang='lat' dir='ltr'>tibi)</span> <span class='ocrx_word' id='word_1_227' title='bbox 1434 2819 1695 2889; x_wconf 88' lang='lat' dir='ltr'>Romule,</span> <span class='ocrx_word' id='word_1_228' title='bbox 1720 2818 1945 2883; x_wconf 87' lang='lat' dir='ltr'>Sullam,</span> 
     </span>
    </p>

    <p class='ocr_par' dir='ltr' id='par_1_11' title="bbox 486 2894 1788 3045">
     <span class='ocr_line' id='line_1_29' title="bbox 569 2894 1788 2975; baseline -0.002 -15"><span class='ocrx_word' id='word_1_229' title='bbox 569 2907 645 2960; x_wconf 82' lang='lat' dir='ltr'>Et</span> <span class='ocrx_word' id='word_1_230' title='bbox 663 2894 909 2960; x_wconf 58' lang='lat' dir='ltr'>Marium</span> <span class='ocrx_word' id='word_1_231' title='bbox 925 2950 938 2972; x_wconf 93' lang='lat'><strong>‚</strong></span> <span class='ocrx_word' id='word_1_232' title='bbox 963 2908 1016 2960; x_wconf 90' lang='lat' dir='ltr'>si</span> <span class='ocrx_word' id='word_1_233' title='bbox 1031 2907 1134 2969; x_wconf 68' lang='lat' dir='ltr'>vir,</span> <span class='ocrx_word' id='word_1_234' title='bbox 1161 2906 1349 2975; x_wconf 80' lang='lat' dir='ltr'>aspice</span> <span class='ocrx_word' id='word_1_235' title='bbox 1363 2947 1377 2968; x_wconf 90' lang='lat'>‚</span> <span class='ocrx_word' id='word_1_236' title='bbox 1400 2904 1501 2957; x_wconf 87' lang='lat' dir='ltr'>sed</span> <span class='ocrx_word' id='word_1_237' title='bbox 1519 2903 1788 2963; x_wconf 81' lang='lat' dir='ltr'>reducem.</span> 
     </span>
     <span class='ocr_line' id='line_1_30' title="bbox 486 2988 1584 3045; baseline -0.005 0"><span class='ocrx_word' id='word_1_238' title='bbox 486 2990 604 3045; x_wconf 85' lang='lat' dir='ltr'>Nec</span> <span class='ocrx_word' id='word_1_239' title='bbox 623 3007 732 3045; x_wconf 83' lang='lat' dir='ltr'>non</span> <span class='ocrx_word' id='word_1_240' title='bbox 755 2990 958 3045; x_wconf 81' lang='lat' dir='ltr'>Antoni</span> <span class='ocrx_word' id='word_1_241' title='bbox 971 2990 1147 3044; x_wconf 66' lang='lat' dir='ltr'>ciuilia</span> <span class='ocrx_word' id='word_1_242' title='bbox 1170 2988 1307 3042; x_wconf 88' lang='lat' dir='ltr'>bella</span> <span class='ocrx_word' id='word_1_243' title='bbox 1330 2988 1584 3042; x_wconf 79' lang='lat' dir='ltr'>moventis</span> 
     </span>
    </p>

    <p class='ocr_par' dir='ltr' id='par_1_12' title="bbox 480 3070 2404 3227">
     <span class='ocr_line' id='line_1_31' title="bbox 570 3070 2404 3144; baseline -0.002 -16"><span class='ocrx_word' id='word_1_244' title='bbox 570 3073 693 3128; x_wconf 83' lang='lat' dir='ltr'>Non</span> <span class='ocrx_word' id='word_1_245' title='bbox 714 3075 882 3128; x_wconf 86' lang='lat' dir='ltr'>semel</span> <span class='ocrx_word' id='word_1_246' title='bbox 901 3073 1136 3144; x_wconf 79' lang='lat' dir='ltr'>infectas</span> <span class='ocrx_word' id='word_1_247' title='bbox 1155 3072 1344 3140; x_wconf 88' lang='lat' dir='ltr'>aspice</span> <span class='ocrx_word' id='word_1_248' title='bbox 1364 3070 1534 3125; x_wconf 84' lang='lat' dir='ltr'>caede</span> <span class='ocrx_word' id='word_1_249' title='bbox 1554 3083 1762 3132; x_wconf 64' lang='lat' dir='ltr'>manu-5,</span> <span class='ocrx_word' id='word_1_250' title='bbox 2346 3082 2404 3125; x_wconf 69' lang='grc' dir='ltr'>αι</span> 
     </span>
     <span class='ocr_line' id='line_1_32' title="bbox 480 3153 1847 3227; baseline -0.001 -20"><span class='ocrx_word' id='word_1_251' title='bbox 480 3154 554 3208; x_wconf 77' lang='lat' dir='ltr'>Et</span> <span class='ocrx_word' id='word_1_252' title='bbox 575 3157 690 3210; x_wconf 80' lang='lat' dir='ltr'>dic.-</span> <span class='ocrx_word' id='word_1_253' title='bbox 719 3157 899 3212; x_wconf 89' lang='lat' dir='ltr'>Roma</span> <span class='ocrx_word' id='word_1_254' title='bbox 915 3158 1080 3227; x_wconf 84' lang='lat' dir='ltr'>perit,</span> <span class='ocrx_word' id='word_1_255' title='bbox 1105 3157 1355 3226; x_wconf 75' lang='lat' dir='ltr'>reynavil</span> <span class='ocrx_word' id='word_1_256' title='bbox 1372 3155 1638 3225; x_wconf 74' lang='lat' dir='ltr'>sanquine</span> <span class='ocrx_word' id='word_1_257' title='bbox 1657 3153 1847 3216; x_wconf 59' lang='lat' dir='ltr'>multo,</span> 
     </span>
    </p>

    <p class='ocr_par' dir='ltr' id='par_1_13' title="bbox 568 3237 1619 3311">
     <span class='ocr_line' id='line_1_33' title="bbox 568 3237 1619 3311; baseline 0.002 -21"><span class='ocrx_word' id='word_1_258' title='bbox 568 3238 658 3290; x_wconf 79' lang='lat' dir='ltr'>Ad</span> <span class='ocrx_word' id='word_1_259' title='bbox 679 3254 905 3311; x_wconf 74' lang='lat' dir='ltr'>requam</span> <span class='ocrx_word' id='word_1_260' title='bbox 929 3240 1171 3311; x_wconf 82' lang='lat' dir='ltr'>quisquis</span> <span class='ocrx_word' id='word_1_261' title='bbox 1191 3239 1334 3292; x_wconf 83' lang='lat' dir='ltr'>venit</span> <span class='ocrx_word' id='word_1_262' title='bbox 1352 3237 1422 3292; x_wconf 87' lang='lat' dir='ltr'>ab</span> <span class='ocrx_word' id='word_1_263' title='bbox 1443 3238 1619 3292; x_wconf 72' lang='lat' dir='ltr'>exilio.</span> 
     </span>
    </p>
   </div>
   <div class='ocr_carea' id='block_1_9' title="bbox 323 3393 2329 3566">
    <p class='ocr_par' dir='ltr' id='par_1_14' title="bbox 323 3393 2329 3566">
     <span class='ocr_line' id='line_1_34' title="bbox 324 3393 2329 3478; baseline 0.004 -26"><span class='ocrx_word' id='word_1_264' title='bbox 324 3393 486 3466; x_wconf 87' lang='lat' dir='ltr'>Quae</span> <span class='ocrx_word' id='word_1_265' title='bbox 526 3397 738 3474; x_wconf 88' lang='lat' dir='ltr'>primo,</span> <span class='ocrx_word' id='word_1_266' title='bbox 783 3403 945 3476; x_wconf 87' lang='lat' dir='ltr'>quasi</span> <span class='ocrx_word' id='word_1_267' title='bbox 988 3402 1059 3463; x_wconf 89' lang='lat' dir='ltr'>ab</span> <span class='ocrx_word' id='word_1_268' title='bbox 1088 3398 1514 3478; x_wconf 85' lang='lat' dir='ltr'>impatientibus</span> <span class='ocrx_word' id='word_1_269' title='bbox 1544 3398 1926 3458; x_wconf 88' lang='lat' dir='ltr'>remediorum</span> <span class='ocrx_word' id='word_1_270' title='bbox 1957 3415 2027 3457; x_wconf 90' lang='lat' dir='ltr'>ac</span> <span class='ocrx_word' id='word_1_271' title='bbox 2056 3412 2174 3455; x_wconf 91' lang='lat' dir='ltr'>non</span> <span class='ocrx_word' id='word_1_272' title='bbox 2205 3405 2329 3460; x_wconf 85' lang='lat' dir='ltr'>tam</span> 
     </span>
     <span class='ocr_line' id='line_1_35' title="bbox 323 3478 2324 3566; baseline 0.005 -35"><span class='ocrx_word' id='word_1_273' title='bbox 323 3492 398 3532; x_wconf 89' lang='lat' dir='ltr'>ex</span> <span class='ocrx_word' id='word_1_274' title='bbox 435 3478 604 3534; x_wconf 86' lang='lat' dir='ltr'>animi</span> <span class='ocrx_word' id='word_1_275' title='bbox 635 3484 915 3544; x_wconf 88' lang='lat' dir='ltr'>sententia</span> <span class='ocrx_word' id='word_1_276' title='bbox 942 3504 1109 3566; x_wconf 92' lang='lat' dir='ltr'>quam</span> <span class='ocrx_word' id='word_1_277' title='bbox 1145 3483 1262 3543; x_wconf 90' lang='lat' dir='ltr'>bile</span> <span class='ocrx_word' id='word_1_278' title='bbox 1292 3491 1351 3542; x_wconf 87' lang='lat' dir='ltr'>et</span> <span class='ocrx_word' id='word_1_279' title='bbox 1383 3481 1681 3541; x_wconf 88' lang='lat' dir='ltr'>stomacho</span> <span class='ocrx_word' id='word_1_280' title='bbox 1716 3483 2104 3559; x_wconf 79' lang='lat' dir='ltr'>fingerentur,</span> <span class='ocrx_word' id='word_1_281' title='bbox 2150 3480 2324 3541; x_wconf 85' lang='lat' dir='ltr'>vole-</span> 
     </span>
    </p>
   </div>
  </div>
 </body>
</html>
