2553 3960
978 249 1188 298 mvus
1220 250 1604 300 AUGUSTUS.
2167 239 2248 300 75

232 415 296 466 ut
336 407 394 465 in
427 407 706 466 extremis
736 409 935 485 spatiis
967 404 1269 467 subsultim
1301 404 1670 481 decurreret,
1713 406 2004 482 segestria
2034 405 2129 465 vel
2162 404 2247 465 lo-

234 489 428 550 dicula
457 490 768 550 involutus.
807 490 996 550 Animi
1026 489 1256 551 laxandi
1295 506 1468 549 causa
1496 488 1671 549 modo
1702 488 2033 569 piscabatur
2058 488 2248 566 hamo,

232 572 411 633 modo
457 572 590 632 talis
631 584 728 634 aut
772 574 1044 635 ocellatis
1083 572 1446 651 nucibusque
1488 571 1723 633 ludebat
1757 591 1884 632 cum
1921 573 2119 651 pueris
2147 575 2249 631 mi·

233 658 416 733 nutis,
451 673 599 735 quos
629 657 785 719 facie
816 668 875 718 et
902 657 1242 736 garrulitate
1274 656 1537 718 amabilis
1567 656 1820 736 undique
1848 656 2249 734 conquirebat,

185 759 214 800 s
238 742 560 820 praecipue
587 741 823 802 Mauros
865 751 924 803 et
953 744 1157 817 Syros.
1215 740 1364 801 Nam
1395 740 1646 819 pumilos
1679 750 1854 819 atque
1889 739 2169 800 distortos
2194 748 2251 799 et

238 827 426 885 omnis
467 826 708 902 generis
748 820 1037 903 eiusdem,
1081 834 1140 884 ut
1183 824 1430 884 ludibria
1477 833 1719 885 naturae
1761 825 2013 904 malique
2046 824 2250 885 ominis

237 907 609 969 abhorrebat.

359 992 765 1070 Eloquentiam
799 992 1102 1072 studiaque
1138 992 1403 1052 liberalia
1428 992 1501 1052 ab
1526 1000 1720 1052 aetate
1748 994 1927 1071 prima
1952 1000 2012 1051 et
2042 990 2251 1070 cupide
2268 1001 2333 1055 84

236 1085 298 1136 et
350 1075 811 1137 laboriosissime
857 1078 1138 1137 exercuit.
1226 1076 1538 1137 Mutinensi
1583 1075 1746 1137 bello
1793 1077 1852 1136 in
1893 1084 2049 1137 tanta
2095 1074 2251 1134 mole

161 1173 216 1215 ιο
237 1177 433 1220 rerum
479 1169 538 1219 et
566 1160 789 1238 legisse
821 1170 879 1221 et
913 1163 1224 1240 scripsisse
1256 1170 1315 1220 et
1348 1159 1713 1221 declamasse
1747 1159 1958 1221 cotidie
1989 1159 2249 1220 traditur.

234 1243 386 1304 Nam
425 1243 709 1323 deinceps
752 1263 945 1324 neque
987 1248 1045 1304 in
1094 1253 1298 1304 senatu
1342 1262 1533 1323 neque
1566 1243 1721 1323 apud
1750 1243 2028 1324 populum
2058 1261 2252 1322 neque

234 1327 393 1407 apud
436 1328 649 1389 milites
690 1328 918 1389 locutus
964 1340 1055 1388 est
1094 1347 1361 1407 umquam
1400 1329 1509 1388 nisi
1539 1328 1808 1389 meditata
1841 1337 1901 1388 et
1924 1328 2253 1406 composita

237 1413 542 1489 oratione,
586 1414 847 1492 quamvis
887 1432 1003 1474 non
1048 1413 1401 1473 deficeretur
1431 1412 1503 1473 ad
1535 1412 1722 1472 subita
1754 1411 2142 1490 extemporali
2168 1410 2252 1471 fa·

240 1496 474 1557 cultate.
537 1497 629 1556 Ac
669 1515 743 1557 ne
786 1498 1105 1576 periculum
1147 1498 1463 1556 memoriae
1504 1496 1690 1557 adiret
1719 1497 1899 1557 autin
1935 1492 2252 1555 ediscendo

166 1590 220 1631 ¹⁶
237 1590 470 1659 tempus
509 1580 870 1657 absumeret,
909 1583 1148 1642 instituit
1192 1581 1444 1640 recitare
1489 1582 1698 1640 omnia.
1761 1582 2079 1639 Sermones
2111 1594 2252 1656 quo·

239 1683 355 1745 que
400 1681 527 1724 cum
571 1665 816 1742 singulis
861 1675 1034 1743 atque
1086 1665 1254 1724 etiam
1287 1681 1413 1723 cum
1442 1663 1601 1724 Livia
1639 1682 1743 1723 sua
1774 1665 2083 1741 graviores
2112 1679 2251 1722 non-

238 1750 351 1809 nisi
394 1751 651 1828 scriptos
693 1758 752 1809 et
784 1767 819 1808 e
850 1748 1058 1810 libello
1094 1747 1375 1825 habebat,
1421 1766 1495 1807 ne
1529 1747 1660 1826 plus
1689 1748 1952 1808 minusve
1981 1746 2252 1826 loquere-

238 1842 334 1894 tur
386 1851 460 1892 ex
502 1842 793 1911 tempore.
858 1831 1271 1893 Pronuntiabat
1300 1830 1453 1892 dulci
1483 1842 1543 1892 et
1574 1834 1815 1910 proprio
1850 1831 2100 1909 quodam
2135 1830 2254 1890 oris

241 1933 412 1994 sono,
446 1917 735 1997 dabatque
768 1917 1003 1978 assidue
1032 1916 1335 1997 phonasco
1369 1932 1641 1995 operam;
1677 1916 1781 1976 sed
1809 1931 2253 1994 nonnumquam,

162 2008 222 2049 ²⁰
238 2003 537 2063 infirmatis
576 2001 874 2079 faucibus,
919 2003 1234 2082 praeconis
1266 2018 1420 2060 voce
1452 2000 1524 2061 ad
1565 2001 1843 2080 populum
1877 2002 2255 2062 concionatus

239 2096 350 2147 est.

367 2169 544 2232 Multa
575 2172 720 2231 varii
751 2172 990 2248 generis
1020 2188 1199 2249 prosa
1234 2170 1500 2230 oratione
1533 2171 1898 2248 composuit,
1941 2187 2019 2228 ex
2046 2167 2336 2246 quibusssa

236 2251 562 2316 nonnulla
546 2273 603 2313 ιιι
640 2265 810 2315 coetu
839 2253 1201 2316 familiarium
1233 2255 1439 2315 velut
1421 2272 1479 2313 ιιι
1508 2254 1796 2314 auditorio
1830 2254 2132 2329 recitavit,
2179 2251 2254 2310 si-

244 2349 342 2399 cut
385 2339 723 2417 Rescripta
766 2337 966 2399 Bruto
1013 2338 1091 2399 de
1131 2336 1399 2421 Catone,
1443 2356 1592 2416 quae
1636 2336 1926 2398 volumina
1974 2355 2103 2396 cum
2145 2336 2258 2396 iam

166 2432 224 2474 ²⁵
244 2424 444 2483 senior
476 2440 554 2481 ex
584 2441 792 2501 magna
825 2432 989 2502 parte
1020 2422 1286 2499 legisset,
1304 2422 1579 2500 fatigatus
1597 2421 1833 2482 Tiberio
1863 2420 2095 2482 tradidit
2124 2436 2256 2498 per-

242 2506 523 2585 legenda3
569 2509 705 2566 item
736 2505 1140 2568 Hos-tationes
1182 2505 1268 2565 ad
1300 2505 1797 2585 philosophiam,
1843 2514 1901 2565 et
1943 2505 2134 2583 aliqua
2162 2500 2260 2563 De

240 2592 378 2652 vita
412 2607 567 2667 sua,
613 2609 782 2670 quam
815 2590 1096 2651 tredecim
1124 2589 1324 2665 libris,
1365 2587 1718 2650 Cantabrico
1747 2598 1917 2648 tenus
1950 2587 2113 2648 bello
2146 2604 2258 2647 nec

241 2676 423 2752 ultra,
459 2675 753 2755 exposuit.
820 2674 1058 2743 Poetica
1086 2675 1405 2734 summatim
1435 2675 1642 2751 attigit.
1701 2673 1866 2734 Unus
1895 2671 2048 2731 liber
2080 2678 2255 2746 extat,

244 2760 499 2837 scriptus
542 2759 615 2819 ab
645 2777 721 2819 eo
750 2758 1103 2820 hexametris
1132 2757 1430 2834 versibus,
1480 2758 1641 2818 cuius
1679 2765 1739 2817 et
1773 2763 2169 2834 argumentum
2200 2763 2259 2814 et

168 2843 441 2903 ⁸⁰titulus
484 2853 575 2903 est
605 2843 872 2915 Sicilia3
916 2851 1077 2904 extat
1119 2842 1269 2903 alter
1308 2860 1497 2920 aeque
1531 2842 1794 2902 modicus
1821 2839 2255 2921 Epiyramma·

242 2935 400 3003 nim,
445 2945 596 3007 quae
637 2928 767 2988 fere
802 2937 1069 3006 tempore
1108 2926 1324 2988 balinei
1365 2926 1763 2988 meditabatur.
1833 2925 1980 2986 Nam
2022 2934 2255 3002 tragoe-

241 3011 393 3072 diam
424 3030 639 3089 magno
670 3013 889 3091 impetu
920 3017 1196 3088 exorsus,
1243 3029 1361 3072 non
1405 3011 1741 3072 succedenti
1790 3009 1956 3088 stilo,
2002 3008 2258 3069 abolevit

243 3094 777 3174 quaerentibusque
835 3097 1067 3172 amicis,
1122 3094 1390 3174 quidnam
1435 3096 1589 3156 Aiax
1639 3103 1878 3173 ageret,
1933 3092 2254 3172 respondit,

247 3179 488 3242 Aiacem
519 3198 683 3240 suum
713 3181 772 3240 in
803 3197 1128 3260 spongeam
1156 3178 1508 3240 incubuisse.

169 3279 225 3322 as
373 3264 569 3327 Genus
610 3263 923 3343 eloquendi
968 3272 1203 3323 secutus
1233 3272 1324 3323 est
1354 3263 1598 3341 elegans
1628 3272 1687 3323 et
1716 3272 2133 3342 temperatum,
2174 3264 2338 3326 vi-Sfi

243 3352 378 3410 tatis
405 3349 818 3410 sententiarum
848 3348 1085 3427 ineptiis
1110 3356 1282 3426 atque
1314 3350 1698 3409 concinnitate
1717 3355 1778 3406 et
1797 3347 2259 3409 reconditorum

241 3431 609 3509 verborum,
648 3441 709 3493 ut
738 3434 867 3512 ipse
900 3430 1038 3492 dicit
1053 3430 1491 3526 ,Ῑοοίονίὁαες
1544 3432 2032 3511 praecipuamque
2062 3444 2255 3488 curam

241 3516 432 3595 duxit,
466 3535 700 3578 sensum
726 3518 897 3577 animi
928 3534 1094 3595 quam
1115 3498 1491 3594 apertissime
1522 3516 1872 3594 exprimere.
1936 3509 2105 3585 Quod
2137 3523 2254 3585 quo
