<?xml version="1.0" encoding="UTF-8"?>
<!DOCTYPE html PUBLIC "-//W3C//DTD XHTML 1.0 Transitional//EN"
    "http://www.w3.org/TR/xhtml1/DTD/xhtml1-transitional.dtd">
<html xmlns="http://www.w3.org/1999/xhtml" xml:lang="en" lang="en">
 <head>
  <title>
</title>
<meta http-equiv="Content-Type" content="text/html;charset=utf-8" />
  <meta name='ocr-system' content='tesseract 3.04.00' />
  <meta name='ocr-capabilities' content='ocr_page ocr_carea ocr_par ocr_line ocrx_word'/>
</head>
<body>
  <div class='ocr_page' id='page_1' title='image "./csuetonitranqui06rothgoog_0218.png"; bbox 0 0 2553 3960; ppageno 0'>
   <div class='ocr_carea' id='block_1_1' title="bbox 251 218 2151 291">
    <p class='ocr_par' dir='ltr' id='par_1_1' title="bbox 251 218 2151 291">
     <span class='ocr_line' id='line_1_1' title="bbox 251 218 2151 291; baseline -0.002 -11"><span class='ocrx_word' id='word_1_1' title='bbox 251 218 369 283; x_wconf 88' lang='grc'>106</span> <span class='ocrx_word' id='word_1_2' title='bbox 415 232 473 280; x_wconf 90' lang='lat' dir='ltr'>c.</span> <span class='ocrx_word' id='word_1_3' title='bbox 512 230 813 280; x_wconf 74' lang='lat' dir='ltr'>sumom</span> <span class='ocrx_word' id='word_1_4' title='bbox 854 230 1112 291; x_wconf 64' lang='lat' dir='ltr'>Tamo.</span> <span class='ocrx_word' id='word_1_5' title='bbox 1141 231 1236 278; x_wconf 78' lang='lat' dir='ltr'>DE</span> <span class='ocrx_word' id='word_1_6' title='bbox 1266 231 1431 278; x_wconf 76' lang='lat' dir='ltr'>vrrA</span> <span class='ocrx_word' id='word_1_7' title='bbox 1465 231 1833 279; x_wconf 66' lang='lat' dir='ltr'>cfflsfflnu</span> <span class='ocrx_word' id='word_1_8' title='bbox 1865 231 2005 279; x_wconf 77' lang='lat' dir='ltr'>mn.</span> <span class='ocrx_word' id='word_1_9' title='bbox 2046 232 2151 278; x_wconf 92' lang='lat'>111.</span> 
     </span>
    </p>
   </div>
   <div class='ocr_carea' id='block_1_2' title="bbox 167 385 2335 3566">
    <p class='ocr_par' dir='ltr' id='par_1_2' title="bbox 247 385 2333 1285">
     <span class='ocr_line' id='line_1_2' title="bbox 247 385 2251 465; baseline -0.001 -18"><span class='ocrx_word' id='word_1_10' title='bbox 247 397 568 465; x_wconf 90' lang='lat' dir='ltr'>temporum</span> <span class='ocrx_word' id='word_1_11' title='bbox 608 387 989 448; x_wconf 79' lang='lat' dir='ltr'><strong>atrocitatem.</strong></span> <span class='ocrx_word' id='word_1_12' title='bbox 1074 385 1242 461; x_wconf 83' lang='lat' dir='ltr'>Quod</span> <span class='ocrx_word' id='word_1_13' title='bbox 1284 394 1473 446; x_wconf 89' lang='lat' dir='ltr'>tamen</span> <span class='ocrx_word' id='word_1_14' title='bbox 1511 385 1855 445; x_wconf 83' lang='lat' dir='ltr'>beneficium</span> <span class='ocrx_word' id='word_1_15' title='bbox 1894 388 2035 447; x_wconf 90' lang='lat' dir='ltr'>tanti</span> <span class='ocrx_word' id='word_1_16' title='bbox 2076 386 2251 446; x_wconf 87' lang='lat' dir='ltr'>aesti-</span> 
     </span>
     <span class='ocr_line' id='line_1_3' title="bbox 247 466 2249 548; baseline -0.001 -17"><span class='ocrx_word' id='word_1_17' title='bbox 247 472 453 547; x_wconf 88' lang='lat' dir='ltr'>mavit,</span> <span class='ocrx_word' id='word_1_18' title='bbox 485 480 544 530; x_wconf 92' lang='lat' dir='ltr'>ut</span> <span class='ocrx_word' id='word_1_19' title='bbox 574 478 824 530; x_wconf 88' lang='lat' dir='ltr'>montem</span> <span class='ocrx_word' id='word_1_20' title='bbox 857 466 1114 529; x_wconf 84' lang='lat' dir='ltr'>Caelium</span> <span class='ocrx_word' id='word_1_21' title='bbox 1145 469 1541 548; x_wconf 80' lang='lat' dir='ltr'>appellatione</span> <span class='ocrx_word' id='word_1_22' title='bbox 1570 478 1780 529; x_wconf 88' lang='lat' dir='ltr'>mutata</span> <span class='ocrx_word' id='word_1_23' title='bbox 1812 470 2018 529; x_wconf 87' lang='lat' dir='ltr'>vocari</span> <span class='ocrx_word' id='word_1_24' title='bbox 2049 469 2249 547; x_wconf 86' lang='lat' dir='ltr'>Augu-</span> 
     </span>
     <span class='ocr_line' id='line_1_4' title="bbox 249 552 2249 632; baseline 0 -18"><span class='ocrx_word' id='word_1_25' title='bbox 249 564 393 614; x_wconf 91' lang='lat' dir='ltr'>stum</span> <span class='ocrx_word' id='word_1_26' title='bbox 438 555 689 614; x_wconf 85' lang='lat' dir='ltr'>iusserit.</span> <span class='ocrx_word' id='word_1_27' title='bbox 760 552 926 614; x_wconf 83' lang='lat' dir='ltr'>Militi</span> <span class='ocrx_word' id='word_1_28' title='bbox 969 562 1105 630; x_wconf 91' lang='lat' dir='ltr'>post</span> <span class='ocrx_word' id='word_1_29' title='bbox 1151 552 1440 632; x_wconf 87' lang='lat' dir='ltr'>duplicata</span> <span class='ocrx_word' id='word_1_30' title='bbox 1486 571 1563 614; x_wconf 89' lang='lat' dir='ltr'>ex</span> <span class='ocrx_word' id='word_1_31' title='bbox 1608 554 1858 631; x_wconf 78' lang='lat' dir='ltr'>Augusti</span> <span class='ocrx_word' id='word_1_32' title='bbox 1905 562 2249 614; x_wconf 89' lang='lat' dir='ltr'>testamento</span> 
     </span>
     <span class='ocr_line' id='line_1_5' title="bbox 248 635 2251 717; baseline -0.001 -18"><span class='ocrx_word' id='word_1_33' title='bbox 248 639 446 716; x_wconf 86' lang='lat' dir='ltr'>legata</span> <span class='ocrx_word' id='word_1_34' title='bbox 480 638 619 697; x_wconf 88' lang='lat' dir='ltr'>nihil</span> <span class='ocrx_word' id='word_1_35' title='bbox 651 654 915 715; x_wconf 87' lang='lat' dir='ltr'>umquam</span> <span class='ocrx_word' id='word_1_36' title='bbox 950 635 1194 714; x_wconf 90' lang='lat' dir='ltr'>largitus</span> <span class='ocrx_word' id='word_1_37' title='bbox 1228 645 1351 713; x_wconf 88' lang='lat' dir='ltr'>est,</span> <span class='ocrx_word' id='word_1_38' title='bbox 1399 646 1807 717; x_wconf 82' lang='lat' dir='ltr'><strong>praeterquam</strong></span> <span class='ocrx_word' id='word_1_39' title='bbox 1838 637 2065 715; x_wconf 88' lang='lat' dir='ltr'>singula</span> <span class='ocrx_word' id='word_1_40' title='bbox 2097 638 2251 697; x_wconf 89' lang='lat' dir='ltr'>milia</span> 
     </span>
     <span class='ocr_line' id='line_1_6' title="bbox 248 720 2303 802; baseline 0.001 -20"><span class='ocrx_word' id='word_1_41' title='bbox 248 722 611 785; x_wconf 84' lang='lat' dir='ltr'>denariorum</span> <span class='ocrx_word' id='word_1_42' title='bbox 653 721 1064 802; x_wconf 86' lang='lat' dir='ltr'>praetorianis,</span> <span class='ocrx_word' id='word_1_43' title='bbox 1107 720 1261 799; x_wconf 89' lang='lat' dir='ltr'>quod</span> <span class='ocrx_word' id='word_1_44' title='bbox 1294 722 1508 782; x_wconf 88' lang='lat' dir='ltr'>Seiano</span> <span class='ocrx_word' id='word_1_45' title='bbox 1553 740 1618 781; x_wconf 84' lang='lat' dir='ltr'>se</span> <span class='ocrx_word' id='word_1_46' title='bbox 1661 737 1777 780; x_wconf 89' lang='lat' dir='ltr'>non</span> <span class='ocrx_word' id='word_1_47' title='bbox 1820 721 2249 784; x_wconf 86' lang='lat' dir='ltr'>accommodas-</span> <span class='ocrx_word' id='word_1_48' title='bbox 2273 745 2303 784; x_wconf 79' lang='lat' dir='ltr'>s</span> 
     </span>
     <span class='ocr_line' id='line_1_7' title="bbox 248 804 2252 885; baseline -0 -19"><span class='ocrx_word' id='word_1_49' title='bbox 248 815 411 883; x_wconf 89' lang='lat' dir='ltr'>sent,</span> <span class='ocrx_word' id='word_1_50' title='bbox 473 816 533 865; x_wconf 91' lang='lat' dir='ltr'>et</span> <span class='ocrx_word' id='word_1_51' title='bbox 590 804 869 884; x_wconf 82' lang='lat' dir='ltr'><strong>quaedam</strong></span> <span class='ocrx_word' id='word_1_52' title='bbox 907 821 1143 864; x_wconf 88' lang='lat' dir='ltr'>munera</span> <span class='ocrx_word' id='word_1_53' title='bbox 1176 805 1436 880; x_wconf 78' lang='lat' dir='ltr'>Syriacis</span> <span class='ocrx_word' id='word_1_54' title='bbox 1478 804 1843 883; x_wconf 80' lang='lat' dir='ltr'>legionibus,</span> <span class='ocrx_word' id='word_1_55' title='bbox 1891 804 2046 885; x_wconf 90' lang='lat' dir='ltr'>quod</span> <span class='ocrx_word' id='word_1_56' title='bbox 2086 806 2252 866; x_wconf 89' lang='lat' dir='ltr'>solae</span> 
     </span>
     <span class='ocr_line' id='line_1_8' title="bbox 248 888 2253 968; baseline -0.001 -18"><span class='ocrx_word' id='word_1_57' title='bbox 248 890 459 951; x_wconf 92' lang='lat' dir='ltr'>nullam</span> <span class='ocrx_word' id='word_1_58' title='bbox 492 890 685 950; x_wconf 90' lang='lat' dir='ltr'>Seiani</span> <span class='ocrx_word' id='word_1_59' title='bbox 724 888 1031 965; x_wconf 82' lang='lat' dir='ltr'>imaginem</span> <span class='ocrx_word' id='word_1_60' title='bbox 1071 891 1220 948; x_wconf 90' lang='lat' dir='ltr'>inter</span> <span class='ocrx_word' id='word_1_61' title='bbox 1253 890 1419 965; x_wconf 86' lang='lat' dir='ltr'>signa</span> <span class='ocrx_word' id='word_1_62' title='bbox 1452 889 1788 949; x_wconf 85' lang='lat' dir='ltr'>coluissent.</span> <span class='ocrx_word' id='word_1_63' title='bbox 1853 889 2046 968; x_wconf 83' lang='lat' dir='ltr'>Atque</span> <span class='ocrx_word' id='word_1_64' title='bbox 2081 891 2253 950; x_wconf 87' lang='lat' dir='ltr'>etiam</span> 
     </span>
     <span class='ocr_line' id='line_1_9' title="bbox 247 957 2256 1050; baseline -0.001 -16"><span class='ocrx_word' id='word_1_65' title='bbox 247 975 553 1034; x_wconf 83' lang='lat' dir='ltr'>missiones</span> <span class='ocrx_word' id='word_1_66' title='bbox 582 982 989 1042; x_wconf 87' lang='lat' dir='ltr'>veteranorum</span> <span class='ocrx_word' id='word_1_67' title='bbox 1022 972 1348 1032; x_wconf 89' lang='lat' dir='ltr'>rarissimas</span> <span class='ocrx_word' id='word_1_68' title='bbox 1381 973 1553 1050; x_wconf 82' lang='lat' dir='ltr'>fecit,</span> <span class='ocrx_word' id='word_1_69' title='bbox 1586 991 1662 1033; x_wconf 87' lang='lat' dir='ltr'>ex</span> <span class='ocrx_word' id='word_1_70' title='bbox 1693 974 1857 1033; x_wconf 90' lang='lat' dir='ltr'>senio</span> <span class='ocrx_word' id='word_1_71' title='bbox 1885 957 2145 1050; x_wconf 59' lang='lat' dir='ltr'>mortem,</span> <span class='ocrx_word' id='word_1_72' title='bbox 2179 991 2256 1032; x_wconf 86' lang='lat' dir='ltr'>ex</span> 
     </span>
     <span class='ocr_line' id='line_1_10' title="bbox 247 1055 2253 1137; baseline -0.001 -20"><span class='ocrx_word' id='word_1_73' title='bbox 247 1066 435 1117; x_wconf 91' lang='lat' dir='ltr'>morte</span> <span class='ocrx_word' id='word_1_74' title='bbox 479 1055 879 1134; x_wconf 79' lang='lat' dir='ltr'>compendium</span> <span class='ocrx_word' id='word_1_75' title='bbox 924 1064 1181 1133; x_wconf 91' lang='lat' dir='ltr'>captans.</span> <span class='ocrx_word' id='word_1_76' title='bbox 1240 1055 1331 1114; x_wconf 92' lang='lat' dir='ltr'>Ne</span> <span class='ocrx_word' id='word_1_77' title='bbox 1375 1058 1710 1135; x_wconf 82' lang='lat' dir='ltr'>provincias</span> <span class='ocrx_word' id='word_1_78' title='bbox 1740 1056 1969 1137; x_wconf 90' lang='lat' dir='ltr'>quidem</span> <span class='ocrx_word' id='word_1_79' title='bbox 1998 1056 2253 1117; x_wconf 86' lang='lat' dir='ltr'>liberali·</span> 
     </span>
     <span class='ocr_line' id='line_1_11' title="bbox 249 1138 2333 1217; baseline -0.003 -16"><span class='ocrx_word' id='word_1_80' title='bbox 249 1149 367 1201; x_wconf 88' lang='lat' dir='ltr'>tate</span> <span class='ocrx_word' id='word_1_81' title='bbox 394 1140 513 1199; x_wconf 89' lang='lat' dir='ltr'>ulla</span> <span class='ocrx_word' id='word_1_82' title='bbox 545 1139 890 1215; x_wconf 84' lang='lat' dir='ltr'>sublevavit,</span> <span class='ocrx_word' id='word_1_83' title='bbox 925 1149 1173 1217; x_wconf 83' lang='lat' dir='ltr'>excepta</span> <span class='ocrx_word' id='word_1_84' title='bbox 1202 1140 1378 1217; x_wconf 86' lang='lat' dir='ltr'>Asia,</span> <span class='ocrx_word' id='word_1_85' title='bbox 1413 1138 1672 1210; x_wconf 72' lang='lat' dir='ltr'>disiectis</span> <span class='ocrx_word' id='word_1_86' title='bbox 1701 1150 1894 1200; x_wconf 87' lang='lat' dir='ltr'>terrae</span> <span class='ocrx_word' id='word_1_87' title='bbox 1922 1149 2082 1200; x_wconf 87' lang='lat' dir='ltr'>motu</span> <span class='ocrx_word' id='word_1_88' title='bbox 2114 1141 2253 1201; x_wconf 83' lang='lat' dir='ltr'>civi-</span> <span class='ocrx_word' id='word_1_89' title='bbox 2277 1154 2333 1195; x_wconf 82' lang='grc' dir='ltr'>ιο</span> 
     </span>
     <span class='ocr_line' id='line_1_12' title="bbox 249 1223 481 1285; baseline -0.004 -1"><span class='ocrx_word' id='word_1_90' title='bbox 249 1223 481 1285; x_wconf 89' lang='lat' dir='ltr'>tatibus.</span> 
     </span>
    </p>

    <p class='ocr_par' dir='ltr' id='par_1_3' title="bbox 167 1306 2335 2559">
     <span class='ocr_line' id='line_1_13' title="bbox 167 1306 2254 1387; baseline -0 -20"><span class='ocrx_word' id='word_1_91' title='bbox 167 1326 233 1381; x_wconf 73' lang='lat'>49</span> <span class='ocrx_word' id='word_1_92' title='bbox 374 1306 740 1367; x_wconf 85' lang='lat' dir='ltr'>Procedente</span> <span class='ocrx_word' id='word_1_93' title='bbox 779 1323 915 1365; x_wconf 84' lang='lat' dir='ltr'>mox</span> <span class='ocrx_word' id='word_1_94' title='bbox 957 1315 1222 1384; x_wconf 90' lang='lat' dir='ltr'>tempore</span> <span class='ocrx_word' id='word_1_95' title='bbox 1255 1308 1424 1367; x_wconf 91' lang='lat' dir='ltr'>etiam</span> <span class='ocrx_word' id='word_1_96' title='bbox 1455 1307 1526 1368; x_wconf 93' lang='lat' dir='ltr'>ad</span> <span class='ocrx_word' id='word_1_97' title='bbox 1556 1309 1788 1387; x_wconf 87' lang='lat' dir='ltr'>rapinas</span> <span class='ocrx_word' id='word_1_98' title='bbox 1821 1309 2107 1368; x_wconf 83' lang='lat' dir='ltr'>convertit</span> <span class='ocrx_word' id='word_1_99' title='bbox 2137 1308 2254 1367; x_wconf 89' lang='lat' dir='ltr'>ani-</span> 
     </span>
     <span class='ocr_line' id='line_1_14' title="bbox 250 1388 2255 1469; baseline -0.001 -16"><span class='ocrx_word' id='word_1_100' title='bbox 250 1410 419 1453; x_wconf 86' lang='lat' dir='ltr'>mum.</span> <span class='ocrx_word' id='word_1_101' title='bbox 482 1391 583 1451; x_wconf 91' lang='lat' dir='ltr'>Sat</span> <span class='ocrx_word' id='word_1_102' title='bbox 616 1398 871 1466; x_wconf 88' lang='lat' dir='ltr'>constat,</span> <span class='ocrx_word' id='word_1_103' title='bbox 920 1388 1040 1450; x_wconf 85' lang='lat' dir='ltr'>CN.</span> <span class='ocrx_word' id='word_1_104' title='bbox 1069 1389 1368 1450; x_wconf 87' lang='lat' dir='ltr'>Lentulum</span> <span class='ocrx_word' id='word_1_105' title='bbox 1410 1408 1719 1469; x_wconf 82' lang='lat' dir='ltr'>augurem,</span> <span class='ocrx_word' id='word_1_106' title='bbox 1770 1393 1861 1451; x_wconf 89' lang='lat' dir='ltr'>cui</span> <span class='ocrx_word' id='word_1_107' title='bbox 1897 1410 2108 1451; x_wconf 89' lang='lat' dir='ltr'>census</span> <span class='ocrx_word' id='word_1_108' title='bbox 2138 1408 2255 1451; x_wconf 86' lang='lat' dir='ltr'>ma-</span> 
     </span>
     <span class='ocr_line' id='line_1_15' title="bbox 250 1474 2256 1552; baseline -0.001 -15"><span class='ocrx_word' id='word_1_109' title='bbox 250 1478 435 1537; x_wconf 84' lang='lat' dir='ltr'>ximus</span> <span class='ocrx_word' id='word_1_110' title='bbox 477 1475 682 1550; x_wconf 85' lang='lat' dir='ltr'>fuerit,</span> <span class='ocrx_word' id='word_1_111' title='bbox 725 1482 879 1534; x_wconf 88' lang='lat' dir='ltr'>metu</span> <span class='ocrx_word' id='word_1_112' title='bbox 913 1483 971 1533; x_wconf 90' lang='lat' dir='ltr'>et</span> <span class='ocrx_word' id='word_1_113' title='bbox 1000 1491 1222 1552; x_wconf 85' lang='lat' dir='ltr'>angore</span> <span class='ocrx_word' id='word_1_114' title='bbox 1255 1475 1326 1535; x_wconf 93' lang='lat' dir='ltr'>ad</span> <span class='ocrx_word' id='word_1_115' title='bbox 1356 1475 1642 1535; x_wconf 82' lang='lat' dir='ltr'>fastidium</span> <span class='ocrx_word' id='word_1_116' title='bbox 1672 1477 1825 1535; x_wconf 84' lang='lat' dir='ltr'>vitae</span> <span class='ocrx_word' id='word_1_117' title='bbox 1853 1474 1927 1536; x_wconf 90' lang='lat' dir='ltr'>ab</span> <span class='ocrx_word' id='word_1_118' title='bbox 1962 1493 2036 1535; x_wconf 91' lang='lat' dir='ltr'>eo</span> <span class='ocrx_word' id='word_1_119' title='bbox 2069 1484 2256 1535; x_wconf 89' lang='lat' dir='ltr'>actum</span> 
     </span>
     <span class='ocr_line' id='line_1_16' title="bbox 252 1557 2332 1637; baseline -0.003 -17"><span class='ocrx_word' id='word_1_120' title='bbox 252 1570 310 1621; x_wconf 90' lang='lat' dir='ltr'>et</span> <span class='ocrx_word' id='word_1_121' title='bbox 353 1568 415 1619; x_wconf 91' lang='lat' dir='ltr'>ut</span> <span class='ocrx_word' id='word_1_122' title='bbox 455 1577 529 1618; x_wconf 91' lang='lat' dir='ltr'>ne</span> <span class='ocrx_word' id='word_1_123' title='bbox 572 1575 685 1637; x_wconf 91' lang='lat' dir='ltr'>quo</span> <span class='ocrx_word' id='word_1_124' title='bbox 725 1559 834 1617; x_wconf 89' lang='lat' dir='ltr'>nisi</span> <span class='ocrx_word' id='word_1_125' title='bbox 875 1559 1004 1636; x_wconf 89' lang='lat' dir='ltr'>ipso</span> <span class='ocrx_word' id='word_1_126' title='bbox 1047 1557 1263 1618; x_wconf 86' lang='lat' dir='ltr'>herede</span> <span class='ocrx_word' id='word_1_127' title='bbox 1308 1568 1662 1628; x_wconf 80' lang='lat' dir='ltr'>moreretur:</span> <span class='ocrx_word' id='word_1_128' title='bbox 1717 1559 2150 1619; x_wconf 87' lang='lat' dir='ltr'>condemnatam</span> <span class='ocrx_word' id='word_1_129' title='bbox 2197 1568 2258 1618; x_wconf 88' lang='lat' dir='ltr'>et</span> <span class='ocrx_word' id='word_1_130' title='bbox 2278 1573 2332 1614; x_wconf 83' lang='lat'>15</span> 
     </span>
     <span class='ocr_line' id='line_1_17' title="bbox 251 1642 2258 1723; baseline -0.001 -20"><span class='ocrx_word' id='word_1_131' title='bbox 251 1644 762 1723; x_wconf 84' lang='lat' dir='ltr'>generosissimam</span> <span class='ocrx_word' id='word_1_132' title='bbox 801 1642 1067 1703; x_wconf 83' lang='lat' dir='ltr'>feminam</span> <span class='ocrx_word' id='word_1_133' title='bbox 1111 1642 1416 1720; x_wconf 87' lang='lat' dir='ltr'>Lepidam,</span> <span class='ocrx_word' id='word_1_134' title='bbox 1468 1645 1524 1701; x_wconf 91' lang='lat' dir='ltr'>in</span> <span class='ocrx_word' id='word_1_135' title='bbox 1568 1645 1812 1720; x_wconf 83' lang='lat' dir='ltr'>gratiam</span> <span class='ocrx_word' id='word_1_136' title='bbox 1857 1644 2077 1718; x_wconf 86' lang='lat' dir='ltr'>Quirini</span> <span class='ocrx_word' id='word_1_137' title='bbox 2120 1659 2258 1701; x_wconf 88' lang='lat' dir='ltr'>con-</span> 
     </span>
     <span class='ocr_line' id='line_1_18' title="bbox 254 1725 2256 1804; baseline -0.002 -16"><span class='ocrx_word' id='word_1_138' title='bbox 254 1727 461 1788; x_wconf 89' lang='lat' dir='ltr'>sularis</span> <span class='ocrx_word' id='word_1_139' title='bbox 508 1726 846 1804; x_wconf 83' lang='lat' dir='ltr'>praedivitis</span> <span class='ocrx_word' id='word_1_140' title='bbox 893 1736 951 1785; x_wconf 87' lang='lat' dir='ltr'>et</span> <span class='ocrx_word' id='word_1_141' title='bbox 994 1725 1155 1802; x_wconf 91' lang='lat' dir='ltr'>orbi,</span> <span class='ocrx_word' id='word_1_142' title='bbox 1200 1728 1297 1803; x_wconf 91' lang='lat' dir='ltr'>qui</span> <span class='ocrx_word' id='word_1_143' title='bbox 1341 1726 1629 1787; x_wconf 90' lang='lat' dir='ltr'>dimissam</span> <span class='ocrx_word' id='word_1_144' title='bbox 1676 1745 1801 1787; x_wconf 90' lang='lat' dir='ltr'>eam</span> <span class='ocrx_word' id='word_1_145' title='bbox 1833 1746 1867 1787; x_wconf 90' lang='lat' dir='ltr'>e</span> <span class='ocrx_word' id='word_1_146' title='bbox 1894 1726 2256 1787; x_wconf 90' lang='lat' dir='ltr'>matrimonio</span> 
     </span>
     <span class='ocr_line' id='line_1_19' title="bbox 255 1810 2256 1891; baseline -0.001 -20"><span class='ocrx_word' id='word_1_147' title='bbox 255 1820 389 1891; x_wconf 90' lang='lat' dir='ltr'>post</span> <span class='ocrx_word' id='word_1_148' title='bbox 429 1811 803 1869; x_wconf 84' lang='lat' dir='ltr'>vicensimum</span> <span class='ocrx_word' id='word_1_149' title='bbox 845 1828 1049 1869; x_wconf 89' lang='lat' dir='ltr'>annum</span> <span class='ocrx_word' id='word_1_150' title='bbox 1091 1812 1304 1869; x_wconf 84' lang='lat' dir='ltr'>veneni</span> <span class='ocrx_word' id='word_1_151' title='bbox 1336 1810 1472 1869; x_wconf 89' lang='lat' dir='ltr'>olim</span> <span class='ocrx_word' id='word_1_152' title='bbox 1502 1812 1559 1869; x_wconf 89' lang='lat' dir='ltr'>in</span> <span class='ocrx_word' id='word_1_153' title='bbox 1591 1829 1656 1869; x_wconf 90' lang='lat' dir='ltr'>se</span> <span class='ocrx_word' id='word_1_154' title='bbox 1694 1812 2013 1888; x_wconf 90' lang='lat' dir='ltr'>comparati</span> <span class='ocrx_word' id='word_1_155' title='bbox 2047 1827 2256 1886; x_wconf 88' lang='lat' dir='ltr'>argue·</span> 
     </span>
     <span class='ocr_line' id='line_1_20' title="bbox 254 1892 2256 1973; baseline -0.001 -19"><span class='ocrx_word' id='word_1_156' title='bbox 254 1895 380 1964; x_wconf 85' lang='lat' dir='ltr'>bat;</span> <span class='ocrx_word' id='word_1_157' title='bbox 433 1902 738 1973; x_wconf 88' lang='lat' dir='ltr'>praeterea</span> <span class='ocrx_word' id='word_1_158' title='bbox 774 1892 1083 1953; x_wconf 84' lang='lat' dir='ltr'>Galliarum</span> <span class='ocrx_word' id='word_1_159' title='bbox 1112 1902 1171 1951; x_wconf 85' lang='lat' dir='ltr'>et</span> <span class='ocrx_word' id='word_1_160' title='bbox 1203 1893 1606 1971; x_wconf 88' lang='lat' dir='ltr'>Hispaniarum</span> <span class='ocrx_word' id='word_1_161' title='bbox 1641 1895 1959 1973; x_wconf 77' lang='lat' dir='ltr'>Syriaeque</span> <span class='ocrx_word' id='word_1_162' title='bbox 1992 1903 2051 1953; x_wconf 89' lang='lat' dir='ltr'>et</span> <span class='ocrx_word' id='word_1_163' title='bbox 2080 1893 2256 1954; x_wconf 86' lang='lat' dir='ltr'>Grae·</span> 
     </span>
     <span class='ocr_line' id='line_1_21' title="bbox 258 1977 2335 2058; baseline -0.001 -17"><span class='ocrx_word' id='word_1_164' title='bbox 258 1980 384 2041; x_wconf 86' lang='lat' dir='ltr'>ciae</span> <span class='ocrx_word' id='word_1_165' title='bbox 415 1978 712 2057; x_wconf 87' lang='lat' dir='ltr'>principes</span> <span class='ocrx_word' id='word_1_166' title='bbox 746 1977 1097 2038; x_wconf 84' lang='lat' dir='ltr'>confiscatos</span> <span class='ocrx_word' id='word_1_167' title='bbox 1133 1977 1352 2038; x_wconf 89' lang='lat' dir='ltr'>ohtam</span> <span class='ocrx_word' id='word_1_168' title='bbox 1385 1978 1516 2038; x_wconf 89' lang='lat' dir='ltr'>leve</span> <span class='ocrx_word' id='word_1_169' title='bbox 1543 1997 1614 2039; x_wconf 87' lang='lat' dir='ltr'>ac</span> <span class='ocrx_word' id='word_1_170' title='bbox 1642 1988 1752 2040; x_wconf 92' lang='lat' dir='ltr'>tam</span> <span class='ocrx_word' id='word_1_171' title='bbox 1787 1978 2067 2058; x_wconf 89' lang='lat' dir='ltr'>inpudens</span> <span class='ocrx_word' id='word_1_172' title='bbox 2104 1977 2257 2038; x_wconf 89' lang='lat' dir='ltr'>calu·</span> <span class='ocrx_word' id='word_1_173' title='bbox 2274 1997 2335 2039; x_wconf 67' lang='lat' dir='ltr'>ao</span> 
     </span>
     <span class='ocr_line' id='line_1_22' title="bbox 256 2060 2259 2142; baseline -0.001 -19"><span class='ocrx_word' id='word_1_174' title='bbox 256 2065 529 2123; x_wconf 89' lang='lat' dir='ltr'>mniarum</span> <span class='ocrx_word' id='word_1_175' title='bbox 549 2079 773 2138; x_wconf 83' lang='lat' dir='ltr'>genus,</span> <span class='ocrx_word' id='word_1_176' title='bbox 816 2069 877 2120; x_wconf 91' lang='lat' dir='ltr'>ut</span> <span class='ocrx_word' id='word_1_177' title='bbox 911 2060 1248 2137; x_wconf 90' lang='lat' dir='ltr'>quibusdam</span> <span class='ocrx_word' id='word_1_178' title='bbox 1280 2079 1395 2121; x_wconf 90' lang='lat' dir='ltr'>non</span> <span class='ocrx_word' id='word_1_179' title='bbox 1428 2062 1581 2123; x_wconf 90' lang='lat' dir='ltr'>aliud</span> <span class='ocrx_word' id='word_1_180' title='bbox 1613 2065 1686 2123; x_wconf 90' lang='lat' dir='ltr'>sit</span> <span class='ocrx_word' id='word_1_181' title='bbox 1718 2063 2043 2138; x_wconf 89' lang='lat' dir='ltr'>obiectum,</span> <span class='ocrx_word' id='word_1_182' title='bbox 2089 2079 2259 2142; x_wconf 89' lang='lat' dir='ltr'>quam</span> 
     </span>
     <span class='ocr_line' id='line_1_23' title="bbox 257 2144 2258 2227; baseline 0 -23"><span class='ocrx_word' id='word_1_183' title='bbox 257 2144 410 2227; x_wconf 90' lang='lat' dir='ltr'>quod</span> <span class='ocrx_word' id='word_1_184' title='bbox 441 2154 661 2222; x_wconf 88' lang='lat' dir='ltr'>partem</span> <span class='ocrx_word' id='word_1_185' title='bbox 683 2148 768 2203; x_wconf 90' lang='lat' dir='ltr'>rei</span> <span class='ocrx_word' id='word_1_186' title='bbox 794 2144 1087 2204; x_wconf 79' lang='lat' dir='ltr'>familiaris</span> <span class='ocrx_word' id='word_1_187' title='bbox 1114 2146 1172 2204; x_wconf 89' lang='lat' dir='ltr'>in</span> <span class='ocrx_word' id='word_1_188' title='bbox 1197 2147 1442 2224; x_wconf 76' lang='lat' dir='ltr'>pecunia</span> <span class='ocrx_word' id='word_1_189' title='bbox 1466 2146 1774 2216; x_wconf 88' lang='lat' dir='ltr'>haberent;</span> <span class='ocrx_word' id='word_1_190' title='bbox 1805 2148 2063 2225; x_wconf 87' lang='lat' dir='ltr'>plurimis</span> <span class='ocrx_word' id='word_1_191' title='bbox 2087 2147 2258 2205; x_wconf 86' lang='lat' dir='ltr'>etiam</span> 
     </span>
     <span class='ocr_line' id='line_1_24' title="bbox 257 2227 2258 2305; baseline -0.001 -16"><span class='ocrx_word' id='word_1_192' title='bbox 257 2227 583 2289; x_wconf 76' lang='lat' dir='ltr'>civitatibus</span> <span class='ocrx_word' id='word_1_193' title='bbox 633 2236 691 2287; x_wconf 86' lang='lat' dir='ltr'>et</span> <span class='ocrx_word' id='word_1_194' title='bbox 726 2228 964 2305; x_wconf 89' lang='lat' dir='ltr'>privatis</span> <span class='ocrx_word' id='word_1_195' title='bbox 1001 2238 1233 2288; x_wconf 88' lang='lat' dir='ltr'>veteres</span> <span class='ocrx_word' id='word_1_196' title='bbox 1265 2231 1645 2291; x_wconf 88' lang='lat' dir='ltr'>immunitates</span> <span class='ocrx_word' id='word_1_197' title='bbox 1690 2240 1748 2290; x_wconf 93' lang='lat' dir='ltr'>et</span> <span class='ocrx_word' id='word_1_198' title='bbox 1781 2232 1869 2290; x_wconf 91' lang='lat' dir='ltr'>ius</span> <span class='ocrx_word' id='word_1_199' title='bbox 1897 2229 2258 2291; x_wconf 87' lang='lat' dir='ltr'>metallorum</span> 
     </span>
     <span class='ocr_line' id='line_1_25' title="bbox 256 2310 2256 2393; baseline -0.002 -18"><span class='ocrx_word' id='word_1_200' title='bbox 256 2333 324 2375; x_wconf 89' lang='lat' dir='ltr'>ac</span> <span class='ocrx_word' id='word_1_201' title='bbox 354 2310 727 2387; x_wconf 85' lang='lat' dir='ltr'>vectigalium</span> <span class='ocrx_word' id='word_1_202' title='bbox 759 2311 1054 2391; x_wconf 87' lang='lat' dir='ltr'>adempta;</span> <span class='ocrx_word' id='word_1_203' title='bbox 1104 2313 1208 2372; x_wconf 90' lang='lat' dir='ltr'>sed</span> <span class='ocrx_word' id='word_1_204' title='bbox 1239 2323 1298 2373; x_wconf 92' lang='lat' dir='ltr'>et</span> <span class='ocrx_word' id='word_1_205' title='bbox 1329 2315 1636 2374; x_wconf 89' lang='lat' dir='ltr'>Vononem</span> <span class='ocrx_word' id='word_1_206' title='bbox 1666 2333 1869 2393; x_wconf 90' lang='lat' dir='ltr'>regem</span> <span class='ocrx_word' id='word_1_207' title='bbox 1900 2314 2256 2390; x_wconf 86' lang='lat' dir='ltr'>Parthorum,</span> 
     </span>
     <span class='ocr_line' id='line_1_26' title="bbox 257 2394 2332 2477; baseline -0 -21"><span class='ocrx_word' id='word_1_208' title='bbox 257 2398 355 2477; x_wconf 92' lang='lat' dir='ltr'>qui</span> <span class='ocrx_word' id='word_1_209' title='bbox 407 2394 606 2473; x_wconf 91' lang='lat' dir='ltr'>pulsus</span> <span class='ocrx_word' id='word_1_210' title='bbox 657 2414 691 2454; x_wconf 89' lang='lat' dir='ltr'>a</span> <span class='ocrx_word' id='word_1_211' title='bbox 730 2397 848 2454; x_wconf 90' lang='lat' dir='ltr'>suis</span> <span class='ocrx_word' id='word_1_212' title='bbox 879 2398 1041 2474; x_wconf 91' lang='lat' dir='ltr'>quasi</span> <span class='ocrx_word' id='word_1_213' title='bbox 1074 2399 1131 2455; x_wconf 92' lang='lat' dir='ltr'>in</span> <span class='ocrx_word' id='word_1_214' title='bbox 1150 2397 1331 2457; x_wconf 80' lang='lat' dir='ltr'>fidem</span> <span class='ocrx_word' id='word_1_215' title='bbox 1365 2398 1423 2457; x_wconf 82' lang='grc' dir='ltr'>Ρ.</span> <span class='ocrx_word' id='word_1_216' title='bbox 1453 2399 1524 2459; x_wconf 83' lang='grc' dir='ltr'>Β.</span> <span class='ocrx_word' id='word_1_217' title='bbox 1560 2417 1687 2458; x_wconf 90' lang='lat' dir='ltr'>cum</span> <span class='ocrx_word' id='word_1_218' title='bbox 1716 2401 1936 2476; x_wconf 85' lang='lat' dir='ltr'>ingenti</span> <span class='ocrx_word' id='word_1_219' title='bbox 1965 2415 2110 2476; x_wconf 88' lang='lat' dir='ltr'>gaza</span> <span class='ocrx_word' id='word_1_220' title='bbox 2139 2397 2256 2457; x_wconf 85' lang='lat' dir='ltr'>An·</span> <span class='ocrx_word' id='word_1_221' title='bbox 2277 2414 2332 2455; x_wconf 70' lang='grc' dir='ltr'>π</span> 
     </span>
     <span class='ocr_line' id='line_1_27' title="bbox 258 2479 2024 2559; baseline 0 -19"><span class='ocrx_word' id='word_1_222' title='bbox 258 2479 528 2540; x_wconf 88' lang='lat' dir='ltr'>tiochiam</span> <span class='ocrx_word' id='word_1_223' title='bbox 563 2497 628 2538; x_wconf 92' lang='lat' dir='ltr'>se</span> <span class='ocrx_word' id='word_1_224' title='bbox 659 2488 998 2558; x_wconf 83' lang='lat' dir='ltr'>receperat,</span> <span class='ocrx_word' id='word_1_225' title='bbox 1039 2481 1348 2559; x_wconf 90' lang='lat' dir='ltr'>spoliatum</span> <span class='ocrx_word' id='word_1_226' title='bbox 1379 2482 1620 2559; x_wconf 87' lang='lat' dir='ltr'>perfidia</span> <span class='ocrx_word' id='word_1_227' title='bbox 1654 2491 1712 2542; x_wconf 87' lang='lat' dir='ltr'>et</span> <span class='ocrx_word' id='word_1_228' title='bbox 1747 2484 2024 2543; x_wconf 88' lang='lat' dir='ltr'>occisum.</span> 
     </span>
    </p>

    <p class='ocr_par' dir='ltr' id='par_1_4' title="bbox 175 2560 2334 3566">
     <span class='ocr_line' id='line_1_28' title="bbox 175 2560 2260 2646; baseline 0.001 -24"><span class='ocrx_word' id='word_1_229' title='bbox 175 2592 243 2644; x_wconf 80' lang='lat'>50</span> <span class='ocrx_word' id='word_1_230' title='bbox 386 2562 590 2642; x_wconf 90' lang='lat' dir='ltr'>Odium</span> <span class='ocrx_word' id='word_1_231' title='bbox 637 2560 916 2623; x_wconf 88' lang='lat' dir='ltr'>adversus</span> <span class='ocrx_word' id='word_1_232' title='bbox 952 2565 1414 2625; x_wconf 89' lang='lat' dir='ltr'>necessitudines</span> <span class='ocrx_word' id='word_1_233' title='bbox 1456 2567 1513 2624; x_wconf 91' lang='lat' dir='ltr'>in</span> <span class='ocrx_word' id='word_1_234' title='bbox 1557 2565 1748 2627; x_wconf 90' lang='lat' dir='ltr'>Druso</span> <span class='ocrx_word' id='word_1_235' title='bbox 1794 2568 2034 2646; x_wconf 89' lang='lat' dir='ltr'>primum</span> <span class='ocrx_word' id='word_1_236' title='bbox 2077 2566 2260 2625; x_wconf 83' lang='lat' dir='ltr'>fratre</span> 
     </span>
     <span class='ocr_line' id='line_1_29' title="bbox 260 2647 2259 2728; baseline 0 -19"><span class='ocrx_word' id='word_1_237' title='bbox 260 2648 479 2709; x_wconf 84' lang='lat' dir='ltr'>detexit</span> <span class='ocrx_word' id='word_1_238' title='bbox 512 2647 770 2727; x_wconf 91' lang='lat' dir='ltr'>(prodita</span> <span class='ocrx_word' id='word_1_239' title='bbox 801 2650 924 2708; x_wconf 88' lang='lat' dir='ltr'>eius</span> <span class='ocrx_word' id='word_1_240' title='bbox 958 2649 1226 2727; x_wconf 90' lang='lat' dir='ltr'>epistola,</span> <span class='ocrx_word' id='word_1_241' title='bbox 1275 2667 1386 2728; x_wconf 89' lang='lat' dir='ltr'>qua</span> <span class='ocrx_word' id='word_1_242' title='bbox 1430 2668 1628 2710; x_wconf 90' lang='lat' dir='ltr'>secum</span> <span class='ocrx_word' id='word_1_243' title='bbox 1659 2650 1730 2710; x_wconf 92' lang='lat' dir='ltr'>de</span> <span class='ocrx_word' id='word_1_244' title='bbox 1763 2650 2032 2728; x_wconf 90' lang='lat' dir='ltr'>cogendo</span> <span class='ocrx_word' id='word_1_245' title='bbox 2063 2649 2134 2709; x_wconf 87' lang='lat' dir='ltr'>ad</span> <span class='ocrx_word' id='word_1_246' title='bbox 2167 2666 2259 2709; x_wconf 87' lang='lat' dir='ltr'>re·</span> 
     </span>
     <span class='ocr_line' id='line_1_30' title="bbox 260 2731 2259 2813; baseline -0.001 -21"><span class='ocrx_word' id='word_1_247' title='bbox 260 2731 602 2793; x_wconf 88' lang='lat' dir='ltr'>stituendam</span> <span class='ocrx_word' id='word_1_248' title='bbox 648 2731 968 2793; x_wconf 89' lang='lat' dir='ltr'>libertatem</span> <span class='ocrx_word' id='word_1_249' title='bbox 1003 2733 1268 2810; x_wconf 81' lang='lat' dir='ltr'>Augusto</span> <span class='ocrx_word' id='word_1_250' title='bbox 1311 2731 1550 2813; x_wconf 86' lang='lat' dir='ltr'>agebat)</span> <span class='ocrx_word' id='word_1_251' title='bbox 1582 2734 1788 2795; x_wconf 89' lang='lat' dir='ltr'>deinde</span> <span class='ocrx_word' id='word_1_252' title='bbox 1820 2744 1879 2795; x_wconf 92' lang='lat' dir='ltr'>et</span> <span class='ocrx_word' id='word_1_253' title='bbox 1911 2737 1968 2794; x_wconf 90' lang='lat' dir='ltr'>in</span> <span class='ocrx_word' id='word_1_254' title='bbox 1996 2733 2259 2811; x_wconf 88' lang='lat' dir='ltr'>reliquis.</span> 
     </span>
     <span class='ocr_line' id='line_1_31' title="bbox 258 2816 2334 2896; baseline 0.001 -18"><span class='ocrx_word' id='word_1_255' title='bbox 258 2817 438 2878; x_wconf 89' lang='lat' dir='ltr'>Iuliae</span> <span class='ocrx_word' id='word_1_256' title='bbox 496 2816 663 2875; x_wconf 84' lang='lat' dir='ltr'>uxori</span> <span class='ocrx_word' id='word_1_257' title='bbox 718 2823 930 2876; x_wconf 90' lang='lat' dir='ltr'>tantum</span> <span class='ocrx_word' id='word_1_258' title='bbox 964 2817 1105 2876; x_wconf 83' lang='lat' dir='ltr'>afuit</span> <span class='ocrx_word' id='word_1_259' title='bbox 1144 2825 1205 2875; x_wconf 90' lang='lat' dir='ltr'>ut</span> <span class='ocrx_word' id='word_1_260' title='bbox 1248 2817 1578 2894; x_wconf 87' lang='lat' dir='ltr'>relegatae,</span> <span class='ocrx_word' id='word_1_261' title='bbox 1625 2818 1779 2896; x_wconf 89' lang='lat' dir='ltr'>quod</span> <span class='ocrx_word' id='word_1_262' title='bbox 1818 2820 2103 2877; x_wconf 89' lang='lat' dir='ltr'>minimum</span> <span class='ocrx_word' id='word_1_263' title='bbox 2144 2824 2334 2892; x_wconf 76' lang='lat' dir='ltr'>est‚so</span> 
     </span>
     <span class='ocr_line' id='line_1_32' title="bbox 260 2898 2261 2979; baseline -0.001 -18"><span class='ocrx_word' id='word_1_264' title='bbox 260 2901 416 2961; x_wconf 84' lang='lat' dir='ltr'>offici</span> <span class='ocrx_word' id='word_1_265' title='bbox 461 2908 556 2960; x_wconf 90' lang='lat' dir='ltr'>aut</span> <span class='ocrx_word' id='word_1_266' title='bbox 596 2898 956 2960; x_wconf 90' lang='lat' dir='ltr'>humanitatis</span> <span class='ocrx_word' id='word_1_267' title='bbox 1000 2899 1217 2979; x_wconf 86' lang='lat' dir='ltr'>aliquid</span> <span class='ocrx_word' id='word_1_268' title='bbox 1250 2902 1601 2979; x_wconf 86' lang='lat' dir='ltr'>impertiret,</span> <span class='ocrx_word' id='word_1_269' title='bbox 1645 2910 1705 2961; x_wconf 90' lang='lat' dir='ltr'>ut</span> <span class='ocrx_word' id='word_1_270' title='bbox 1738 2920 1814 2962; x_wconf 87' lang='lat' dir='ltr'>ex</span> <span class='ocrx_word' id='word_1_271' title='bbox 1853 2902 2261 2962; x_wconf 89' lang='lat' dir='ltr'>constitutione</span> 
     </span>
     <span class='ocr_line' id='line_1_33' title="bbox 259 2983 2259 3065; baseline -0.002 -20"><span class='ocrx_word' id='word_1_272' title='bbox 259 2987 441 3064; x_wconf 90' lang='lat' dir='ltr'>patris</span> <span class='ocrx_word' id='word_1_273' title='bbox 484 3001 598 3043; x_wconf 89' lang='lat' dir='ltr'>uno</span> <span class='ocrx_word' id='word_1_274' title='bbox 644 2983 864 3062; x_wconf 89' lang='lat' dir='ltr'>oppido</span> <span class='ocrx_word' id='word_1_275' title='bbox 897 2983 1147 3043; x_wconf 88' lang='lat' dir='ltr'>clausam</span> <span class='ocrx_word' id='word_1_276' title='bbox 1179 2983 1352 3044; x_wconf 93' lang='lat' dir='ltr'>domo</span> <span class='ocrx_word' id='word_1_277' title='bbox 1387 3003 1619 3065; x_wconf 91' lang='lat' dir='ltr'>quoque</span> <span class='ocrx_word' id='word_1_278' title='bbox 1652 2985 1858 3063; x_wconf 83' lang='lat' dir='ltr'>egredi</span> <span class='ocrx_word' id='word_1_279' title='bbox 1889 2994 1948 3045; x_wconf 89' lang='lat' dir='ltr'>et</span> <span class='ocrx_word' id='word_1_280' title='bbox 1978 3002 2259 3046; x_wconf 81' lang='lat' dir='ltr'>commer-</span> 
     </span>
     <span class='ocr_line' id='line_1_34' title="bbox 262 3067 2263 3147; baseline 0 -20"><span class='ocrx_word' id='word_1_281' title='bbox 262 3070 355 3127; x_wconf 90' lang='lat' dir='ltr'>cio</span> <span class='ocrx_word' id='word_1_282' title='bbox 396 3067 683 3127; x_wconf 89' lang='lat' dir='ltr'>hominum</span> <span class='ocrx_word' id='word_1_283' title='bbox 723 3068 834 3127; x_wconf 83' lang='lat' dir='ltr'>frui</span> <span class='ocrx_word' id='word_1_284' title='bbox 882 3069 1158 3136; x_wconf 85' lang='lat' dir='ltr'>vetuerit;</span> <span class='ocrx_word' id='word_1_285' title='bbox 1206 3068 1312 3128; x_wconf 90' lang='lat' dir='ltr'>sed</span> <span class='ocrx_word' id='word_1_286' title='bbox 1359 3078 1417 3128; x_wconf 91' lang='lat' dir='ltr'>et</span> <span class='ocrx_word' id='word_1_287' title='bbox 1448 3070 1678 3147; x_wconf 89' lang='lat' dir='ltr'>peculio</span> <span class='ocrx_word' id='word_1_288' title='bbox 1712 3087 1999 3130; x_wconf 89' lang='lat' dir='ltr'>concesso</span> <span class='ocrx_word' id='word_1_289' title='bbox 2029 3087 2062 3130; x_wconf 91' lang='lat' dir='ltr'>a</span> <span class='ocrx_word' id='word_1_290' title='bbox 2096 3077 2263 3147; x_wconf 87' lang='lat' dir='ltr'>patre</span> 
     </span>
     <span class='ocr_line' id='line_1_35' title="bbox 262 3148 2263 3232; baseline 0.001 -24"><span class='ocrx_word' id='word_1_291' title='bbox 262 3148 656 3229; x_wconf 85' lang='lat' dir='ltr'>praebitisque</span> <span class='ocrx_word' id='word_1_292' title='bbox 678 3153 879 3211; x_wconf 88' lang='lat' dir='ltr'>annuis</span> <span class='ocrx_word' id='word_1_293' title='bbox 903 3150 1205 3228; x_wconf 82' lang='lat' dir='ltr'>fraudavit,</span> <span class='ocrx_word' id='word_1_294' title='bbox 1238 3170 1347 3230; x_wconf 92' lang='lat' dir='ltr'>per</span> <span class='ocrx_word' id='word_1_295' title='bbox 1377 3155 1636 3230; x_wconf 89' lang='lat' dir='ltr'>speciem</span> <span class='ocrx_word' id='word_1_296' title='bbox 1668 3153 1885 3231; x_wconf 88' lang='lat' dir='ltr'>publici</span> <span class='ocrx_word' id='word_1_297' title='bbox 1909 3155 2067 3230; x_wconf 90' lang='lat' dir='ltr'>iuris,</span> <span class='ocrx_word' id='word_1_298' title='bbox 2106 3149 2263 3232; x_wconf 86' lang='lat' dir='ltr'>quod</span> 
     </span>
     <span class='ocr_line' id='line_1_36' title="bbox 261 3229 2334 3311; baseline 0.002 -20"><span class='ocrx_word' id='word_1_299' title='bbox 261 3230 401 3292; x_wconf 90' lang='lat' dir='ltr'>nihil</span> <span class='ocrx_word' id='word_1_300' title='bbox 442 3229 515 3289; x_wconf 93' lang='lat' dir='ltr'>de</span> <span class='ocrx_word' id='word_1_301' title='bbox 562 3230 650 3289; x_wconf 92' lang='lat' dir='ltr'>his</span> <span class='ocrx_word' id='word_1_302' title='bbox 683 3232 980 3311; x_wconf 85' lang='lat' dir='ltr'>Augustus</span> <span class='ocrx_word' id='word_1_303' title='bbox 1026 3243 1370 3296; x_wconf 88' lang='lat' dir='ltr'>testamento</span> <span class='ocrx_word' id='word_1_304' title='bbox 1420 3238 1692 3297; x_wconf 86' lang='lat' dir='ltr'>cavisset.</span> <span class='ocrx_word' id='word_1_305' title='bbox 1766 3238 2007 3299; x_wconf 82' lang='lat' dir='ltr'>Matrem</span> <span class='ocrx_word' id='word_1_306' title='bbox 2045 3236 2334 3297; x_wconf 74' lang='lat' dir='ltr'>Liviamss</span> 
     </span>
     <span class='ocr_line' id='line_1_37' title="bbox 262 3313 2265 3399; baseline 0.003 -26"><span class='ocrx_word' id='word_1_307' title='bbox 262 3322 538 3392; x_wconf 84' lang='lat' dir='ltr'>gravatus</span> <span class='ocrx_word' id='word_1_308' title='bbox 582 3313 740 3373; x_wconf 84' lang='lat' dir='ltr'>velut</span> <span class='ocrx_word' id='word_1_309' title='bbox 782 3327 979 3394; x_wconf 89' lang='lat' dir='ltr'>partes</span> <span class='ocrx_word' id='word_1_310' title='bbox 1018 3319 1126 3378; x_wconf 90' lang='lat' dir='ltr'>sibi</span> <span class='ocrx_word' id='word_1_311' title='bbox 1156 3338 1375 3399; x_wconf 87' lang='lat' dir='ltr'>aequas</span> <span class='ocrx_word' id='word_1_312' title='bbox 1402 3323 1700 3399; x_wconf 90' lang='lat' dir='ltr'>potentiae</span> <span class='ocrx_word' id='word_1_313' title='bbox 1737 3320 2156 3396; x_wconf 73' lang='lat' dir='ltr'>vindicantem,</span> <span class='ocrx_word' id='word_1_314' title='bbox 2204 3327 2265 3380; x_wconf 86' lang='lat' dir='ltr'>et</span> 
     </span>
     <span class='ocr_line' id='line_1_38' title="bbox 266 3397 2265 3483; baseline 0.004 -28"><span class='ocrx_word' id='word_1_315' title='bbox 266 3412 645 3472; x_wconf 88' lang='lat' dir='ltr'>congressum</span> <span class='ocrx_word' id='word_1_316' title='bbox 678 3397 800 3456; x_wconf 84' lang='lat' dir='ltr'>eius</span> <span class='ocrx_word' id='word_1_317' title='bbox 830 3403 1116 3463; x_wconf 88' lang='lat' dir='ltr'>assiduum</span> <span class='ocrx_word' id='word_1_318' title='bbox 1148 3405 1348 3464; x_wconf 85' lang='lat' dir='ltr'>vitavit</span> <span class='ocrx_word' id='word_1_319' title='bbox 1380 3413 1439 3462; x_wconf 87' lang='lat' dir='ltr'>et</span> <span class='ocrx_word' id='word_1_320' title='bbox 1463 3404 1764 3483; x_wconf 89' lang='lat' dir='ltr'>longiores</span> <span class='ocrx_word' id='word_1_321' title='bbox 1789 3406 2265 3483; x_wconf 89' lang='lat' dir='ltr'>secretioresque</span> 
     </span>
     <span class='ocr_line' id='line_1_39' title="bbox 266 3485 2269 3566; baseline 0.006 -31"><span class='ocrx_word' id='word_1_322' title='bbox 266 3494 601 3552; x_wconf 89' lang='lat' dir='ltr'>sermones,</span> <span class='ocrx_word' id='word_1_323' title='bbox 649 3495 722 3536; x_wconf 89' lang='lat' dir='ltr'>ne</span> <span class='ocrx_word' id='word_1_324' title='bbox 765 3485 1052 3562; x_wconf 88' lang='lat' dir='ltr'>consiliis,</span> <span class='ocrx_word' id='word_1_325' title='bbox 1094 3487 1299 3565; x_wconf 90' lang='lat' dir='ltr'>quibus</span> <span class='ocrx_word' id='word_1_326' title='bbox 1336 3496 1524 3547; x_wconf 91' lang='lat' dir='ltr'>tamen</span> <span class='ocrx_word' id='word_1_327' title='bbox 1561 3488 1840 3548; x_wconf 88' lang='lat' dir='ltr'>interdum</span> <span class='ocrx_word' id='word_1_328' title='bbox 1885 3498 1945 3548; x_wconf 88' lang='lat' dir='ltr'>et</span> <span class='ocrx_word' id='word_1_329' title='bbox 1977 3505 2160 3566; x_wconf 90' lang='lat' dir='ltr'>egere</span> <span class='ocrx_word' id='word_1_330' title='bbox 2207 3495 2269 3547; x_wconf 90' lang='lat' dir='ltr'>et</span> 
     </span>
    </p>
   </div>
  </div>
 </body>
</html>
