<?xml version="1.0" encoding="UTF-8"?>
<!DOCTYPE html PUBLIC "-//W3C//DTD XHTML 1.0 Transitional//EN"
    "http://www.w3.org/TR/xhtml1/DTD/xhtml1-transitional.dtd">
<html xmlns="http://www.w3.org/1999/xhtml" xml:lang="en" lang="en">
 <head>
  <title>
</title>
<meta http-equiv="Content-Type" content="text/html;charset=utf-8" />
  <meta name='ocr-system' content='tesseract 3.04.00' />
  <meta name='ocr-capabilities' content='ocr_page ocr_carea ocr_par ocr_line ocrx_word'/>
</head>
<body>
  <div class='ocr_page' id='page_1' title='image "./csuetonitranqui06rothgoog_0141.png"; bbox 0 0 2553 3960; ppageno 0'>
   <div class='ocr_carea' id='block_1_1' title="bbox 988 219 2238 281">
    <p class='ocr_par' dir='ltr' id='par_1_1' title="bbox 988 219 2238 281">
     <span class='ocr_line' id='line_1_1' title="bbox 988 219 2238 281; baseline 0.005 -6"><span class='ocrx_word' id='word_1_1' title='bbox 988 228 1197 277; x_wconf 80' lang='lat' dir='ltr'><strong>mvns</strong></span> <span class='ocrx_word' id='word_1_2' title='bbox 1242 228 1498 279; x_wconf 73' lang='lat' dir='ltr'><strong>muns.</strong></span> <span class='ocrx_word' id='word_1_3' title='bbox 2164 219 2238 281; x_wconf 85' lang='lat'><strong>31</strong></span> 
     </span>
    </p>
   </div>
   <div class='ocr_carea' id='block_1_2' title="bbox 142 382 2315 3585">
    <p class='ocr_par' dir='ltr' id='par_1_2' title="bbox 142 382 2315 3585">
     <span class='ocr_line' id='line_1_2' title="bbox 205 382 2243 447; baseline 0.002 -5"><span class='ocrx_word' id='word_1_4' title='bbox 205 402 358 443; x_wconf 90' lang='lat' dir='ltr'><strong>usus</strong></span> <span class='ocrx_word' id='word_1_5' title='bbox 388 382 788 443; x_wconf 84' lang='lat' dir='ltr'><strong>dominatione</strong></span> <span class='ocrx_word' id='word_1_6' title='bbox 831 392 891 442; x_wconf 93' lang='lat' dir='ltr'><strong>et</strong></span> <span class='ocrx_word' id='word_1_7' title='bbox 932 384 1056 443; x_wconf 90' lang='lat' dir='ltr'><strong>iure</strong></span> <span class='ocrx_word' id='word_1_8' title='bbox 1091 401 1299 445; x_wconf 91' lang='lat' dir='ltr'><strong>caesus</strong></span> <span class='ocrx_word' id='word_1_9' title='bbox 1336 386 1714 446; x_wconf 79' lang='lat' dir='ltr'><strong>existimetur.</strong></span> <span class='ocrx_word' id='word_1_10' title='bbox 1800 385 1935 446; x_wconf 91' lang='lat' dir='ltr'><strong>Non</strong></span> <span class='ocrx_word' id='word_1_11' title='bbox 1965 388 2115 447; x_wconf 87' lang='lat' dir='ltr'><strong>enim</strong></span> <span class='ocrx_word' id='word_1_12' title='bbox 2141 386 2243 447; x_wconf 86' lang='lat' dir='ltr'><strong>ho·</strong></span> 
     </span>
     <span class='ocr_line' id='line_1_3' title="bbox 204 467 2243 551; baseline 0.003 -24"><span class='ocrx_word' id='word_1_13' title='bbox 204 485 399 528; x_wconf 89' lang='lat' dir='ltr'><strong>nores</strong></span> <span class='ocrx_word' id='word_1_14' title='bbox 438 467 615 528; x_wconf 90' lang='lat' dir='ltr'><strong>modo</strong></span> <span class='ocrx_word' id='word_1_15' title='bbox 653 469 868 527; x_wconf 88' lang='lat' dir='ltr'><strong>nimios</strong></span> <span class='ocrx_word' id='word_1_16' title='bbox 910 469 1166 547; x_wconf 87' lang='lat' dir='ltr'><strong>recepit:</strong></span> <span class='ocrx_word' id='word_1_17' title='bbox 1223 472 1554 529; x_wconf 91' lang='lat' dir='ltr'><strong>continuum</strong></span> <span class='ocrx_word' id='word_1_18' title='bbox 1596 471 1990 547; x_wconf 90' lang='lat' dir='ltr'><strong>consulatum,</strong></span> <span class='ocrx_word' id='word_1_19' title='bbox 2031 488 2243 551; x_wconf 88' lang='lat' dir='ltr'><strong>perpe-</strong></span> 
     </span>
     <span class='ocr_line' id='line_1_4' title="bbox 206 551 2243 634; baseline 0.001 -22"><span class='ocrx_word' id='word_1_20' title='bbox 206 561 373 613; x_wconf 88' lang='lat' dir='ltr'><strong>tuam</strong></span> <span class='ocrx_word' id='word_1_21' title='bbox 410 551 786 630; x_wconf 82' lang='lat' dir='ltr'><strong>dictaturam,</strong></span> <span class='ocrx_word' id='word_1_22' title='bbox 833 551 1375 633; x_wconf 79' lang='lat' dir='ltr'><strong>praefecturamque</strong></span> <span class='ocrx_word' id='word_1_23' title='bbox 1418 572 1667 632; x_wconf 85' lang='lat' dir='ltr'><strong>morum,</strong></span> <span class='ocrx_word' id='word_1_24' title='bbox 1710 555 1949 632; x_wconf 88' lang='lat' dir='ltr'><strong>insuper</strong></span> <span class='ocrx_word' id='word_1_25' title='bbox 1997 572 2243 634; x_wconf 89' lang='lat' dir='ltr'><strong>praeno·</strong></span> 
     </span>
     <span class='ocr_line' id='line_1_5' title="bbox 204 635 2245 719; baseline 0.001 -24"><span class='ocrx_word' id='word_1_26' title='bbox 204 655 351 696; x_wconf 89' lang='lat' dir='ltr'><strong>men</strong></span> <span class='ocrx_word' id='word_1_27' title='bbox 401 635 820 716; x_wconf 87' lang='lat' dir='ltr'><strong>Imperatoris,</strong></span> <span class='ocrx_word' id='word_1_28' title='bbox 883 653 1209 714; x_wconf 79' lang='lat' dir='ltr'><strong>cognomen</strong></span> <span class='ocrx_word' id='word_1_29' title='bbox 1255 638 1442 698; x_wconf 91' lang='lat' dir='ltr'><strong>Patris</strong></span> <span class='ocrx_word' id='word_1_30' title='bbox 1496 640 1748 719; x_wconf 81' lang='lat' dir='ltr'><strong>patriae,</strong></span> <span class='ocrx_word' id='word_1_31' title='bbox 1801 647 2043 699; x_wconf 89' lang='lat' dir='ltr'><strong>statuam</strong></span> <span class='ocrx_word' id='word_1_32' title='bbox 2093 640 2245 698; x_wconf 91' lang='lat' dir='ltr'><strong>inter</strong></span> 
     </span>
     <span class='ocr_line' id='line_1_6' title="bbox 155 720 2242 803; baseline 0 -22"><span class='ocrx_word' id='word_1_33' title='bbox 155 739 435 798; x_wconf 63' lang='lat' dir='ltr'><strong>sregeS‚</strong></span> <span class='ocrx_word' id='word_1_34' title='bbox 490 722 930 798; x_wconf 62' lang='lat' dir='ltr'><strong>suggestum‘in</strong></span> <span class='ocrx_word' id='word_1_35' title='bbox 970 720 1304 793; x_wconf 88' lang='lat' dir='ltr'><strong>orchestra;</strong></span> <span class='ocrx_word' id='word_1_36' title='bbox 1358 724 1463 783; x_wconf 88' lang='lat' dir='ltr'><strong>sed</strong></span> <span class='ocrx_word' id='word_1_37' title='bbox 1506 732 1565 782; x_wconf 92' lang='lat' dir='ltr'><strong>et</strong></span> <span class='ocrx_word' id='word_1_38' title='bbox 1605 723 1888 803; x_wconf 89' lang='lat' dir='ltr'><strong>ampliora</strong></span> <span class='ocrx_word' id='word_1_39' title='bbox 1930 724 2101 783; x_wconf 91' lang='lat' dir='ltr'><strong>etiam</strong></span> <span class='ocrx_word' id='word_1_40' title='bbox 2143 723 2242 781; x_wconf 91' lang='lat' dir='ltr'><strong>hu-</strong></span> 
     </span>
     <span class='ocr_line' id='line_1_7' title="bbox 205 804 2243 886; baseline 0.001 -22"><span class='ocrx_word' id='word_1_41' title='bbox 205 822 388 865; x_wconf 88' lang='lat' dir='ltr'><strong>mano</strong></span> <span class='ocrx_word' id='word_1_42' title='bbox 421 805 666 882; x_wconf 83' lang='lat' dir='ltr'><strong>fastigio</strong></span> <span class='ocrx_word' id='word_1_43' title='bbox 698 804 938 865; x_wconf 88' lang='lat' dir='ltr'><strong>decerni</strong></span> <span class='ocrx_word' id='word_1_44' title='bbox 973 804 1082 865; x_wconf 90' lang='lat' dir='ltr'><strong>sibi</strong></span> <span class='ocrx_word' id='word_1_45' title='bbox 1112 825 1323 886; x_wconf 89' lang='lat' dir='ltr'><strong>passus</strong></span> <span class='ocrx_word' id='word_1_46' title='bbox 1354 817 1471 867; x_wconf 91' lang='lat' dir='ltr'><strong>est:</strong></span> <span class='ocrx_word' id='word_1_47' title='bbox 1512 807 1712 867; x_wconf 90' lang='lat' dir='ltr'><strong>sedem</strong></span> <span class='ocrx_word' id='word_1_48' title='bbox 1739 825 1971 868; x_wconf 88' lang='lat' dir='ltr'><strong>auream</strong></span> <span class='ocrx_word' id='word_1_49' title='bbox 1999 810 2055 866; x_wconf 92' lang='lat' dir='ltr'><strong>in</strong></span> <span class='ocrx_word' id='word_1_50' title='bbox 2084 808 2243 866; x_wconf 90' lang='lat' dir='ltr'><strong>curia</strong></span> 
     </span>
     <span class='ocr_line' id='line_1_8' title="bbox 207 888 2240 972; baseline -0 -22"><span class='ocrx_word' id='word_1_51' title='bbox 207 900 274 950; x_wconf 90' lang='lat' dir='ltr'><strong>et</strong></span> <span class='ocrx_word' id='word_1_52' title='bbox 308 907 421 969; x_wconf 91' lang='lat' dir='ltr'><strong>pro</strong></span> <span class='ocrx_word' id='word_1_53' title='bbox 453 888 757 967; x_wconf 85' lang='lat' dir='ltr'><strong>tribunali,</strong></span> <span class='ocrx_word' id='word_1_54' title='bbox 792 899 1014 950; x_wconf 84' lang='lat' dir='ltr'><strong>tensam</strong></span> <span class='ocrx_word' id='word_1_55' title='bbox 1041 898 1102 949; x_wconf 88' lang='lat' dir='ltr'><strong>et</strong></span> <span class='ocrx_word' id='word_1_56' title='bbox 1126 891 1414 951; x_wconf 84' lang='lat' dir='ltr'><strong>ferculum</strong></span> <span class='ocrx_word' id='word_1_57' title='bbox 1446 892 1696 952; x_wconf 83' lang='lat' dir='ltr'><strong>circensi</strong></span> <span class='ocrx_word' id='word_1_58' title='bbox 1722 908 1968 972; x_wconf 90' lang='lat' dir='ltr'><strong>pompa,</strong></span> <span class='ocrx_word' id='word_1_59' title='bbox 2003 889 2240 970; x_wconf 89' lang='lat' dir='ltr'><strong>templa,</strong></span> 
     </span>
     <span class='ocr_line' id='line_1_9' title="bbox 208 973 2239 1055; baseline 0 -20"><span class='ocrx_word' id='word_1_60' title='bbox 208 992 379 1050; x_wconf 89' lang='lat' dir='ltr'><strong>aras,</strong></span> <span class='ocrx_word' id='word_1_61' title='bbox 430 973 738 1034; x_wconf 90' lang='lat' dir='ltr'><strong>simulacra</strong></span> <span class='ocrx_word' id='word_1_62' title='bbox 780 976 938 1034; x_wconf 89' lang='lat' dir='ltr'><strong>iuxta</strong></span> <span class='ocrx_word' id='word_1_63' title='bbox 982 973 1161 1052; x_wconf 87' lang='lat' dir='ltr'><strong>deos,</strong></span> <span class='ocrx_word' id='word_1_64' title='bbox 1212 974 1515 1055; x_wconf 84' lang='lat' dir='ltr'><strong>pulvinar,</strong></span> <span class='ocrx_word' id='word_1_65' title='bbox 1567 976 1883 1053; x_wconf 85' lang='lat' dir='ltr'><strong>flaminem,</strong></span> <span class='ocrx_word' id='word_1_66' title='bbox 1940 975 2239 1055; x_wconf 78' lang='lat' dir='ltr'><strong>lupercos,</strong></span> 
     </span>
     <span class='ocr_line' id='line_1_10' title="bbox 210 1057 2240 1139; baseline -0.001 -20"><span class='ocrx_word' id='word_1_67' title='bbox 210 1057 680 1139; x_wconf 84' lang='lat' dir='ltr'><strong>appellationem</strong></span> <span class='ocrx_word' id='word_1_68' title='bbox 712 1060 927 1118; x_wconf 85' lang='lat' dir='ltr'><strong>mensis</strong></span> <span class='ocrx_word' id='word_1_69' title='bbox 961 1078 993 1118; x_wconf 92' lang='lat' dir='ltr'><strong>e</strong></span> <span class='ocrx_word' id='word_1_70' title='bbox 1035 1076 1141 1119; x_wconf 90' lang='lat' dir='ltr'><strong>suo</strong></span> <span class='ocrx_word' id='word_1_71' title='bbox 1173 1061 1436 1130; x_wconf 88' lang='lat' dir='ltr'><strong>nomine;</strong></span> <span class='ocrx_word' id='word_1_72' title='bbox 1479 1078 1549 1120; x_wconf 93' lang='lat' dir='ltr'><strong>ac</strong></span> <span class='ocrx_word' id='word_1_73' title='bbox 1597 1059 1790 1120; x_wconf 89' lang='lat' dir='ltr'><strong>nullos</strong></span> <span class='ocrx_word' id='word_1_74' title='bbox 1830 1078 1946 1120; x_wconf 92' lang='lat' dir='ltr'><strong>non</strong></span> <span class='ocrx_word' id='word_1_75' title='bbox 1978 1060 2240 1119; x_wconf 86' lang='lat' dir='ltr'><strong>honores</strong></span> 
     </span>
     <span class='ocr_line' id='line_1_11' title="bbox 142 1141 2238 1223; baseline 0 -22"><span class='ocrx_word' id='word_1_76' title='bbox 142 1161 192 1202; x_wconf 82' lang='grc' dir='ltr'><strong>ιο</strong></span> <span class='ocrx_word' id='word_1_77' title='bbox 212 1143 289 1204; x_wconf 93' lang='lat' dir='ltr'><strong>ad</strong></span> <span class='ocrx_word' id='word_1_78' title='bbox 324 1141 626 1202; x_wconf 89' lang='lat' dir='ltr'><strong>libidinem</strong></span> <span class='ocrx_word' id='word_1_79' title='bbox 669 1144 828 1222; x_wconf 89' lang='lat' dir='ltr'><strong>cepit</strong></span> <span class='ocrx_word' id='word_1_80' title='bbox 854 1151 913 1202; x_wconf 90' lang='lat' dir='ltr'><strong>et</strong></span> <span class='ocrx_word' id='word_1_81' title='bbox 939 1142 1113 1202; x_wconf 86' lang='lat' dir='ltr'><strong>dedit.</strong></span> <span class='ocrx_word' id='word_1_82' title='bbox 1186 1142 1458 1203; x_wconf 89' lang='lat' dir='ltr'><strong>Tertium</strong></span> <span class='ocrx_word' id='word_1_83' title='bbox 1491 1153 1549 1204; x_wconf 91' lang='lat' dir='ltr'><strong>et</strong></span> <span class='ocrx_word' id='word_1_84' title='bbox 1588 1152 1844 1223; x_wconf 90' lang='lat' dir='ltr'><strong>quartum</strong></span> <span class='ocrx_word' id='word_1_85' title='bbox 1881 1144 2238 1204; x_wconf 89' lang='lat' dir='ltr'><strong>consulatum</strong></span> 
     </span>
     <span class='ocr_line' id='line_1_12' title="bbox 211 1227 2236 1308; baseline 0 -21"><span class='ocrx_word' id='word_1_86' title='bbox 211 1227 392 1287; x_wconf 90' lang='lat' dir='ltr'><strong>titulo</strong></span> <span class='ocrx_word' id='word_1_87' title='bbox 436 1235 602 1286; x_wconf 91' lang='lat' dir='ltr'><strong>tenus</strong></span> <span class='ocrx_word' id='word_1_88' title='bbox 639 1227 858 1304; x_wconf 86' lang='lat' dir='ltr'><strong>gessit,</strong></span> <span class='ocrx_word' id='word_1_89' title='bbox 905 1235 1210 1287; x_wconf 88' lang='lat' dir='ltr'><strong>contentus</strong></span> <span class='ocrx_word' id='word_1_90' title='bbox 1257 1227 1576 1290; x_wconf 87' lang='lat' dir='ltr'><strong>dictaturae</strong></span> <span class='ocrx_word' id='word_1_91' title='bbox 1620 1237 1914 1308; x_wconf 84' lang='lat' dir='ltr'><strong>potestate</strong></span> <span class='ocrx_word' id='word_1_92' title='bbox 1960 1229 2236 1289; x_wconf 85' lang='lat' dir='ltr'><strong>decretae</strong></span> 
     </span>
     <span class='ocr_line' id='line_1_13' title="bbox 215 1310 2237 1392; baseline -0 -20"><span class='ocrx_word' id='word_1_93' title='bbox 215 1330 349 1372; x_wconf 89' lang='lat' dir='ltr'><strong>cum</strong></span> <span class='ocrx_word' id='word_1_94' title='bbox 384 1310 785 1371; x_wconf 88' lang='lat' dir='ltr'><strong>consulatibus</strong></span> <span class='ocrx_word' id='word_1_95' title='bbox 816 1311 1013 1388; x_wconf 90' lang='lat' dir='ltr'><strong>simul,</strong></span> <span class='ocrx_word' id='word_1_96' title='bbox 1056 1320 1227 1390; x_wconf 91' lang='lat' dir='ltr'><strong>atque</strong></span> <span class='ocrx_word' id='word_1_97' title='bbox 1269 1321 1518 1392; x_wconf 88' lang='lat' dir='ltr'><strong>utroque</strong></span> <span class='ocrx_word' id='word_1_98' title='bbox 1560 1330 1709 1373; x_wconf 89' lang='lat' dir='ltr'><strong>anno</strong></span> <span class='ocrx_word' id='word_1_99' title='bbox 1749 1312 1919 1372; x_wconf 89' lang='lat' dir='ltr'><strong>binos</strong></span> <span class='ocrx_word' id='word_1_100' title='bbox 1963 1311 2237 1373; x_wconf 86' lang='lat' dir='ltr'><strong>consules</strong></span> 
     </span>
     <span class='ocr_line' id='line_1_14' title="bbox 214 1393 2234 1475; baseline -0.001 -18"><span class='ocrx_word' id='word_1_101' title='bbox 214 1395 518 1457; x_wconf 88' lang='lat' dir='ltr'><strong>substituit</strong></span> <span class='ocrx_word' id='word_1_102' title='bbox 546 1393 659 1454; x_wconf 90' lang='lat' dir='ltr'><strong>sibi</strong></span> <span class='ocrx_word' id='word_1_103' title='bbox 687 1396 744 1454; x_wconf 89' lang='lat' dir='ltr'><strong>in</strong></span> <span class='ocrx_word' id='word_1_104' title='bbox 773 1403 970 1455; x_wconf 89' lang='lat' dir='ltr'><strong>ternos</strong></span> <span class='ocrx_word' id='word_1_105' title='bbox 994 1398 1345 1457; x_wconf 83' lang='lat' dir='ltr'><strong>novissimos</strong></span> <span class='ocrx_word' id='word_1_106' title='bbox 1370 1415 1635 1475; x_wconf 89' lang='lat' dir='ltr'><strong>menses,</strong></span> <span class='ocrx_word' id='word_1_107' title='bbox 1675 1398 1754 1458; x_wconf 91' lang='lat' dir='ltr'><strong>ita</strong></span> <span class='ocrx_word' id='word_1_108' title='bbox 1785 1405 1847 1456; x_wconf 92' lang='lat' dir='ltr'><strong>ut</strong></span> <span class='ocrx_word' id='word_1_109' title='bbox 1874 1396 2065 1456; x_wconf 91' lang='lat' dir='ltr'><strong>medio</strong></span> <span class='ocrx_word' id='word_1_110' title='bbox 2095 1405 2234 1455; x_wconf 87' lang='lat' dir='ltr'><strong>tem·</strong></span> 
     </span>
     <span class='ocr_line' id='line_1_15' title="bbox 215 1479 2235 1561; baseline -0.001 -21"><span class='ocrx_word' id='word_1_111' title='bbox 215 1498 371 1560; x_wconf 90' lang='lat' dir='ltr'><strong>pore</strong></span> <span class='ocrx_word' id='word_1_112' title='bbox 413 1481 648 1539; x_wconf 90' lang='lat' dir='ltr'><strong>comitia</strong></span> <span class='ocrx_word' id='word_1_113' title='bbox 691 1479 845 1539; x_wconf 92' lang='lat' dir='ltr'><strong>nulla</strong></span> <span class='ocrx_word' id='word_1_114' title='bbox 887 1479 1151 1540; x_wconf 87' lang='lat' dir='ltr'><strong>habuerit</strong></span> <span class='ocrx_word' id='word_1_115' title='bbox 1200 1491 1438 1561; x_wconf 88' lang='lat' dir='ltr'><strong>praeter</strong></span> <span class='ocrx_word' id='word_1_116' title='bbox 1473 1482 1828 1542; x_wconf 88' lang='lat' dir='ltr'><strong>tribunorum</strong></span> <span class='ocrx_word' id='word_1_117' title='bbox 1872 1489 1931 1540; x_wconf 90' lang='lat' dir='ltr'><strong>et</strong></span> <span class='ocrx_word' id='word_1_118' title='bbox 1967 1479 2235 1542; x_wconf 90' lang='lat' dir='ltr'><strong>aedilium</strong></span> 
     </span>
     <span class='ocr_line' id='line_1_16' title="bbox 149 1562 2233 1646; baseline 0 -23"><span class='ocrx_word' id='word_1_119' title='bbox 149 1583 198 1624; x_wconf 70' lang='grc' dir='ltr'><strong>ιε</strong></span> <span class='ocrx_word' id='word_1_120' title='bbox 215 1564 445 1646; x_wconf 90' lang='lat' dir='ltr'><strong>plebis,</strong></span> <span class='ocrx_word' id='word_1_121' title='bbox 491 1562 947 1643; x_wconf 80' lang='lat' dir='ltr'><strong>praefectosque</strong></span> <span class='ocrx_word' id='word_1_122' title='bbox 990 1581 1099 1644; x_wconf 87' lang='lat' dir='ltr'><strong>pro</strong></span> <span class='ocrx_word' id='word_1_123' title='bbox 1141 1565 1510 1645; x_wconf 90' lang='lat' dir='ltr'><strong>praetoribus</strong></span> <span class='ocrx_word' id='word_1_124' title='bbox 1559 1566 1954 1641; x_wconf 87' lang='lat' dir='ltr'><strong>constituerit,</strong></span> <span class='ocrx_word' id='word_1_125' title='bbox 1998 1566 2092 1643; x_wconf 93' lang='lat' dir='ltr'><strong>qui</strong></span> <span class='ocrx_word' id='word_1_126' title='bbox 2137 1582 2233 1643; x_wconf 92' lang='lat' dir='ltr'><strong>ap-</strong></span> 
     </span>
     <span class='ocr_line' id='line_1_17' title="bbox 218 1647 2232 1711; baseline -0.001 -2"><span class='ocrx_word' id='word_1_127' title='bbox 218 1658 391 1710; x_wconf 88' lang='lat' dir='ltr'><strong>sente</strong></span> <span class='ocrx_word' id='word_1_128' title='bbox 438 1667 508 1708; x_wconf 90' lang='lat' dir='ltr'><strong>se</strong></span> <span class='ocrx_word' id='word_1_129' title='bbox 547 1666 646 1707; x_wconf 90' lang='lat' dir='ltr'><strong>res</strong></span> <span class='ocrx_word' id='word_1_130' title='bbox 689 1647 938 1708; x_wconf 90' lang='lat' dir='ltr'><strong>urbanas</strong></span> <span class='ocrx_word' id='word_1_131' title='bbox 980 1648 1461 1711; x_wconf 75' lang='lat' dir='ltr'><strong>administrarent.</strong></span> <span class='ocrx_word' id='word_1_132' title='bbox 1548 1648 1741 1709; x_wconf 88' lang='lat' dir='ltr'><strong>Pridie</strong></span> <span class='ocrx_word' id='word_1_133' title='bbox 1790 1657 1978 1707; x_wconf 93' lang='lat' dir='ltr'><strong>autem</strong></span> <span class='ocrx_word' id='word_1_134' title='bbox 2022 1648 2232 1708; x_wconf 85' lang='lat' dir='ltr'><strong>Kalen-</strong></span> 
     </span>
     <span class='ocr_line' id='line_1_18' title="bbox 218 1731 2232 1812; baseline -0.002 -18"><span class='ocrx_word' id='word_1_135' title='bbox 218 1734 321 1794; x_wconf 89' lang='lat' dir='ltr'><strong>das</strong></span> <span class='ocrx_word' id='word_1_136' title='bbox 347 1732 646 1793; x_wconf 89' lang='lat' dir='ltr'><strong>Ianuarias</strong></span> <span class='ocrx_word' id='word_1_137' title='bbox 676 1734 979 1812; x_wconf 90' lang='lat' dir='ltr'><strong>repentina</strong></span> <span class='ocrx_word' id='word_1_138' title='bbox 1007 1733 1262 1793; x_wconf 85' lang='lat' dir='ltr'><strong>consu-lis</strong></span> <span class='ocrx_word' id='word_1_139' title='bbox 1290 1743 1478 1793; x_wconf 91' lang='lat' dir='ltr'><strong>morte</strong></span> <span class='ocrx_word' id='word_1_140' title='bbox 1509 1742 1836 1793; x_wconf 87' lang='lat' dir='ltr'><strong>cessantem</strong></span> <span class='ocrx_word' id='word_1_141' title='bbox 1866 1731 2148 1792; x_wconf 90' lang='lat' dir='ltr'><strong>honorem</strong></span> <span class='ocrx_word' id='word_1_142' title='bbox 2175 1733 2232 1789; x_wconf 90' lang='lat' dir='ltr'><strong>in</strong></span> 
     </span>
     <span class='ocr_line' id='line_1_19' title="bbox 218 1815 2231 1898; baseline -0.002 -20"><span class='ocrx_word' id='word_1_143' title='bbox 218 1835 439 1898; x_wconf 84' lang='lat' dir='ltr'><strong>paucas</strong></span> <span class='ocrx_word' id='word_1_144' title='bbox 485 1815 663 1878; x_wconf 87' lang='lat' dir='ltr'><strong>horas</strong></span> <span class='ocrx_word' id='word_1_145' title='bbox 709 1818 929 1896; x_wconf 92' lang='lat' dir='ltr'><strong>petenti</strong></span> <span class='ocrx_word' id='word_1_146' title='bbox 980 1816 1155 1878; x_wconf 87' lang='lat' dir='ltr'><strong>dedit.</strong></span> <span class='ocrx_word' id='word_1_147' title='bbox 1241 1817 1464 1878; x_wconf 89' lang='lat' dir='ltr'><strong>Eadem</strong></span> <span class='ocrx_word' id='word_1_148' title='bbox 1511 1816 1745 1877; x_wconf 90' lang='lat' dir='ltr'><strong>licentia</strong></span> <span class='ocrx_word' id='word_1_149' title='bbox 1787 1824 1989 1896; x_wconf 89' lang='lat' dir='ltr'><strong>spreto</strong></span> <span class='ocrx_word' id='word_1_150' title='bbox 2041 1817 2231 1895; x_wconf 89' lang='lat' dir='ltr'><strong>patrio</strong></span> 
     </span>
     <span class='ocr_line' id='line_1_20' title="bbox 216 1900 2231 1982; baseline -0.001 -21"><span class='ocrx_word' id='word_1_151' title='bbox 216 1919 416 1979; x_wconf 91' lang='lat' dir='ltr'><strong>more,</strong></span> <span class='ocrx_word' id='word_1_152' title='bbox 445 1902 820 1978; x_wconf 84' lang='lat' dir='ltr'><strong>magistratus</strong></span> <span class='ocrx_word' id='word_1_153' title='bbox 849 1901 907 1960; x_wconf 91' lang='lat' dir='ltr'><strong>in</strong></span> <span class='ocrx_word' id='word_1_154' title='bbox 935 1902 1119 1982; x_wconf 89' lang='lat' dir='ltr'><strong>pluris</strong></span> <span class='ocrx_word' id='word_1_155' title='bbox 1146 1919 1329 1962; x_wconf 92' lang='lat' dir='ltr'><strong>annos</strong></span> <span class='ocrx_word' id='word_1_156' title='bbox 1360 1902 1680 1976; x_wconf 83' lang='lat' dir='ltr'><strong>ordinavit,</strong></span> <span class='ocrx_word' id='word_1_157' title='bbox 1710 1901 1914 1961; x_wconf 90' lang='lat' dir='ltr'><strong>decem</strong></span> <span class='ocrx_word' id='word_1_158' title='bbox 1941 1900 2231 1979; x_wconf 88' lang='lat' dir='ltr'><strong>praetoris</strong></span> 
     </span>
     <span class='ocr_line' id='line_1_21' title="bbox 153 1984 2230 2066; baseline -0.002 -17"><span class='ocrx_word' id='word_1_159' title='bbox 153 1988 360 2049; x_wconf 80' lang='lat' dir='ltr'><strong>zoviris</strong></span> <span class='ocrx_word' id='word_1_160' title='bbox 392 1984 720 2046; x_wconf 90' lang='lat' dir='ltr'><strong>consularia</strong></span> <span class='ocrx_word' id='word_1_161' title='bbox 754 1995 1087 2048; x_wconf 90' lang='lat' dir='ltr'><strong>ornamenta</strong></span> <span class='ocrx_word' id='word_1_162' title='bbox 1115 1988 1343 2066; x_wconf 85' lang='lat' dir='ltr'><strong>tribuit,</strong></span> <span class='ocrx_word' id='word_1_163' title='bbox 1378 1989 1613 2048; x_wconf 83' lang='lat' dir='ltr'><strong>civitate</strong></span> <span class='ocrx_word' id='word_1_164' title='bbox 1648 1986 1929 2063; x_wconf 91' lang='lat' dir='ltr'><strong>donatos,</strong></span> <span class='ocrx_word' id='word_1_165' title='bbox 1971 1994 2030 2046; x_wconf 91' lang='lat' dir='ltr'><strong>et</strong></span> <span class='ocrx_word' id='word_1_166' title='bbox 2058 2002 2230 2064; x_wconf 88' lang='lat' dir='ltr'><strong>quos-</strong></span> 
     </span>
     <span class='ocr_line' id='line_1_22' title="bbox 219 2069 2232 2152; baseline -0.002 -20"><span class='ocrx_word' id='word_1_167' title='bbox 219 2072 345 2132; x_wconf 89' lang='lat' dir='ltr'><strong>dam</strong></span> <span class='ocrx_word' id='word_1_168' title='bbox 375 2088 410 2129; x_wconf 90' lang='lat' dir='ltr'><strong>e</strong></span> <span class='ocrx_word' id='word_1_169' title='bbox 440 2069 852 2131; x_wconf 87' lang='lat' dir='ltr'><strong>semibarbaris</strong></span> <span class='ocrx_word' id='word_1_170' title='bbox 881 2070 1204 2148; x_wconf 86' lang='lat' dir='ltr'><strong>Gallorum,</strong></span> <span class='ocrx_word' id='word_1_171' title='bbox 1249 2073 1479 2152; x_wconf 91' lang='lat' dir='ltr'><strong>recepit</strong></span> <span class='ocrx_word' id='word_1_172' title='bbox 1507 2074 1565 2130; x_wconf 92' lang='lat' dir='ltr'><strong>in</strong></span> <span class='ocrx_word' id='word_1_173' title='bbox 1597 2073 1831 2131; x_wconf 90' lang='lat' dir='ltr'><strong>curiam.</strong></span> <span class='ocrx_word' id='word_1_174' title='bbox 1919 2070 2232 2130; x_wconf 86' lang='lat' dir='ltr'><strong>Praeterea</strong></span> 
     </span>
     <span class='ocr_line' id='line_1_23' title="bbox 216 2154 2229 2235; baseline -0.001 -19"><span class='ocrx_word' id='word_1_175' title='bbox 216 2162 487 2216; x_wconf 90' lang='lat' dir='ltr'><strong>monetae</strong></span> <span class='ocrx_word' id='word_1_176' title='bbox 527 2154 894 2235; x_wconf 87' lang='lat' dir='ltr'><strong>publicisque</strong></span> <span class='ocrx_word' id='word_1_177' title='bbox 938 2155 1329 2233; x_wconf 83' lang='lat' dir='ltr'><strong>vectigalibus</strong></span> <span class='ocrx_word' id='word_1_178' title='bbox 1370 2155 1701 2235; x_wconf 88' lang='lat' dir='ltr'><strong>peculiares</strong></span> <span class='ocrx_word' id='word_1_179' title='bbox 1740 2172 1949 2215; x_wconf 82' lang='lat' dir='ltr'><strong>servos</strong></span> <span class='ocrx_word' id='word_1_180' title='bbox 1980 2171 2229 2234; x_wconf 89' lang='lat' dir='ltr'><strong>praepo-</strong></span> 
     </span>
     <span class='ocr_line' id='line_1_24' title="bbox 220 2239 2231 2318; baseline -0.002 -17"><span class='ocrx_word' id='word_1_181' title='bbox 220 2242 351 2301; x_wconf 87' lang='lat' dir='ltr'><strong>suit.</strong></span> <span class='ocrx_word' id='word_1_182' title='bbox 424 2239 617 2300; x_wconf 84' lang='lat' dir='ltr'><strong>Trium</strong></span> <span class='ocrx_word' id='word_1_183' title='bbox 645 2239 970 2317; x_wconf 86' lang='lat' dir='ltr'><strong>legionum,</strong></span> <span class='ocrx_word' id='word_1_184' title='bbox 1002 2257 1142 2317; x_wconf 88' lang='lat' dir='ltr'><strong>quas</strong></span> <span class='ocrx_word' id='word_1_185' title='bbox 1169 2239 1578 2301; x_wconf 84' lang='lat' dir='ltr'><strong>Alexandreae</strong></span> <span class='ocrx_word' id='word_1_186' title='bbox 1608 2239 2004 2318; x_wconf 91' lang='lat' dir='ltr'><strong>relinquebat,</strong></span> <span class='ocrx_word' id='word_1_187' title='bbox 2038 2256 2231 2298; x_wconf 90' lang='lat' dir='ltr'><strong>curam</strong></span> 
     </span>
     <span class='ocr_line' id='line_1_25' title="bbox 221 2322 2227 2403; baseline -0.003 -18"><span class='ocrx_word' id='word_1_188' title='bbox 221 2333 280 2385; x_wconf 88' lang='lat' dir='ltr'><strong>et</strong></span> <span class='ocrx_word' id='word_1_189' title='bbox 307 2326 611 2403; x_wconf 89' lang='lat' dir='ltr'><strong>imperium</strong></span> <span class='ocrx_word' id='word_1_190' title='bbox 632 2323 822 2384; x_wconf 85' lang='lat' dir='ltr'><strong>Rufini</strong></span> <span class='ocrx_word' id='word_1_191' title='bbox 852 2322 1047 2384; x_wconf 90' lang='lat' dir='ltr'><strong>liberti</strong></span> <span class='ocrx_word' id='word_1_192' title='bbox 1074 2325 1160 2384; x_wconf 92' lang='lat' dir='ltr'><strong>sui</strong></span> <span class='ocrx_word' id='word_1_193' title='bbox 1192 2322 1344 2402; x_wconf 84' lang='lat' dir='ltr'><strong>lilio,</strong></span> <span class='ocrx_word' id='word_1_194' title='bbox 1378 2325 1649 2384; x_wconf 81' lang='lat' dir='ltr'><strong>exsoleta</strong></span> <span class='ocrx_word' id='word_1_195' title='bbox 1680 2340 1817 2400; x_wconf 93' lang='lat' dir='ltr'><strong>suo,</strong></span> <span class='ocrx_word' id='word_1_196' title='bbox 1845 2322 2227 2383; x_wconf 82' lang='lat' dir='ltr'><strong>demandavit.</strong></span> 
     </span>
     <span class='ocr_line' id='line_1_26' title="bbox 154 2406 2313 2488; baseline -0.002 -19"><span class='ocrx_word' id='word_1_197' title='bbox 154 2407 347 2469; x_wconf 80' lang='lat' dir='ltr'><strong>25Nec</strong></span> <span class='ocrx_word' id='word_1_198' title='bbox 394 2409 634 2467; x_wconf 90' lang='lat' dir='ltr'><strong>minoris</strong></span> <span class='ocrx_word' id='word_1_199' title='bbox 682 2408 1040 2486; x_wconf 89' lang='lat' dir='ltr'><strong>inpotentiae</strong></span> <span class='ocrx_word' id='word_1_200' title='bbox 1083 2425 1267 2468; x_wconf 86' lang='lat' dir='ltr'><strong>voces</strong></span> <span class='ocrx_word' id='word_1_201' title='bbox 1317 2408 1620 2488; x_wconf 89' lang='lat' dir='ltr'><strong>propalam</strong></span> <span class='ocrx_word' id='word_1_202' title='bbox 1665 2406 1916 2484; x_wconf 87' lang='lat' dir='ltr'><strong>edebat,</strong></span> <span class='ocrx_word' id='word_1_203' title='bbox 1966 2416 2028 2465; x_wconf 90' lang='lat' dir='ltr'><strong>ut</strong></span> <span class='ocrx_word' id='word_1_204' title='bbox 2067 2407 2228 2467; x_wconf 86' lang='lat' dir='ltr'><strong>Titus</strong></span> <span class='ocrx_word' id='word_1_205' title='bbox 2245 2416 2313 2473; x_wconf 86' lang='grc'><strong>77</strong></span> 
     </span>
     <span class='ocr_line' id='line_1_27' title="bbox 221 2489 2232 2573; baseline -0.001 -20"><span class='ocrx_word' id='word_1_206' title='bbox 221 2493 461 2573; x_wconf 87' lang='lat' dir='ltr'><strong>Ampius</strong></span> <span class='ocrx_word' id='word_1_207' title='bbox 506 2491 739 2569; x_wconf 90' lang='lat' dir='ltr'><strong>scribit,</strong></span> <span class='ocrx_word' id='word_1_208' title='bbox 792 2489 964 2553; x_wconf 81' lang='lat' dir='ltr'><strong>Nihil</strong></span> <span class='ocrx_word' id='word_1_209' title='bbox 1007 2509 1143 2554; x_wconf 78' lang='lat' dir='ltr'><strong>esse</strong></span> <span class='ocrx_word' id='word_1_210' title='bbox 1180 2510 1312 2553; x_wconf 85' lang='lat' dir='ltr'><strong>rem</strong></span> <span class='ocrx_word' id='word_1_211' title='bbox 1352 2490 1706 2570; x_wconf 76' lang='lat' dir='ltr'><strong>publicam,</strong></span> <span class='ocrx_word' id='word_1_212' title='bbox 1753 2492 2232 2568; x_wconf 76' lang='lat' dir='ltr'><strong>appellationem</strong></span> 
     </span>
     <span class='ocr_line' id='line_1_28' title="bbox 220 2575 2227 2654; baseline -0.001 -17"><span class='ocrx_word' id='word_1_213' title='bbox 220 2575 403 2638; x_wconf 85' lang='lat' dir='ltr'><strong>modo</strong></span> <span class='ocrx_word' id='word_1_214' title='bbox 449 2575 585 2636; x_wconf 82' lang='lat' dir='ltr'><strong>sine</strong></span> <span class='ocrx_word' id='word_1_215' title='bbox 631 2594 899 2654; x_wconf 85' lang='lat' dir='ltr'><strong>corpore</strong></span> <span class='ocrx_word' id='word_1_216' title='bbox 950 2593 1032 2636; x_wconf 90' lang='lat' dir='ltr'><strong>ac</strong></span> <span class='ocrx_word' id='word_1_217' title='bbox 1068 2577 1293 2654; x_wconf 85' lang='lat' dir='ltr'><strong>specie.</strong></span> <span class='ocrx_word' id='word_1_218' title='bbox 1376 2575 1617 2636; x_wconf 78' lang='lat' dir='ltr'><strong>Sullam</strong></span> <span class='ocrx_word' id='word_1_219' title='bbox 1654 2575 1930 2636; x_wconf 78' lang='lat' dir='ltr'><strong>nescisse</strong></span> <span class='ocrx_word' id='word_1_220' title='bbox 1964 2575 2227 2651; x_wconf 77' lang='lat' dir='ltr'><strong>litteras,</strong></span> 
     </span>
     <span class='ocr_line' id='line_1_29' title="bbox 222 2657 2232 2743; baseline -0.002 -21"><span class='ocrx_word' id='word_1_221' title='bbox 222 2662 326 2743; x_wconf 80' lang='lat' dir='ltr'><strong>qui</strong></span> <span class='ocrx_word' id='word_1_222' title='bbox 352 2660 729 2722; x_wconf 78' lang='lat' dir='ltr'><strong>dictaturam</strong></span> <span class='ocrx_word' id='word_1_223' title='bbox 757 2659 1129 2738; x_wconf 80' lang='lat' dir='ltr'><strong>deposuerit.</strong></span> <span class='ocrx_word' id='word_1_224' title='bbox 1194 2659 1441 2720; x_wconf 84' lang='lat' dir='ltr'><strong>Debere</strong></span> <span class='ocrx_word' id='word_1_225' title='bbox 1466 2658 1741 2720; x_wconf 81' lang='lat' dir='ltr'><strong>homines</strong></span> <span class='ocrx_word' id='word_1_226' title='bbox 1773 2657 2232 2719; x_wconf 80' lang='lat' dir='ltr'><strong>consideratius</strong></span> 
     </span>
     <span class='ocr_line' id='line_1_30' title="bbox 220 2741 2227 2824; baseline -0.002 -17"><span class='ocrx_word' id='word_1_227' title='bbox 220 2747 345 2807; x_wconf 89' lang='lat' dir='ltr'><strong>iam</strong></span> <span class='ocrx_word' id='word_1_228' title='bbox 378 2745 548 2824; x_wconf 84' lang='lat' dir='ltr'><strong>loqui</strong></span> <span class='ocrx_word' id='word_1_229' title='bbox 574 2763 809 2821; x_wconf 87' lang='lat' dir='ltr'><strong>secum,</strong></span> <span class='ocrx_word' id='word_1_230' title='bbox 866 2761 946 2805; x_wconf 90' lang='lat' dir='ltr'><strong>ac</strong></span> <span class='ocrx_word' id='word_1_231' title='bbox 975 2762 1099 2822; x_wconf 85' lang='lat' dir='ltr'><strong>pro</strong></span> <span class='ocrx_word' id='word_1_232' title='bbox 1139 2743 1380 2823; x_wconf 64' lang='lat' dir='ltr'><strong>legibus</strong></span> <span class='ocrx_word' id='word_1_233' title='bbox 1405 2742 1639 2804; x_wconf 80' lang='lat' dir='ltr'><strong>habere</strong></span> <span class='ocrx_word' id='word_1_234' title='bbox 1668 2759 1830 2822; x_wconf 88' lang='lat' dir='ltr'><strong>quae</strong></span> <span class='ocrx_word' id='word_1_235' title='bbox 1856 2741 2044 2803; x_wconf 83' lang='lat' dir='ltr'><strong>dicat.</strong></span> <span class='ocrx_word' id='word_1_236' title='bbox 2110 2741 2227 2802; x_wconf 88' lang='lat' dir='ltr'><strong>Eo-</strong></span> 
     </span>
     <span class='ocr_line' id='line_1_31' title="bbox 159 2828 2229 2910; baseline -0.002 -20"><span class='ocrx_word' id='word_1_237' title='bbox 159 2847 206 2890; x_wconf 68' lang='grc' dir='ltr'><strong>ω</strong></span> <span class='ocrx_word' id='word_1_238' title='bbox 224 2849 331 2910; x_wconf 89' lang='lat' dir='ltr'><strong>que</strong></span> <span class='ocrx_word' id='word_1_239' title='bbox 360 2829 731 2906; x_wconf 87' lang='lat' dir='ltr'><strong>arrogantiae</strong></span> <span class='ocrx_word' id='word_1_240' title='bbox 770 2846 1125 2908; x_wconf 83' lang='lat' dir='ltr'><strong>progressus</strong></span> <span class='ocrx_word' id='word_1_241' title='bbox 1154 2836 1280 2904; x_wconf 89' lang='lat' dir='ltr'><strong>est,</strong></span> <span class='ocrx_word' id='word_1_242' title='bbox 1324 2837 1418 2905; x_wconf 92' lang='lat' dir='ltr'><strong>ut,</strong></span> <span class='ocrx_word' id='word_1_243' title='bbox 1461 2828 1769 2908; x_wconf 91' lang='lat' dir='ltr'><strong>haruspice</strong></span> <span class='ocrx_word' id='word_1_244' title='bbox 1800 2828 1985 2888; x_wconf 87' lang='lat' dir='ltr'><strong>tristia</strong></span> <span class='ocrx_word' id='word_1_245' title='bbox 2013 2835 2072 2886; x_wconf 93' lang='lat' dir='ltr'><strong>et</strong></span> <span class='ocrx_word' id='word_1_246' title='bbox 2101 2828 2229 2886; x_wconf 88' lang='lat' dir='ltr'><strong>sine</strong></span> 
     </span>
     <span class='ocr_line' id='line_1_32' title="bbox 225 2910 2230 2992; baseline -0.001 -19"><span class='ocrx_word' id='word_1_247' title='bbox 225 2914 398 2975; x_wconf 91' lang='lat' dir='ltr'><strong>corde</strong></span> <span class='ocrx_word' id='word_1_248' title='bbox 425 2922 560 2973; x_wconf 91' lang='lat' dir='ltr'><strong>exta</strong></span> <span class='ocrx_word' id='word_1_249' title='bbox 585 2911 872 2992; x_wconf 91' lang='lat' dir='ltr'><strong>quondam</strong></span> <span class='ocrx_word' id='word_1_250' title='bbox 899 2914 1219 2989; x_wconf 88' lang='lat' dir='ltr'><strong>nuntiante,</strong></span> <span class='ocrx_word' id='word_1_251' title='bbox 1247 2910 1471 2991; x_wconf 76' lang='lat' dir='ltr'><strong>futura</strong></span> <span class='ocrx_word' id='word_1_252' title='bbox 1497 2914 1722 2972; x_wconf 91' lang='lat' dir='ltr'><strong>diceret</strong></span> <span class='ocrx_word' id='word_1_253' title='bbox 1752 2911 2052 2987; x_wconf 78' lang='lat' dir='ltr'><strong>laetiora,</strong></span> <span class='ocrx_word' id='word_1_254' title='bbox 2094 2930 2230 2972; x_wconf 86' lang='lat' dir='ltr'><strong>cum</strong></span> 
     </span>
     <span class='ocr_line' id='line_1_33' title="bbox 222 2994 2225 3076; baseline -0.002 -16"><span class='ocrx_word' id='word_1_255' title='bbox 222 2999 395 3061; x_wconf 82' lang='lat' dir='ltr'><strong>vellet</strong></span> <span class='ocrx_word' id='word_1_256' title='bbox 406 3023 438 3070; x_wconf 91' lang='lat'><strong>,·</strong></span> <span class='ocrx_word' id='word_1_257' title='bbox 462 3016 577 3058; x_wconf 77' lang='lat' dir='ltr'><strong>nec</strong></span> <span class='ocrx_word' id='word_1_258' title='bbox 599 3014 723 3076; x_wconf 86' lang='lat' dir='ltr'><strong>pro</strong></span> <span class='ocrx_word' id='word_1_259' title='bbox 756 3004 988 3058; x_wconf 80' lang='lat' dir='ltr'><strong>ostento</strong></span> <span class='ocrx_word' id='word_1_260' title='bbox 1020 2996 1394 3073; x_wconf 83' lang='lat' dir='ltr'><strong>ducendum,</strong></span> <span class='ocrx_word' id='word_1_261' title='bbox 1426 2997 1485 3057; x_wconf 86' lang='lat' dir='ltr'><strong>si</strong></span> <span class='ocrx_word' id='word_1_262' title='bbox 1504 2996 1738 3076; x_wconf 85' lang='lat' dir='ltr'><strong>pecudi</strong></span> <span class='ocrx_word' id='word_1_263' title='bbox 1764 3015 1873 3058; x_wconf 85' lang='lat' dir='ltr'><strong>cor</strong></span> <span class='ocrx_word' id='word_1_264' title='bbox 1908 2994 2225 3073; x_wconf 77' lang='lat' dir='ltr'><strong>defuisset.</strong></span> 
     </span>
     <span class='ocr_line' id='line_1_34' title="bbox 342 3079 2315 3163; baseline -0.001 -19"><span class='ocrx_word' id='word_1_265' title='bbox 342 3084 561 3144; x_wconf 89' lang='lat' dir='ltr'><strong>Verum</strong></span> <span class='ocrx_word' id='word_1_266' title='bbox 605 3083 979 3163; x_wconf 89' lang='lat' dir='ltr'><strong>praecipuam</strong></span> <span class='ocrx_word' id='word_1_267' title='bbox 1018 3090 1076 3141; x_wconf 92' lang='lat' dir='ltr'><strong>et</strong></span> <span class='ocrx_word' id='word_1_268' title='bbox 1105 3081 1470 3142; x_wconf 86' lang='lat' dir='ltr'><strong>exitiabilem</strong></span> <span class='ocrx_word' id='word_1_269' title='bbox 1502 3081 1612 3142; x_wconf 91' lang='lat' dir='ltr'><strong>sibi</strong></span> <span class='ocrx_word' id='word_1_270' title='bbox 1644 3080 1913 3141; x_wconf 82' lang='lat' dir='ltr'><strong>invidiam</strong></span> <span class='ocrx_word' id='word_1_271' title='bbox 1950 3079 2083 3140; x_wconf 91' lang='lat' dir='ltr'><strong>hinc</strong></span> <span class='ocrx_word' id='word_1_272' title='bbox 2112 3099 2227 3142; x_wconf 90' lang='lat' dir='ltr'><strong>ma·</strong></span> <span class='ocrx_word' id='word_1_273' title='bbox 2243 3091 2315 3147; x_wconf 85' lang='grc'><strong>78</strong></span> 
     </span>
     <span class='ocr_line' id='line_1_35' title="bbox 222 3165 2227 3245; baseline -0.002 -17"><span class='ocrx_word' id='word_1_274' title='bbox 222 3169 369 3229; x_wconf 86' lang='lat' dir='ltr'><strong>xime</strong></span> <span class='ocrx_word' id='word_1_275' title='bbox 398 3169 595 3227; x_wconf 88' lang='lat' dir='ltr'><strong>movit.</strong></span> <span class='ocrx_word' id='word_1_276' title='bbox 655 3165 941 3226; x_wconf 88' lang='lat' dir='ltr'><strong>Adeuntis</strong></span> <span class='ocrx_word' id='word_1_277' title='bbox 972 3184 1039 3227; x_wconf 89' lang='lat' dir='ltr'><strong>se</strong></span> <span class='ocrx_word' id='word_1_278' title='bbox 1071 3183 1199 3226; x_wconf 91' lang='lat' dir='ltr'><strong>cum</strong></span> <span class='ocrx_word' id='word_1_279' title='bbox 1223 3167 1483 3245; x_wconf 89' lang='lat' dir='ltr'><strong>plurimis</strong></span> <span class='ocrx_word' id='word_1_280' title='bbox 1505 3165 2227 3244; x_wconf 81' lang='lat' dir='ltr'><strong>honorificentissimisque</strong></span> 
     </span>
     <span class='ocr_line' id='line_1_36' title="bbox 161 3249 2224 3332; baseline -0.003 -17"><span class='ocrx_word' id='word_1_281' title='bbox 161 3253 474 3315; x_wconf 71' lang='lat' dir='ltr'><strong>nsdecretis</strong></span> <span class='ocrx_word' id='word_1_282' title='bbox 515 3252 826 3311; x_wconf 82' lang='lat' dir='ltr'><strong>universos</strong></span> <span class='ocrx_word' id='word_1_283' title='bbox 864 3258 1062 3332; x_wconf 89' lang='lat' dir='ltr'><strong>patres</strong></span> <span class='ocrx_word' id='word_1_284' title='bbox 1105 3252 1480 3330; x_wconf 88' lang='lat' dir='ltr'><strong>conscriptos</strong></span> <span class='ocrx_word' id='word_1_285' title='bbox 1520 3249 1733 3310; x_wconf 89' lang='lat' dir='ltr'><strong>sedens</strong></span> <span class='ocrx_word' id='word_1_286' title='bbox 1774 3266 1883 3328; x_wconf 89' lang='lat' dir='ltr'><strong>pro</strong></span> <span class='ocrx_word' id='word_1_287' title='bbox 1929 3250 2078 3310; x_wconf 89' lang='lat' dir='ltr'><strong>aede</strong></span> <span class='ocrx_word' id='word_1_288' title='bbox 2107 3250 2224 3310; x_wconf 90' lang='lat' dir='ltr'><strong>Ve-</strong></span> 
     </span>
     <span class='ocr_line' id='line_1_37' title="bbox 222 3331 2226 3414; baseline -0.003 -17"><span class='ocrx_word' id='word_1_289' title='bbox 222 3340 373 3397; x_wconf 88' lang='lat' dir='ltr'><strong>neris</strong></span> <span class='ocrx_word' id='word_1_290' title='bbox 404 3335 733 3398; x_wconf 87' lang='lat' dir='ltr'><strong>Genetricis</strong></span> <span class='ocrx_word' id='word_1_291' title='bbox 778 3336 1034 3414; x_wconf 86' lang='lat' dir='ltr'><strong>excepit.</strong></span> <span class='ocrx_word' id='word_1_292' title='bbox 1126 3334 1366 3410; x_wconf 86' lang='lat' dir='ltr'><strong>Quidam</strong></span> <span class='ocrx_word' id='word_1_293' title='bbox 1404 3343 1603 3413; x_wconf 91' lang='lat' dir='ltr'><strong>putant</strong></span> <span class='ocrx_word' id='word_1_294' title='bbox 1628 3341 1913 3394; x_wconf 87' lang='lat' dir='ltr'><strong>retentum</strong></span> <span class='ocrx_word' id='word_1_295' title='bbox 1943 3351 1976 3393; x_wconf 92' lang='lat' dir='ltr'><strong>a</strong></span> <span class='ocrx_word' id='word_1_296' title='bbox 2006 3331 2226 3393; x_wconf 85' lang='lat' dir='ltr'><strong>Corne-</strong></span> 
     </span>
     <span class='ocr_line' id='line_1_38' title="bbox 224 3414 2227 3498; baseline -0.004 -17"><span class='ocrx_word' id='word_1_297' title='bbox 224 3421 299 3481; x_wconf 92' lang='lat' dir='ltr'><strong>lio</strong></span> <span class='ocrx_word' id='word_1_298' title='bbox 323 3420 508 3483; x_wconf 90' lang='lat' dir='ltr'><strong>Balbo</strong></span> <span class='ocrx_word' id='word_1_299' title='bbox 525 3465 545 3498; x_wconf 91' lang='lat'><strong>,</strong></span> <span class='ocrx_word' id='word_1_300' title='bbox 579 3437 707 3478; x_wconf 91' lang='lat' dir='ltr'><strong>cum</strong></span> <span class='ocrx_word' id='word_1_301' title='bbox 733 3428 1043 3481; x_wconf 91' lang='lat' dir='ltr'><strong>conaretur</strong></span> <span class='ocrx_word' id='word_1_302' title='bbox 1068 3436 1415 3496; x_wconf 82' lang='lat' dir='ltr'><strong>assurgere:</strong></span> <span class='ocrx_word' id='word_1_303' title='bbox 1448 3417 1577 3496; x_wconf 93' lang='lat' dir='ltr'><strong>alii,</strong></span> <span class='ocrx_word' id='word_1_304' title='bbox 1603 3435 1678 3477; x_wconf 88' lang='lat' dir='ltr'><strong>ne</strong></span> <span class='ocrx_word' id='word_1_305' title='bbox 1711 3427 1974 3478; x_wconf 89' lang='lat' dir='ltr'><strong>conatum</strong></span> <span class='ocrx_word' id='word_1_306' title='bbox 1998 3414 2227 3494; x_wconf 90' lang='lat' dir='ltr'><strong>quidem</strong></span> 
     </span>
     <span class='ocr_line' id='line_1_39' title="bbox 228 3500 2225 3585; baseline -0.005 -21"><span class='ocrx_word' id='word_1_307' title='bbox 228 3508 480 3585; x_wconf 90' lang='lat' dir='ltr'><strong>omnino,</strong></span> <span class='ocrx_word' id='word_1_308' title='bbox 525 3500 633 3564; x_wconf 87' lang='lat' dir='ltr'><strong>sed</strong></span> <span class='ocrx_word' id='word_1_309' title='bbox 675 3503 850 3564; x_wconf 88' lang='lat' dir='ltr'><strong>etiam</strong></span> <span class='ocrx_word' id='word_1_310' title='bbox 888 3503 1292 3565; x_wconf 87' lang='lat' dir='ltr'><strong>admonentem</strong></span> <span class='ocrx_word' id='word_1_311' title='bbox 1335 3501 1533 3563; x_wconf 86' lang='lat' dir='ltr'><strong>Gaium</strong></span> <span class='ocrx_word' id='word_1_312' title='bbox 1571 3500 1900 3562; x_wconf 84' lang='lat' dir='ltr'><strong>Trebatium</strong></span> <span class='ocrx_word' id='word_1_313' title='bbox 1945 3507 2007 3558; x_wconf 91' lang='lat' dir='ltr'><strong>ut</strong></span> <span class='ocrx_word' id='word_1_314' title='bbox 2036 3514 2225 3557; x_wconf 89' lang='lat' dir='ltr'><strong>assur-</strong></span> 
     </span>
    </p>
   </div>
  </div>
 </body>
</html>
