2553 3960
318 226 441 287 230
481 238 541 286 c,
567 234 866 285 sun'rom
890 234 1146 294 TRANQ.
1177 235 1271 281 m:
1299 234 1462 281 vrrA
1495 232 1865 282 CAESARUM
1909 234 2047 282 ms.
2074 234 2224 281 vm.

319 393 541 454 tuosius
580 392 727 452 inter
771 409 835 450 se
880 389 1149 467 agebant.
1229 388 1420 463 Quare
1469 388 1911 448 Vitellianorum
1967 386 2196 466 quidem
2254 398 2319 448 et

321 476 719 538 exauctoravit
746 475 1022 554 plurimos
1054 482 1112 534 et
1148 473 1442 548 coercuit,
1476 471 1854 551 participibus
1896 480 2084 532 autem
2128 473 2312 532 victo-

319 563 441 621 riae
473 560 619 621 adeo
651 559 789 620 nihil
820 567 985 619 extra
1010 556 1271 617 ordinem
1298 554 1551 632 indulsit,
1584 557 1831 616 utetiam
1858 555 2114 632 legitima
2142 573 2312 634 prae-

318 647 427 705 mia
459 661 595 704 sero
646 642 1013 722 persolverit.
1098 641 1190 700 Ac
1231 659 1305 699 ne
1348 656 1517 717 quam
1559 641 1930 699 occasionem
1978 639 2312 716 corrigendi

321 729 680 807 disciplinam
714 727 1234 806 praetermitteret,
1287 723 1779 783 adulescentulum
1810 724 2164 801 fragrantem
2210 744 2310 784 un·
2333 748 2357 785 5

320 821 571 892 guent0,
607 831 732 872 cum
763 810 873 870 sibi
902 828 1012 890 pro
1055 811 1360 888 impetrata
1408 808 1778 887 praefectura
1821 809 2039 885 gratias
2084 818 2310 885 ageret,

319 906 455 957 nutu
485 904 860 975 aspernatus,
901 912 1054 955 voce
1086 896 1253 954 etiam
1299 893 1641 969 gravissima
1686 894 2001 972 increpuit:
2046 890 2306 953 Maluis-

319 1000 446 1043 sem
498 980 688 1041 alium
738 978 1121 1041 oboluisses!
1193 978 1533 1055 litterasque
1583 979 1913 1046 revocavit;
1977 975 2311 1037 classiarios
2364 1024 2400 1041 ,

322 1083 487 1141 ver0,
523 1065 620 1143 qui
650 1064 721 1124 ab
747 1063 909 1124 Ostia
942 1071 999 1123 et
1020 1062 1278 1123 Puteolis
1307 1062 1547 1122 Romam
1569 1061 1814 1141 pedibus
1838 1079 1945 1140 per
1967 1061 2130 1139 vices
2155 1078 2308 1121 com-

320 1158 540 1224 meant,
580 1157 849 1232 petentes
882 1149 1150 1207 constitui
1185 1144 1400 1224 aliquid
1434 1145 1543 1205 sihi
1577 1145 1831 1206 calciarii
1863 1146 2109 1223 nomine,
2144 1145 2308 1225 quasi
2329 1159 2381 1200 ιο

322 1250 519 1312 parum
549 1241 707 1292 esset
738 1233 862 1291 sine
893 1248 1184 1311 responso
1218 1229 1493 1307 abegisse
1513 1276 1530 1307 ,
1563 1231 1728 1291 iussit
1759 1239 1894 1309 post
1923 1228 2072 1290 haec
2110 1229 2308 1291 excal-

323 1319 508 1377 ciatos
540 1317 851 1385 cursitare;
889 1324 947 1375 et
978 1333 1053 1374 ex
1084 1333 1157 1375 eo
1193 1315 1270 1374 ita
1304 1316 1599 1374 cursitant.

438 1399 748 1476 Achaiam,
790 1398 1052 1476 Lyciam,
1086 1398 1385 1476 Rhodum,
1427 1397 1790 1475 Byzantium,
1846 1399 2074 1457 Samum
2132 1398 2306 1458 liber-

319 1495 436 1546 tate
499 1483 796 1563 adempta,
842 1484 978 1543 item
1032 1482 1368 1560 Thraciam,
1428 1481 1690 1543 Ciliciam
1748 1491 1807 1543 et
1876 1479 2308 1560 Commagenen

319 1569 550 1629 ditionis
598 1570 801 1646 regiae
856 1585 1036 1646 usque
1085 1567 1157 1627 ad
1207 1567 1262 1627 id
1318 1576 1578 1646 tempus,
1621 1568 1678 1626 in
1722 1567 2147 1646 provinciarum
2181 1567 2380 1628 for-1⁵

318 1672 464 1712 mam
513 1653 760 1729 redegit.
851 1650 1263 1731 Cappadociae
1313 1660 1561 1729 propter
1600 1650 1874 1710 adsiduos
1926 1649 2305 1712 barbarorum

317 1738 579 1797 incursus
603 1736 872 1813 legiones
902 1735 1145 1814 addidit,
1200 1735 1683 1814 consularemque
1713 1743 2004 1795 rectorem
2035 1735 2307 1814 imposuit

360 1838 425 1880 ro
459 1838 491 1879 e
539 1867 550 1877 .
581 1819 654 1880 R.

319 1839 356 1901 p
439 1839 734 1964 Dgformis
766 1903 902 1964 urbs
931 1903 1227 1964 veteribus
1257 1902 1539 1963 incendiis
1570 1920 1639 1962 ac
1669 1902 1846 1962 ruinis
1890 1911 2014 1964 erat
2026 1926 2040 1972 ;
2087 1918 2304 1964 vacuas

318 2008 486 2050 areas
518 2006 813 2068 occupare
840 1998 898 2049 et
926 1988 1266 2065 aedificare,
1299 1990 1347 2047 si
1381 2005 1766 2066 possessores
1813 1998 2140 2065 cessarent,
2188 1991 2303 2049 cui·
2323 2005 2376 2046 20

318 2091 559 2151 cumque
583 2073 857 2152 permisit.
911 2071 1050 2151 Ipse
1082 2074 1501 2132 restitutionem
1532 2069 1805 2150 Capitolii
1837 2072 2181 2150 adgressus,
2212 2092 2303 2133 ru-

316 2156 548 2216 deribus
579 2155 893 2234 purgandis
922 2174 1122 2216 manus
1158 2157 1376 2235 primus
1414 2156 1667 2216 admovit
1697 2173 1766 2216 ac
1801 2174 1904 2216 suo
1933 2156 2090 2217 collo
2128 2176 2301 2236 quae-

315 2240 443 2301 dam
477 2239 705 2309 extulit;
744 2258 1157 2320 aerearumque
1200 2239 1519 2300 tabularum
1567 2242 1673 2300 tria
1713 2239 1897 2317 milia,
1947 2258 2096 2319 quae
2136 2242 2302 2301 simul

317 2323 844 2402 conflagraverant,
898 2323 1251 2384 restituenda
1304 2324 1593 2403 suscepit,
1634 2323 1883 2402 undique
1936 2326 2303 2403 investigatis

315 2407 776 2486 exemplaribus:
820 2410 1254 2468 instrumentum
1286 2410 1511 2486 imperii
1543 2406 1987 2486 pulcherrimum
2030 2426 2101 2469 ac
2139 2420 2300 2469 vetu·
2321 2426 2375 2466 25

314 2490 640 2568 stissimum,
672 2510 786 2571 quo
821 2492 1257 2552 continebantur
1289 2510 1476 2571 paene
1508 2491 1579 2551 ab
1616 2490 1861 2552 exordio
1888 2492 2045 2553 urbis
2071 2503 2304 2553 senatus

315 2576 616 2652 consulta,
662 2575 823 2655 plebi
861 2578 1008 2637 scita
1039 2577 1112 2637 de
1148 2577 1433 2636 societate
1477 2585 1533 2635 et
1575 2574 1820 2636 foedere
1868 2594 1938 2637 ac
1990 2577 2302 2657 privilegio

259 2661 655 2739 9cuicumque
703 2664 1021 2720 concessis.
1088 2660 1255 2720 Fecit
1301 2669 1359 2720 et
1405 2678 1555 2720 nova
1599 2677 1783 2738 opera
1830 2661 2103 2740 templum
2133 2662 2304 2722 Pacis

311 2744 442 2803 foro
495 2745 847 2822 proximum,
880 2744 1131 2824 Divique
1174 2743 1377 2805 Claudi
1419 2745 1475 2802 in
1530 2741 1733 2804 Caelio
1783 2754 1978 2805 monte
2032 2754 2303 2824 coeptum

312 2827 541 2906 quidem
572 2827 643 2889 ab
674 2827 1026 2908 Agrippina,
1074 2828 1176 2888 sed
1209 2846 1242 2888 a
1270 2828 1510 2892 Nerone
1558 2845 1748 2907 prope
1793 2828 2044 2889 funditus
2079 2829 2299 2890 destru-
2319 2845 2364 2888 a(

314 2921 495 2982 ctum;
534 2913 670 2971 item
700 2910 1173 2989 amphitheatrum
1203 2912 1345 2972 urbe
1370 2911 1576 2990 media,
1617 2920 1678 2972 ut
1712 2911 2034 2974 destinasse
2068 2931 2302 2995 compe-

310 3005 467 3056 rerat
494 2995 838 3074 Augustum.

431 3079 840 3161 Amplissimos
873 3079 1134 3155 ordines,
1168 3088 1228 3139 et
1258 3079 1574 3140 exhaustos
1608 3079 1790 3139 caede
1820 3083 1980 3141 varia
2015 3091 2074 3142 et
2104 3092 2299 3144 conta·

311 3163 554 3222 miriatos
598 3164 785 3224 veteri
836 3163 1243 3241 neglegentia,
1298 3164 1569 3242 purgavit
1603 3164 2016 3244 supplevitque
2046 3184 2299 3227 recenso

311 3254 512 3305 senatu
559 3256 616 3306 et
661 3248 883 3325 equite,
946 3248 1241 3308 summotis
1299 3246 1716 3324 indignissimis
1786 3255 1847 3309 et
1887 3248 2369 3314 honestissimos

313 3344 547 3406 quoque
577 3327 907 3390 Italicorum
938 3348 1010 3391 ac
1046 3331 1486 3410 provincialium
1521 3331 1758 3391 allecto.
1831 3331 2027 3411 Atque
2071 3335 2149 3394 uti
2195 3352 2297 3393 no-

311 3416 427 3468 tum
458 3419 632 3486 esset,
664 3420 964 3492 utrumque
1002 3414 1259 3475 ordinem
1289 3432 1402 3474 non
1433 3424 1545 3476 tam
1577 3415 1844 3476 libertate
1870 3417 2018 3478 inter
2036 3438 2101 3478 se
2127 3436 2296 3498 quam

312 3489 588 3565 dignitate
624 3490 892 3570 differre,
925 3497 996 3557 de
1031 3499 1220 3576 iurgio
1255 3498 1503 3577 quodam
1540 3500 1827 3559 senatoris
1871 3504 2196 3582 equitisque
2224 3504 2293 3564 R.
