2553 3960
965 214 1425 263 DOMITIANUS.
2081 203 2202 265 253

196 368 630 449 exemplaribus
652 367 903 447 undique
928 369 1152 446 petitis,
1187 368 1497 447 missisque
1520 367 1950 429 Alexandream
1976 370 2072 449 qui
2106 370 2203 431 de·

198 453 523 514 scriberent
548 453 1055 530 emendarentque.
1105 452 1423 532 Numquam
1449 461 1638 512 tamen
1662 462 1757 513 aut
1778 454 2056 513 historiae
2082 473 2203 515 car·
2274 452 2284 507 5

196 538 519 597 minibusve
559 536 871 598 noscendis
908 554 1147 616 operam
1184 536 1357 597 ullam
1402 546 1498 597 aut
1533 536 1667 597 stilo
1717 537 1813 597 vel
1863 541 2201 598 necessario
2264 516 2277 573 ἒ

198 621 375 681 dedit.
453 620 695 682 Praeter
733 622 1179 682 commentarios
1223 630 1282 681 et
1326 630 1458 685 acta
1502 620 1701 681 Tiberi
1748 619 2020 682 Caesaris
2063 621 2202 682 nihil
2260 582 2275 689 l,

148 729 179 766 s
197 704 525 775 lectitabat;
559 704 842 784 epistolas
865 707 1275 784 orationesque
1301 713 1359 766 et
1380 705 1570 766 edicta
1594 704 1786 766 alieno
1811 705 2100 767 formabat
2123 709 2202 765 in·
2267 706 2285 775 ἓ

197 791 395 868 genio.
441 789 743 849 Sermonis
766 798 955 849 tamen
978 807 1089 849 nec
1113 788 1483 868 inelegantis,
1507 789 1791 850 dictorum
1815 790 2094 851 interdum
2121 799 2200 850 et·

197 877 310 934 iam
343 872 713 951 notabilium,
769 871 993 934 Vellem
1037 875 1219 952 inquit
1258 880 1385 933 tam
1417 872 1739 952 formosus
1790 891 1958 952 esse,
2019 892 2205 955 quam
2285 870 2293 925 ἕ

197 957 468 1029 Maelius
489 956 616 1018 sibi
638 957 883 1018 videtur
895 981 928 1029 ,·
952 965 1010 1017 et
1036 955 1327 1017 cuiusdam
1353 966 1526 1035 caput
1545 959 1824 1019 varietate
1848 959 2044 1039 capilii
2072 958 2202 1019 sub·

197 1041 427 1104 rutilum
471 1051 528 1102 et
579 1043 843 1103 incanum
876 1039 1204 1120 perfusam
1233 1042 1434 1103 nivem
1461 1042 1659 1103 mulso
1694 1042 1859 1112 dixit3
1909 1044 2281 1104 condicio-21

121 1151 179 1194 ιο
199 1144 329 1188 nem
367 1127 688 1206 principum
722 1127 1096 1186 miserrimam
1131 1125 1353 1203 aiebat,
1393 1125 1616 1205 quibus
1658 1126 1737 1188 de
1775 1126 2206 1190 coniuratione

198 1216 516 1288 comperta
543 1228 668 1272 non
699 1211 1057 1272 crederetur
1083 1210 1211 1271 nisi
1240 1210 1485 1273 occisis,

326 1294 609 1369 Quotiens
631 1295 807 1355 otium
835 1304 1025 1372 esset,
1066 1295 1194 1356 alea
1218 1313 1284 1354 se
1317 1293 1680 1372 oblectabat,
1718 1295 1889 1355 etiam
1923 1294 2203 1373 profestis

197 1377 403 1438 diebus
424 1379 825 1457 matutinisque
856 1379 1036 1456 horis,
1060 1397 1129 1439 ac
1151 1378 1382 1439 lavabat
1410 1377 1480 1439 de
1506 1379 1627 1457 die,
1659 1378 2094 1458 prandebatque
2131 1377 2203 1437 ad

111 1530 114 1532 ,
198 1463 540 1539 satietatem,
566 1471 625 1522 ut
648 1480 763 1523 non
785 1471 1008 1523 temere
1032 1480 1208 1542 super
1238 1480 1475 1522 caenam
1499 1471 1733 1541 praeter
1754 1462 2061 1523 Matianum
2083 1478 2199 1522 ma-

123 1547 314 1613 151um
344 1555 402 1606 et
435 1547 718 1607 modicam
757 1548 815 1606 in
844 1545 1099 1626 ampulla
1139 1545 1532 1625 potiunculam
1575 1555 1844 1606 sumeret.
1914 1544 2199 1606 Conviva·

199 1631 365 1691 batur
387 1629 728 1708 frequenter
752 1649 821 1690 ac
849 1630 1037 1709 large,
1070 1630 1175 1689 sed
1207 1647 1397 1708 paene
1430 1632 1663 1708 raptim;
1704 1638 1866 1689 certe
1905 1647 2021 1690 non
2053 1629 2200 1690 ultra

199 1714 347 1775 solis
384 1731 688 1790 occasum,
724 1733 835 1774 nec
871 1722 929 1773 ut
968 1722 1176 1793 postea
1218 1713 1650 1774 comissaretur.
1714 1712 1859 1774 Nam
1896 1714 1967 1773 ad
1999 1713 2200 1774 horam

200 1798 386 1859 somni
409 1797 547 1857 nihil
574 1798 726 1858 aliud
749 1816 916 1877 quam
938 1798 1099 1858 solus
1121 1806 1356 1858 secreto
1381 1797 1803 1859 deambulabat.

322 1882 596 1943 Libidinis
618 1883 839 1960 nimiae,
871 1882 1261 1942 assiduitatem
1290 1882 1631 1942 concubitus
1653 1882 1811 1942 velut
1836 1883 2204 1943 exercitatio-
2220 1887 2288 1940 22

121 1992 179 2034 20
204 1969 293 2028 nis
317 1986 503 2046 genus
531 1966 863 2047 clinopalen
899 1965 1180 2037 vocabat3
1226 1977 1468 2046 eratque
1508 1966 1685 2045 fama,
1730 1968 1893 2047 quasi
1931 1965 2202 2027 concubi·

198 2071 304 2113 nas
328 2053 458 2131 ipse
483 2052 807 2112 develleret
829 2061 1168 2131 nataretque
1205 2053 1356 2111 inter
1390 2052 1820 2129 vulgatissimas
1843 2052 2203 2113 meretrices.

198 2136 421 2199 Fratris
456 2137 661 2214 filiam,
701 2136 885 2197 adhuc
920 2137 1204 2216 virginem
1248 2136 1501 2197 oblatam
1546 2137 1602 2196 in
1637 2137 2054 2197 matrimonium
2095 2136 2203 2197 sibi

202 2239 330 2283 cum
354 2221 655 2281 devinctus
677 2220 963 2282 Domitiae
984 2222 1197 2300 nuptiis
1223 2221 1683 2300 pertinacissime
1707 2231 2063 2298 recusasset,
2087 2238 2203 2281 non

199 2305 378 2365 multo
406 2313 540 2384 post
573 2305 670 2365 alii
705 2305 1104 2382 conlocatam,
1133 2307 1390 2384 corrupit
1415 2306 1566 2366 ultro
1598 2314 1655 2365 et
1689 2306 1917 2385 quidem
1951 2308 2087 2366 vivo
2121 2314 2201 2365 et-

123 2409 183 2450 25
201 2391 313 2450 iam
337 2397 451 2448 tum
474 2386 636 2458 Tito;
672 2406 807 2449 mox
832 2399 998 2467 patre
1024 2407 1093 2449 ac
1115 2390 1241 2448 viro
1268 2389 1527 2450 orbatam
1561 2389 1961 2451 ardentissime
1990 2390 2201 2469 palam-

203 2491 318 2553 que
342 2471 563 2550 dilexit,
588 2482 647 2531 ut
675 2474 843 2532 etiam
869 2491 1043 2533 causa
1068 2475 1269 2533 mortis
1303 2475 1557 2534 extiterit
1581 2483 1820 2535 coactae
1858 2482 2202 2554 conceptum

203 2576 237 2618 a
264 2575 329 2617 se
352 2557 615 2635 abigere.
1484 2559 1487 2562 '

332 2639 601 2701 Occisum
633 2659 761 2700 eum
786 2640 1038 2719 populus
1074 2640 1499 2719 indifferenter,
1524 2642 1690 2702 miles
1715 2643 2057 2720 gravissime
2080 2641 2207 2701 tulit
2223 2648 2290 2702 23

204 2726 509 2805 statimque
539 2724 744 2784 Divum
768 2725 1070 2804 appellare
1096 2735 1337 2786 conatus
1361 2735 1473 2804 est,
1495 2735 1732 2805 paratus
1758 2735 1815 2786 et
1843 2726 2069 2803 ulcisci,
2098 2724 2207 2784 nisi

128 2832 183 2873 30
207 2809 387 2870 duces
423 2807 770 2879 defuissent3
809 2809 962 2888 quod
993 2808 1219 2887 quidem
1243 2810 1416 2889 paulo
1446 2819 1582 2890 post
1616 2809 1785 2888 fecit,
1824 2809 2206 2890 expostulatis

204 2894 276 2956 ad
300 2911 551 2973 poenam
582 2895 1042 2972 pertinacissime
1078 2893 1273 2955 caedis
1303 2895 1655 2956 auctoribus.
1725 2893 1942 2955 Contra
1960 2903 2206 2969 ‚senatus

201 2978 351 3040 adeo
389 2978 634 3039 laetatus
668 2986 792 3055 est,
825 2987 883 3039 ut
919 2978 1147 3059 repleta
1185 2982 1447 3040 certatim
1484 2980 1642 3040 curia
1679 2998 1794 3040 non
1829 2988 2204 3058 temperaret,

203 3063 336 3142 quin
369 3072 649 3123 mortuum
685 3063 1267 3124 contumeliosissimo
1301 3072 1471 3143 atque
1505 3063 1886 3124 acerbissimo
1921 3063 2204 3124 adclama-

202 3149 418 3208 tionum
454 3166 678 3226 genere
715 3147 1042 3226 laceraret,
1082 3149 1278 3210 scalas
1315 3149 1483 3207 etiam
1519 3148 1718 3207 inferri
1764 3148 2109 3227 clipeosque
2151 3156 2207 3207 et

129 3260 184 3303 35
204 3234 488 3310 imagines
523 3232 647 3293 eius
684 3249 879 3293 coram
904 3232 1126 3293 detrahi
1153 3242 1211 3293 et
1235 3233 1447 3292 ibidem
1471 3231 1601 3291 solo
1626 3232 1806 3309 affligi
1830 3232 2076 3309 iuberet,
2103 3248 2205 3290 no-

202 3317 438 3377 vissime
473 3316 796 3378 eradendos
828 3317 1043 3395 ubique
1093 3317 1290 3377 titulos
1328 3316 1787 3395 abolendamque
1824 3334 2047 3376 omnem
2090 3332 2205 3373 me·

200 3401 444 3462 moriam
469 3400 831 3461 decerneret.

333 3483 484 3543 Ante
511 3502 731 3564 paucos
755 3502 921 3564 quam
947 3483 1317 3546 occideretur
1338 3502 1572 3545 menses
1601 3488 1804 3546 cornix
1833 3487 1890 3544 in
1918 3479 2204 3560 Capitolio
