2553 3960
902 261 962 310 c.
1010 262 1384 311 caucum.
2025 250 2145 317 139

125 416 291 475 niam
327 414 751 494 processisset,
812 413 1133 476 admonitus
1186 416 1260 476 de
1312 416 1638 496 supplendo
1688 436 1927 479 numero
1977 419 2143 481 Bata-

77 516 379 575 „vorum,
424 515 577 577 quos
639 500 794 559 circa
856 516 921 559 se
987 499 1268 577 habebat,
1333 499 1721 579 expeditionis
1768 501 2144 565 Germanicae

125 584 414 662 impetum
443 585 628 661 cepit;
670 600 860 661 neque
891 582 1140 660 distulit,
1185 583 1293 644 sed
1320 584 1649 661 legionibus
1692 594 1752 646 et
1781 584 2008 647 auxiliis
2042 606 2142 647 un·

126 666 313 744 dique
344 667 590 743 excitis,
641 664 948 727 dilectibus
977 666 1188 746 ubique
1218 667 1596 728 acerbissime
1625 670 1801 747 actis,
1843 679 2144 732 contracto

80 772 108 812 s
132 758 197 811 et
230 750 414 810 omnis
449 752 687 828 generis
729 759 1049 811 commeatu
1082 760 1296 830 quanto
1326 769 1629 830 numquam
1663 761 1865 831 antea,
1926 755 2035 814 iter
2060 756 2142 814 in-

126 851 379 911 gressus
410 842 502 893 est
532 833 906 913 confecitque
944 834 1120 895 modo
1164 844 1293 894 tam.
1319 835 1659 896 festinanter
1699 844 1758 896 et
1801 837 2038 917 rapide,
2082 848 2145 899 ut

127 917 542 996 praetorianae
597 917 872 978 cohortes
926 927 1129 978 contra
1178 936 1399 979 morem
1447 921 1614 997 signa
1653 921 1919 981 iumentis
1962 922 2144 1002 impo-

127 1018 280 1060 nere
309 1008 369 1060 et
408 1001 487 1062 ita
530 998 806 1079 subsequi
844 1010 1228 1080 cogerentur,
1280 1002 1561 1063 interdum
1606 1003 1753 1064 adeo
1789 1007 2050 1082 segniter
2087 1014 2146 1065 et

129 1082 421 1161 delicate,
493 1091 556 1143 ut
615 1084 940 1165 octaphoro
994 1084 1343 1163 veheretur,
1383 1096 1556 1166 atque
1608 1105 1641 1148 a
1694 1089 2145 1168 propinquarum

60 1188 112 1230 ιο
131 1166 361 1228 urbium
390 1165 566 1248 plebe
591 1169 748 1228 verri
781 1168 891 1228 sibi
929 1169 1055 1229 vias
1095 1177 1155 1229 et
1197 1172 1516 1250 conspergi
1561 1180 1807 1250 propter
1840 1171 2143 1251 pulverem

133 1253 426 1330 exigeret.
1204 1271 1211 1276 ’
1651 1315 1654 1320 .

262 1330 575 1413 Postquam
612 1342 799 1395 castra
844 1335 1061 1413 attigit,
1106 1344 1169 1396 ut
1198 1354 1265 1396 se
1297 1355 1492 1398 acrem
1530 1354 1602 1398 ac
1630 1356 1899 1398 severum
1938 1338 2224 1405 ducem44

134 1416 509 1496 ostenderet,
554 1416 818 1496 legatos,
855 1419 951 1497 qui
987 1419 1199 1480 auxilia
1238 1421 1425 1481 serius
1455 1440 1533 1481 ex
1572 1420 1818 1482 diversis
1859 1421 2009 1483 locis
2044 1422 2140 1483 ad-

134 1502 456 1579 duxerant,
503 1519 629 1563 cum
658 1502 972 1581 ignominia
1003 1503 1239 1574 dimisit;
1287 1513 1344 1565 at
1375 1505 1433 1563 in
1464 1506 1725 1566 exercitu
1751 1505 2139 1583 recensendo,

63 1609 117 1651 ιε
136 1585 436 1665 plerisque
476 1586 871 1646 centurionum
894 1589 1127 1648 maturis
1154 1589 1284 1665 iam,
1322 1596 1380 1647 et
1422 1588 1712 1650 nonnullis
1742 1597 1872 1649 ante
1915 1590 2140 1669 paucis-

136 1670 319 1730 simos
358 1687 525 1749 quam
558 1672 998 1730 consummaturi
1041 1680 1241 1731 essent
1274 1670 1420 1748 dies,
1465 1672 1681 1750 primos
1714 1672 1868 1751 pilos
1911 1671 2138 1750 ademit,

137 1760 407 1813 causatus
453 1753 673 1812 senium
720 1754 993 1833 cuiusque
1043 1763 1101 1815 et
1151 1754 1631 1824 imbecillitatem
1682 1764 2009 1816 ceterorum
2057 1760 2138 1816 in-

137 1836 366 1914 crepita
411 1834 748 1916 cupiditate,
796 1838 1095 1899 commoda
1137 1840 1414 1900 emeritae
1455 1839 1686 1900 militiae
1719 1838 1790 1900 ad
1840 1849 2138 1901 sescento·

134 1920 319 1980 rum*
361 1918 573 1980 milium
617 1938 886 1983 summam
928 1921 1154 1984 recidit.
1241 1922 1396 1984 Nihil
1448 1931 1633 1985 autem
1686 1923 1929 2004 amplius
1973 1942 2141 2005 quam
2250 1944 2253 1947 ⁴

63 2026 116 2071 20
134 2003 406 2065 Adminio
455 2003 821 2081 Cynobellini
864 2006 1261 2068 Britannorum
1311 2009 1474 2087 regis
1519 2008 1671 2086 lilio,
1720 2009 1817 2088 qui
1853 2008 2052 2088 pulsus
2106 2028 2141 2070 a

132 2098 301 2169 patre
336 2106 462 2150 cum
496 2090 709 2168 exigua
736 2107 905 2150 manu
933 2091 1354 2171 transfugerat,
1397 2093 1456 2152 in
1488 2090 1838 2153 deditionem
1866 2101 2135 2173 recepto,

133 2173 297 2252 quasi
345 2174 616 2234 universa
673 2172 881 2235 tradita
933 2175 1152 2253 insula,
1219 2177 1558 2254 magnificas
1615 2177 1857 2239 Romam
1915 2177 2138 2238 litteras

132 2257 316 2334 misit,
375 2258 605 2319 monitis
651 2256 1147 2338 speculatoribuS,
1188 2269 1250 2321 ut
1289 2259 1559 2321 vehiculo
1607 2259 1682 2322 ad
1721 2261 1909 2322 forum
1952 2280 2137 2341 usqne

136 2348 195 2400 et
224 2342 437 2403 curiam
467 2340 912 2421 pertenderent,
956 2360 1068 2404 nec
1095 2343 1205 2404 nisi
1237 2347 1295 2404 in
1324 2343 1471 2405 aede
1501 2344 1701 2406 Martis
1731 2363 1801 2407 ac
1830 2345 2137 2424 frequente

67 2444 118 2486 25
137 2431 338 2484 senatu
374 2424 706 2486 consulibus
734 2424 1047 2487 traderent.

257 2507 428 2586 Mox,
471 2508 777 2570 deficiente
823 2508 965 2569 belli
1004 2513 1272 2588 materia,
1321 2528 1544 2590 paucos
1580 2511 1653 2572 de
1696 2510 1956 2572 custodia
1987 2510 2137 2574 Ger·
2152 2521 2217 2576 45

134 2608 337 2653 manos
390 2593 556 2653 traici
601 2591 910 2675 occulique
965 2603 1121 2656 trans
1162 2594 1426 2656 Rhenum
1473 2595 1666 2673 iussit,
1709 2613 1779 2655 ac
1839 2594 1950 2654 sibi
2001 2604 2140 2675 post

135 2675 431 2755 prandium
463 2692 632 2755 qnam
659 2678 1169 2740 tumultuosissime
1202 2677 1414 2740 adesse
1451 2676 1678 2738 hostem
1702 2678 1966 2737 nuntiari.
2007 2677 2136 2753 Quo

137 2759 323 2836 facto,
378 2759 664 2840 proripuit
709 2777 774 2820 se
821 2779 949 2822 cum
991 2763 1191 2824 amicis
1222 2770 1282 2822 et
1324 2770 1491 2841 parte
1527 2762 1780 2841 equitum
1823 2764 2136 2841 praetoria·

70 2859 336 2905 tonorum
387 2844 445 2902 in
490 2844 810 2921 proximam
864 2844 1100 2923 silvam,
1165 2847 1562 2925 truncatisque
1609 2844 1913 2907 arboribus
1973 2853 2031 2905 et
2081 2846 2137 2904 in

135 2925 362 2987 modum
402 2934 777 3006 tropaeorum
812 2927 1135 3008 adornatis,
1184 2928 1258 2991 ad
1301 2928 1512 2990 lumina
1556 2948 1865 3007 reversus,
1936 2943 2137 2990 eorum

138 3008 361 3089 quidem
394 3010 491 3088 qui
524 3011 709 3072 secuti
741 3027 857 3071 non
900 3021 1097 3073 essent
1136 3012 1492 3076 timiditatem
1534 3022 1593 3074 et
1631 3013 1919 3092 ignaviam
1956 3014 2134 3074 corri-

136 3094 282 3172 puit,
323 3094 567 3154 comites
610 3103 798 3156 antem
839 3104 899 3156 et
931 3096 1255 3177 participes
1291 3098 1571 3159 victoriae
1616 3113 1771 3159 novo
1813 3113 2035 3176 genere
2065 3115 2136 3159 ac

136 3178 357 3238 nomine
411 3195 756 3240 coronarum
790 3179 1054 3258 donavit,
1111 3199 1253 3260 quas
1305 3180 1604 3243 distinctas
1649 3180 1791 3242 solis
1850 3198 1920 3243 ac
1963 3180 2134 3243 lunae

72 3279 121 3320 ss
140 3260 497 3342 siderumque
526 3264 730 3342 specie
762 3263 1187 3343 exploratorias
1215 3265 1556 3346 appellavit.
1640 3266 1863 3328 Rursus
1898 3264 2135 3328 obsides

138 3345 411 3424 quosdam
443 3346 728 3408 abductos
758 3365 792 3408 e
821 3347 1103 3410 litterario
1131 3349 1268 3410 ludo
1301 3350 1566 3429 clamque
1603 3350 1994 3431 praemissos,
2037 3348 2134 3409 de-

135 3438 286 3491 serto
327 3439 575 3511 repente
618 3430 923 3511 convivio,
971 3451 1097 3494 cum
1138 3436 1394 3514 equitatu
1435 3436 1731 3495 insecutus
1771 3431 1953 3494 veluti
1998 3449 2134 3511 pro-

135 3513 304 3592 fugos
343 3532 416 3576 ac
453 3515 851 3608 reprehensos
906 3517 965 3576 in
1026 3519 1244 3579 catenis
1300 3517 1560 3589 reduxit;
1610 3519 1675 3579 -in
1734 3518 1850 3579 hoc
1901 3531 2136 3594 quoquc
