2553 3960
284 225 368 291 58
445 238 504 287 c.
545 237 847 287 sumom
891 238 1148 298 TRANQ.
1181 238 1276 285 DE
1307 238 1474 288 vrrA
1507 237 1877 287 CAESARUM
1909 240 2050 288 mn.
2094 242 2172 289 11.

283 401 452 473 rent,
483 400 577 455 ter
607 400 667 456 et
701 393 912 454 vicies.
965 392 1247 473 Fecitque
1291 410 1711 472 nonnumquam
1741 396 1970 455 vicatim
2011 414 2081 456 ac
2120 395 2297 475 pluri·

286 480 394 541 bus
439 481 669 540 scaenis
714 496 822 557 per
865 479 1112 537 omnium
1153 478 1476 554 linguarum
1520 476 1834 539 histriones
1881 480 1915 516 ¹⁸
1948 480 1982 515 *
2010 479 2043 515 ’⁵‘
2085 498 2200 540 non
2241 482 2330 543 in.

284 566 418 625 foro
451 563 660 640 modo,
703 579 813 622 nec
855 563 911 620 in
952 561 1405 641 amphitheatro,
1449 561 1556 622 sed
1600 571 1659 622 et
1701 564 1759 623 in
1801 564 1959 624 circo
2009 571 2067 623 et
2101 565 2158 624 in
2193 565 2296 625 Se-

286 650 429 728 ptis,
473 655 533 707 et
576 645 886 727 aliquando
931 645 1069 706 nihil
1118 654 1353 725 praeter
1396 647 1763 707 venationem
1793 647 2001 718 edidit;
2049 647 2295 709 athletas

283 750 543 813 quoque,
579 733 857 791 extructis
888 731 945 789 in
975 748 1181 809 campo
1204 729 1414 791 Martio
1447 730 1726 792 sedilibus
1755 731 1996 809 ligneis;
2029 733 2163 792 item
2194 750 2290 792 na·
2312 745 2342 786 ε

284 817 419 879 vale
448 817 766 896 proelium,
801 816 957 874 circa
990 813 1244 875 Tiberim
1280 824 1484 876 cavato
1517 814 1679 892 solo,
1722 816 1782 875 in
1811 833 1926 896 quo
1963 835 2112 876 nunc
2149 814 2293 877 Cae-

280 920 475 964 sarum
506 919 707 962 nemus
737 907 846 959 est.
911 898 1133 974 Quibus
1158 897 1364 959 diebus
1396 898 1670 960 custodes
1711 901 1769 960 in
1810 899 1956 961 urbe
1987 900 2294 980 disposuit,

279 1005 357 1047 ne
408 987 646 1047 raritate
696 984 1110 1044 remanentium
1164 983 1597 1061 grassatoribus
1651 983 1905 1045 obnoxia
1957 994 2135 1045 esset.
2228 983 2294 1044 In

285 1072 444 1132 circo
497 1071 729 1146 aurigas
776 1076 1165 1147 cursoresque
1211 1077 1270 1127 et
1317 1068 1688 1129 confectores
1729 1069 2014 1147 ferarum,
2063 1077 2121 1129 et
2150 1085 2292 1129 non·

281 1171 587 1232 numquam
640 1171 715 1212 ex
756 1152 1112 1213 nobilissima
1159 1154 1493 1230 iuventute,
1535 1154 1826 1231 produxit.
1900 1153 2019 1214 Sed
2061 1163 2119 1213 et
2148 1153 2292 1213 Tro·
2312 1165 2370 1212 ιο

278 1240 373 1299 iae
405 1237 594 1297 lusum
624 1234 801 1295 edidit
827 1236 1296 1315 frequentissime
1330 1238 1609 1297 maiorum
1640 1238 2038 1317 minorumque
2082 1255 2291 1316 puero-

282 1340 440 1398 rum,
475 1321 655 1400 prisci
684 1319 1002 1399 decorique
1035 1322 1212 1381 moris
1244 1321 1614 1398 existimans,
1657 1321 1852 1382 clarae
1892 1323 2091 1401 stirpis
2132 1321 2291 1381 indo-

283 1407 398 1467 lem
430 1407 515 1465 sic
545 1413 877 1464 notescere.
925 1404 990 1463 ln
1023 1403 1138 1465 hoc
1168 1404 1393 1465 ludicro
1423 1404 1673 1465 Nonium
1703 1404 2092 1484 Asprenatem
2123 1406 2294 1485 lapsu

277 1489 639 1551 debilitatum
669 1505 846 1549 aureo
879 1498 1086 1567 torque
1111 1488 1348 1550 donavit
1376 1507 1700 1570 passusque
1743 1499 1833 1550 est
1876 1492 2061 1570 ipsum
2095 1498 2291 1569 poste-

282 1591 500 1654 rosque
552 1573 830 1652 Torquati
880 1572 1038 1633 serre
1097 1589 1445 1650 cognomen.
1536 1574 1678 1636 Mox
1732 1576 1901 1634 finem
1963 1574 2106 1635 fecit
2156 1573 2292 1634 talia
2313 1585 2367 1629 ¹⁵

280 1657 525 1734 edendi,
557 1656 761 1717 Asinio
791 1657 1056 1717 Pollione
1089 1665 1324 1718 oratore
1357 1659 1617 1735 graviter
1655 1657 2058 1738 invidioseque
2100 1659 2156 1719 in
2196 1676 2292 1718 cu-

281 1745 368 1803 ria
400 1750 607 1821 questo
638 1741 948 1802 Aesernini
977 1742 1209 1820 nepotis
1241 1743 1329 1802 sui
1361 1759 1585 1820 casum,
1630 1744 1725 1822 qui
1756 1751 1816 1803 et
1845 1744 1974 1824 ipse
2008 1761 2142 1803 crus
2175 1743 2292 1803 fre-

326 1835 470 1888 erat.

278 1846 323 1906 g
406 1909 502 1970 Ad
526 1912 792 1970 scenicas
820 1926 1054 1989 quoque
1079 1919 1136 1970 et
1155 1910 1533 1988 gladiatorias
1559 1928 1773 1991 operas
1792 1919 1851 1971 et
1871 1910 2160 1991 equitibus
2172 1912 2288 1972 Ro·

279 1995 462 2057 manis
494 1994 800 2073 aliquando
832 2013 972 2054 usus
1001 2004 1109 2073 est,
1139 2013 1338 2056 verum
1372 1997 1533 2075 prius
1556 2014 1724 2076 quam
1756 2006 1988 2057 senatus
2023 1996 2287 2057 consulto
2305 2011 2362 2054 ²⁰

280 2079 743 2141 interdiceretur.
813 2078 1027 2140 Postea
1073 2078 1212 2139 nihil
1251 2098 1393 2141 sane
1437 2090 1845 2160 praeterquam
1886 2081 2287 2141 adulescentu-

280 2165 397 2225 lum
424 2163 487 2223 L.
525 2161 703 2223 Icium
732 2162 979 2223 honeste
1010 2172 1200 2224 natum
1235 2164 1521 2243 exhibuit,
1569 2174 1782 2226 tantum
1822 2174 1882 2225 ut
1922 2165 2287 2234 ostenderet;

282 2247 441 2327 quod
478 2256 602 2307 erat
637 2245 895 2325 bipedali
935 2248 1153 2324 minor,
1207 2247 1482 2309 librarum
1540 2248 1958 2329 septemdecim
2009 2268 2078 2309 ac
2127 2249 2288 2309 vocis

280 2334 612 2392 immensae.
695 2330 957 2407 Quodam
999 2340 1187 2392 autem
1230 2334 1484 2393 muneris
1531 2333 1624 2393 die
1654 2333 1993 2394 Parthorum
2028 2331 2285 2409 obsideS,
2322 2400 2332 2409 ‚

279 2426 416 2478 tuuc
449 2416 690 2494 primum
720 2416 963 2492 missos,
996 2433 1102 2493 per
1130 2417 1373 2477 mediam
1410 2435 1643 2479 arenam
1675 2417 1746 2477 ad
1778 2417 2176 2497 spectaculum
2205 2419 2284 2476 in·
2304 2430 2359 2474 2⁸

279 2500 442 2560 duxit
492 2517 787 2578 superque
839 2517 903 2559 se
955 2498 1235 2561 subsellio
1290 2501 1548 2561 secundo
1616 2501 1946 2562 collocavit.
2046 2498 2289 2560 Solebat

282 2585 452 2646 etiam
495 2584 635 2644 citra
678 2584 1146 2662 spectaculorum
1191 2585 1351 2662 dies,
1400 2586 1448 2644 si
1494 2584 1723 2665 quando
1768 2585 1903 2665 quid
1941 2585 2284 2644 invisitatum

282 2668 631 2747 dignumque
664 2669 898 2746 cognitu
944 2668 1247 2730 advectum
1291 2678 1484 2746 esset,
1529 2669 1585 2730 id
1629 2679 1793 2730 extra
1841 2668 2100 2730 ordinem
2144 2684 2284 2747 quo-

279 2752 424 2813 libet
455 2753 592 2813 loco
630 2751 962 2833 publicare:
1005 2763 1063 2814 ut
1090 2752 1523 2814 rhinocerotem
1554 2753 1707 2832 apud
1737 2754 1948 2833 Septa,
1991 2752 2188 2830 tigrim
2230 2753 2287 2813 in

279 2855 525 2914 scaena,
558 2855 804 2914 anguem
840 2837 1251 2917 quinquaginta
1284 2837 1604 2898 cubitorum
1638 2855 1745 2916 pro
1785 2838 2037 2898 comitio.
2304 2855 2356 2899 ae

406 2919 635 2980 Accidit
665 2921 876 2981 votivis
903 2920 1292 3001 Circensibus,
1325 2931 1385 2982 ut
1411 2930 1719 3000 correptus
1744 2921 2054 2982 valitudine
2078 2920 2289 2982 lectica

281 3004 500 3066 cubans
531 3012 728 3067 tensas
764 3005 1107 3076 deduceret3
1153 3025 1355 3067 rursus
1387 3007 1795 3066 commissione
1827 3006 2125 3082 ludorum,
2163 3004 2286 3084 qui-

279 3088 387 3148 bus
417 3088 700 3150 theatrum
725 3090 990 3152 Marcelli
1031 3090 1363 3168 dedicabat,
1409 3091 1605 3150 evenit
1643 3099 1705 3150 ut
1733 3090 1945 3150 laxatis
1973 3089 2158 3150 sellae
2191 3107 2287 3148 cu-

280 3172 422 3232 rulis
452 3174 831 3252 compagibus
863 3174 1097 3235 caderet
1128 3176 1385 3255 supinus.
1454 3174 1748 3254 Nepotum
1779 3192 2015 3254 quoque
2056 3190 2288 3233 suorum

279 3273 516 3315 munere
558 3275 684 3318 cum
733 3267 1159 3319 consternatum
1201 3259 1401 3320 ruinae
1438 3267 1590 3319 metu
1628 3259 1906 3339 populum
1945 3259 2198 3319 retinere
2229 3264 2361 3322 etas

282 3339 627 3400 confirmare
668 3342 825 3402 nullo
875 3343 1048 3403 modo
1087 3352 1322 3423 posset,
1367 3344 1590 3404 transiit
1634 3362 1668 3402 e
1713 3343 1850 3404 loco
1895 3361 1999 3403 suo
2029 3352 2199 3421 atque
2232 3341 2287 3398 in

283 3442 351 3485 ea
384 3431 550 3502 parte
581 3426 872 3504 consedit,
910 3445 1059 3506 quae
1092 3437 1367 3508 suspecta
1396 3428 1639 3489 maxime
1667 3436 1811 3489 erat.

194 3508 264 3566 44
408 3506 726 3587 Spectandi
757 3512 1217 3573 confusissimum
1248 3530 1318 3573 ac
1351 3513 1760 3573 solutissimum
1787 3530 2008 3573 morem
2035 3509 2294 3570 correxit
