2553 3960
268 232 360 294 ‘42
449 244 511 293 c.
543 241 846 293 sumom
869 238 1127 300 TRANQ.
1157 240 1254 287 DE:
1278 237 1447 289 vrrA
1477 238 1848 290 cAmAmm
1872 238 2011 285 ΜΒ.
2035 238 2111 286 11.

276 419 388 461 nae
424 399 726 480 provincia
760 415 795 458 a
827 394 1082 457 Caesare
1118 394 1251 456 data
1283 403 1344 454 et
1371 410 1483 474 per
1518 402 1779 455 senatum
1808 394 2147 454 confirmata
2182 412 2293 455 ex·

276 484 504 565 pellere
528 484 701 544 armis
722 484 1024 542 niteretur.
1081 478 1461 540 Hortantibus
1492 480 1687 559 itaque
1725 477 2016 538 nonnullis
2042 495 2289 557 percus-

275 586 444 630 sores
467 569 523 628 ei
545 565 914 642 subornavit,
950 582 1021 624 ac
1041 562 1244 624 fraude
1266 561 1637 642 deprehensa
1666 561 1986 641 periculum
2008 563 2066 620 in
2094 564 2292 623 vicem

273 662 538 713 metuens
577 660 890 712 veteranos
921 648 1086 708 simul
1122 650 1180 708 in
1223 665 1385 708 suum
1428 665 1497 707 ac
1537 649 1623 706 rei
1664 665 1725 726 p.
1769 645 2040 706 auxilium
2072 655 2291 726 quanta

275 738 463 818 potuit
507 736 818 813 largitione
868 734 1187 801 contraxit;
1250 734 1554 811 iussusque
1605 739 1943 809 comparato
2001 732 2290 790 exercitui
2311 752 2338 791 ε

274 839 386 902 pro
424 828 700 899 praetore
735 834 1017 898 praeesse
1061 826 1122 876 et
1163 834 1291 876 cum
1315 814 1503 876 Hirtio
1534 832 1603 875 ac
1637 814 1854 892 Pansa,
1890 816 1985 893 qui
2017 815 2287 875 consula-

144 975 145 978 *
274 917 391 966 tum
427 911 838 983 susceperant,
871 901 944 961 D.
980 901 1157 961 Bruto
1198 917 1373 980 opem
1407 900 1597 978 ferre,
1634 898 2031 960 demandatum
2067 896 2289 959 bellum

128 1011 129 1014 ¹
186 1032 211 1052 ,ψ
274 990 450 1050 tertio
485 1006 686 1048 mense
726 986 981 1047 confecit
1025 982 1248 1045 duobus
1294 983 1582 1068 proeliisz(
1624 981 1829 1043 Priore
1861 973 2151 1044 'Antonius
2195 983 2285 1043 fu·

272 1076 437 1151 gisse
473 1089 602 1131 eum
638 1070 843 1131 scribit
867 1087 936 1130 ac
971 1070 1097 1130 sine
1128 1068 1540 1147 paludamento
1579 1085 1847 1147 equoque
1885 1076 2021 1146 post
2050 1066 2286 1127 biduum

272 1158 499 1218 demum
546 1156 920 1234 apparuisse,
969 1155 1236 1231 sequenti
1271 1154 1413 1213 satis
1462 1160 1690 1212 constat
1730 1169 1845 1211 non
1880 1150 2051 1211 modo
2089 1151 2278 1229 ducis,
2304 1172 2361 1213 ιο

271 1240 379 1302 sed
414 1242 587 1300 etiam
606 1238 801 1298 militis
822 1238 1078 1297 functum
1106 1255 1347 1322 QROEC
1372 1245 1545 1315 atque
1578 1237 1636 1295 in
1671 1235 1859 1296 media
1888 1234 2278 1313 dimicatione,

272 1323 577 1405 aquilifero
609 1323 861 1400 legionis
891 1339 1031 1382 suae
1060 1324 1324 1400 graviter
1357 1322 1553 1381 saucio
1571 1366 1589 1397 ,
1627 1320 1875 1399 aquilam
1903 1322 2116 1380 umeris
2146 1320 2280 1379 sub-

189 1416 254 1468 11
271 1412 389 1470 isse
411 1407 619 1487 diuque
640 1415 926 1485 portasse.
962 1405 1091 1466 Hoc
1112 1404 1273 1466 bello
1299 1423 1425 1465 cum
1435 1404 1651 1464 Hirtius
1680 1406 1736 1463 in
1759 1406 1904 1482 acie,
1928 1403 2114 1464 Pansa
2140 1421 2280 1484 pau-

271 1494 330 1554 lo
366 1500 502 1571 post
542 1510 619 1551 ex
643 1489 885 1550 vulnere
910 1491 1230 1569 perissent,
1280 1507 1476 1550 rumor
1505 1487 1820 1549 increbruit
1856 1488 2055 1549 ambos
2095 1506 2283 1568 opera

273 1579 397 1637 eius
457 1577 728 1652 occisos,
777 1583 836 1634 ut
875 1574 1129 1635 Antonio
1178 1573 1413 1651 fugato,
1469 1592 1537 1632 re
1579 1583 1639 1652 p.
1694 1572 2026 1633 consulibus
2072 1573 2279 1633 orbata
2300 1597 2353 1638 ιε

272 1659 432 1722 εοΙιίε
468 1661 729 1721 victores
760 1660 1054 1719 exercitus
1093 1667 1432 1738 occuparet.
1489 1657 1714 1717 Pansae
1745 1656 1976 1738 quidem
2004 1657 2150 1717 adeo
2185 1676 2277 1717 su-

200 1784 204 1787 <
272 1753 480 1824 specta
506 1762 665 1804 mors
694 1743 833 1820 fuit,
871 1751 933 1802 ut
969 1742 1154 1818 Glyco
1188 1742 1446 1802 medicus
1481 1740 1800 1802 custoditus
1832 1743 1934 1817 sit,
1978 1743 2140 1821 quasi
2176 1759 2278 1800 ve-

272 1846 478 1889 nenum
524 1827 750 1887 vulneri
792 1826 1110 1887 indidisset.
1182 1826 1379 1887 Adicit
1429 1825 1518 1885 his
1559 1825 1825 1905 Aquilius
1865 1826 2082 1903 Niger,
2135 1825 2276 1886 alte-

270 1931 394 1973 rum
442 1931 476 1971 e
527 1910 863 1972 consulibus
911 1910 1154 1971 Hirtium
1189 1913 1246 1970 in
1281 1928 1514 1990 pugnae
1554 1908 1899 2007 tumultuaeab
1930 1912 2060 1990 ipso
2097 1911 2274 1970 inter-

140 2050 147 2054 .
191 2016 256 2069 12
270 2006 539 2076 emptum.
604 1995 725 2057 Sed
751 1994 812 2056 i1t
837 1996 1114 2074 cognovit
1139 1995 1450 2056 Antonium
1479 2004 1616 2075 post
1643 1994 1841 2072 fugam
1878 2013 1911 2055 a
1935 1996 2012 2057 Μ.
2048 1994 2272 2074 Lepido
2293 2020 2347 2061 20

269 2090 573 2160 receptum
615 2089 966 2160 ceterosque
1002 2079 1182 2140 duces
1214 2089 1274 2139 et
1317 2082 1611 2140 exercitus
1641 2081 1972 2140 consentire
2002 2097 2110 2159 pro
2142 2097 2271 2158 par-

271 2165 458 2241 tibus,
491 2183 722 2226 causam
752 2166 1106 2244 optimatium
1135 2166 1258 2225 sine
1288 2166 1655 2225 cunctatione
1686 2163 1976 2241 deseruit,
2008 2165 2078 2224 ad
2101 2181 2272 2243 prae-

270 2258 488 2311 textum
514 2258 763 2310 mutatae
788 2249 1098 2309 voluntatis
1122 2248 1274 2308 dicta
1300 2249 1569 2327 factaque
1593 2247 1947 2328 quorundam
1970 2247 2271 2308 calumnia-

270 2343 396 2411 tus,
429 2335 592 2414 quasi
620 2333 717 2393 alii
745 2351 811 2392 se
844 2351 1112 2412 puerum,
1146 2332 1240 2393 alii
1272 2332 1588 2393 ornandum
1616 2331 2048 2412 tollendumque
2066 2333 2271 2392 iactas-

270 2424 432 2495 sent,
462 2436 536 2477 ne
567 2426 663 2478 aut
693 2416 802 2478 sibi
832 2425 927 2478 aut
954 2419 1249 2477 veteranis
1291 2435 1399 2497 par
1429 2419 1619 2495 gratia
1648 2416 1987 2477 referretur.
2050 2416 2128 2477 Et
2157 2434 2271 2497 quo
2290 2441 2341 2481 25

267 2503 455 2578 magis
519 2503 929 2580 paenitentiam
995 2503 1206 2580 prioris
1275 2511 1477 2561 sectae
1534 2501 1921 2581 approbaret,
1991 2501 2273 2562 Nursinos

266 2585 473 2664 grandi
502 2587 750 2665 pecunia
779 2595 839 2646 et
865 2602 1034 2664 quam
1067 2584 1328 2664 pendere
1355 2587 1664 2665 nequirent
1702 2585 1972 2646 multatos
2004 2596 2272 2646 extorres

270 2669 488 2750 oppido
522 2671 664 2747 egit,
693 2669 847 2748 quod
861 2669 1168 2730 Mutinensi
1184 2671 1312 2730 acie
1336 2671 1811 2750 interemptorum
1833 2671 2041 2736 civium
2056 2669 2269 2730 tumulo

268 2753 504 2835 publice
544 2763 809 2814 extructo
841 2755 1266 2832 ascripserant,
1299 2771 1407 2832 pro
1450 2752 1722 2815 libertate
1763 2772 1869 2814 eos
1901 2754 2266 2815 occubuisse.

187 2860 256 2916 13
395 2838 543 2899 Inita
571 2856 699 2897 cum
726 2837 982 2897 Antonio
1013 2845 1072 2897 et
1098 2836 1320 2916 Lepido
1363 2839 1683 2916 societate,
1722 2837 2100 2918 Philippense
2130 2856 2265 2918 quo·
2284 2865 2338 2906 30

271 2941 384 3002 que
420 2922 668 3000 bellum,
711 2939 1049 3002 quamquam
1078 2922 1364 2982 invalidus
1394 2930 1568 3002 atque
1595 2941 1811 3001 aeger,
1851 2921 2068 3002 duplici
2098 2940 2267 3002 proe-

269 3006 348 3066 lio
390 3009 705 3085 transegit,
762 3024 1002 3085 quorum
1043 3008 1242 3085 priore
1293 3009 1501 3067 castris
1547 3016 1753 3067 exutus
1804 3008 1899 3068 vix
1941 3006 2013 3067 ad
2056 3006 2270 3068 Antoni

270 3107 450 3149 cornu
494 3091 633 3167 fuga
675 3099 966 3151 evaserat.
1046 3089 1174 3150 Nec
1216 3109 1554 3151 successum
1613 3092 1894 3152 victoriae
1938 3091 2268 3163 moderatus

269 3180 390 3249 est,
422 3172 526 3233 sed
561 3176 753 3252 capite
783 3173 938 3234 Bruti
961 3175 1202 3236 Romam
1231 3177 1440 3253 misso,
1484 3184 1543 3236 ut
1582 3185 1805 3236 statuae
1836 3173 2107 3236 Caesaris
2137 3174 2265 3236 sub-

266 3260 553 3336 iceretur,
588 3258 646 3315 in
675 3256 1194 3336 splendidissimum
1217 3277 1501 3340 quemque
1535 3262 1822 3339 captivum
1848 3277 1963 3319 non
1988 3262 2113 3320 sine
2136 3278 2261 3320 ver·
2281 3275 2328 3315 35

268 3340 469 3400 borum
510 3341 853 3402 contumelia
896 3346 1232 3414 saeviit;'ut
1293 3345 1521 3424 quidem
1559 3346 1654 3404 uni
1699 3343 2043 3422 suppliciter
2072 3343 2261 3423 sepul-

266 3431 450 3482 turam
492 3425 757 3502 precanti
810 3428 1188 3505 respondisse
1240 3428 1492 3506 dicatur,
1546 3429 1673 3489 iam
1709 3430 1896 3490 istam
1946 3428 2265 3492 volucrum

265 3504 410 3582 fore
444 3512 851 3583 potestatem,-
896 3511 1075 3589 alios,
1114 3522 1340 3592 patrem
1376 3521 1435 3573 et
1475 3513 1669 3591 lilium,
1704 3531 1813 3594 pro
1855 3514 1974 3573 vita
2000 3513 2262 3591 rogantis
