2553 3960
328 213 451 276 278
857 224 927 272 c.
975 221 1306 271 sumonu
1350 219 1779 280 TRANQmLu

326 373 400 441 δε
437 373 547 441 καὶ
596 370 754 454 τούς
795 361 1328 476 ἀστραγάλους,
1341 375 1411 437 οἳ
1449 369 1560 435 καὶ
1595 364 1857 454 ἅστριες
1896 367 2010 435 καὶ
2045 364 2355 475 ἅστριχοι

324 459 640 564 λέγονταί
727 478 925 544 φησι,
979 453 1260 531 πτώσεις
1301 455 1586 520 ἕκαστον
1625 458 1800 537 ἔχειν
1841 455 2167 537 τέσσαρας
2195 449 2348 520 κατ’

324 538 686 610 ἀντίθετον
714 541 1156 644 συγκειμένας
1178 532 1426 642 ὁμοίως
1453 535 1658 647 κύβω.
1705 542 1932 619 ἔχουσι
1966 538 2073 621 δέ,
2107 555 2346 643 φησιν,

325 623 750 732 ἀντικείμενα
771 623 1035 713 μονάδα
1067 623 1178 691 καὶ
1214 620 1435 726 ἑξάδα,
1461 620 1600 687 εἶτα
1627 620 1865 726 τριάδα
1893 620 2005 686 καὶ
2033 619 2346 706 τετράδα.

323 707 365 799 ἦ
396 706 526 818 γὰρ
561 708 740 813 δυάς
755 727 929 812 φασι
954 709 1065 776 καὶ
1093 732 1337 784 πεντας
1363 704 1469 771 ἐπὶ
1492 703 1724 790 κύβων
1745 703 1964 814 μόνον
1989 711 2351 808 παραλαμ-
2370 739 2392 777 ι

322 802 653 900 βάνονται
692 820 781 872 ως
802 791 1110 899 ἐχόντων
1151 792 1546 897 ἐπιφανείας
1582 790 1670 869 ἕξ.
1739 790 1850 857 καὶ
1882 786 1984 856 ὅτι
2011 792 2148 855 τῶν
2177 785 2350 855 κατὰ

324 903 481 955 τους
523 873 985 983 ἀστραγάλους
1027 873 1347 944 πτώσεων
1387 876 1460 939 αἱ
1495 872 1620 958 μὲν
1649 877 1834 940 θεῶν
1865 878 2035 940 εἰσιν
2078 871 2350 939 ἐπώνυ-

322 990 481 1049 μοι,
535 965 609 1027 αἰ
648 957 805 1048 δὲὴ
762 987 1040 1049 ηρωων,
1092 964 1169 1027 αἱ
1203 957 1276 1026 δὲ
1305 959 1661 1044 βασιλέων,
1693 960 1768 1024 αἰ
1796 956 1869 1024 δὲ
1899 953 2260 1062 ἐνδόξων’
2219 983 2350 1023 αν-
2514 953 2515 1024 l

326 1051 540 1134 δρῶν,
578 1049 649 1111 αἱ
675 1046 748 1113 δε
780 1048 1155 1150 ἑταιρίδων.
1208 1045 1487 1151 Λέγεται
1518 1042 1597 1108 δέ
1618 1067 1716 1118 τις
1744 1044 1818 1108 ἐν
1847 1036 2106 1126 αὐταις,
2153 1059 2347 1127 φησι,
2514 1061 2515 1100 1

323 1130 435 1198 καὶ
480 1134 922 1231 Στησίχορος,
970 1128 1080 1195 καὶ
1123 1127 1330 1233 ἑτέρα
1305 1070 1743 1211 γΕύριπίδης.
1780 1122 1924 1191 ”En
1964 1126 2142 1210 λέγει
2172 1126 2350 1192 ἐκει-
2372 1160 2423 1202 10

323 1238 444 1290 νος
484 1205 522 1279 6
568 1237 663 1279 τα
668 1214 1060 1314 περὶτῆς
1099 1205 1281 1278 καθ’
1297 1205 1695 1313 Έλληνας
1725 1212 2054 1286 παιδιάς
2083 1207 2351 1312 γράψας

323 1290 509 1365 καὶ
469 1320 573 1364 οτι
604 1299 737 1362 τῶν
772 1321 941 1365 κατα
984 1289 1147 1372 τούς
1155 1290 1638 1400 ἀστραγάλους
1680 1293 1907 1397 βόλων
1941 1288 1978 1361 6
1995 1292 2129 1400 μὲν
2158 1320 2241 1359 τα
2278 1297 2350 1373 ἓξ

326 1379 711 1465 δυνάμενος
752 1384 972 1487 Κῷος
985 1380 1096 1446 καὶ
1141 1379 1350 1464 ἑξίτης
1396 1378 1695 1462 ἐλέγετο,
1752 1372 1789 1445 6
1833 1375 1907 1445 δὲ
1946 1377 2021 1445 τὸ
2051 1380 2128 1444 ἓν
2155 1384 2346 1481 Χῖος,

325 1471 422 1533 ἔτι
452 1465 526 1533 δὲ
558 1465 668 1532 καὶ
700 1464 905 1533 κύων.
949 1458 1116 1532 ὅθεν
1146 1467 1263 1530 καί
1287 1488 1386 1539 τις
1414 1468 1770 1547 παροιμία·
1815 1469 1976 1539 Χιος
2003 1457 2351 1561 παραστὰς

327 1552 530 1640 Κῷον
559 1544 691 1617 οὐκ
725 1538 997 1634 ἐάσω,
953 1574 1034 1634 ης
1065 1548 1411 1652 μέμνηταί,
1449 1566 1635 1655 φησι,
1670 1543 1996 1631 Στράττις
2023 1547 2097 1612 ἐν
2126 1547 2257 1635 τῷ·
2368 1582 2417 1621 15

659 1641 822 1713 Χῖος
844 1630 1209 1733 παραστας
1211 1633 1415 1720 Κῶον
1451 1629 1578 1699 οὐκ
1605 1633 1699 1730 ἐᾷ
1707 1632 1962 1715 λέγειν·

320 1723 525 1783 Ἐνθα
526 1718 975 1826 ἐνθυμητέον
1002 1716 1112 1783 καὶ
1143 1709 1217 1783 τὸ
1246 1698 1372 1782 τοῦ
1398 1739 1728 1822 κωμικου’

454 1802 802 1869 πέπτωκεν
832 1804 974 1905 ἔξω
985 1826 1122 1866 των
1155 1802 1413 1883 κακῶν,
1417 1794 1530 1904 ⁴pv}
1563 1805 1723 1876 Χῖος
1753 1792 1922 1864 ἀλλὰ
1950 1804 2171 1906 Κειος,

325 1884 437 1951 καὶ
480 1886 795 1990 νοητέον
803 1911 891 1962 ως
933 1878 974 1970 ἢ
1022 1889 1346 1970 ἔσφαλται
1384 1880 1440 1969 η’
1455 1877 1681 1970 γραφὴ
1721 1884 1848 1949 τοῦ
1872 1879 2145 1958 Κεῖος”
2102 1911 2145 1971 η
2176 1879 2347 1949 ἄλλα

325 1966 714 2078 παρῶδηται
755 1963 890 2036 ὑπὸ
934 1972 1061 2036 τοῦ
1103 1993 1422 2075 κωμικου.
1484 1967 1659 2054 Περὶ
1701 1965 1774 2034 δὲ
1819 1968 1947 2034 τοῦ
1982 1971 2340 2080 εἰρημένου
2357 2004 2409 2044 20

326 2038 538 2130 κυνὸς
568 2048 838 2121 κάκεῑνο
869 2053 1046 2137 λέγει
1076 2048 1276 2130 αὐτὸς
1311 2051 1597 2161 (γραφὲν
1625 2051 1736 2119 καὶ
1765 2046 2156 2136 άλλαχοῦ)”
2117 2080 2219 2122 οτι
2250 2053 2347 2122 εἶ-

326 2135 443 2214 δός
474 2163 537 2203 τι
583 2143 859 2222 κυβείας
887 2136 998 2204 καὶ
1026 2135 1247 2241 πόλις,
1287 2124 1434 2201 ἐν
1390 2164 1466 2226 η,
1496 2134 1746 2223 ψήφων
1774 2138 2044 2203 πολλων
2078 2140 2153 2206 ἐν
2196 2141 2348 2205 δια-

325 2222 815 2307 γεγραμμέναις
863 2221 994 2288 τισὶ
1032 2219 1275 2307 χώραις
1313 2205 1678 2306 κειμένων,
1722 2221 1975 2328 ἐγίνετο
2024 2215 2350 2291 άνταναί-

326 2321 530 2411 ρεσις.
589 2305 700 2371 καὶ
749 2306 1113 2373 ἐκαλοῦντο
1166 2307 1240 2371 αἰ
1279 2303 1405 2390 μὲν
1455 2304 1818 2409 γραμμικαι
1869 2329 2074 2408 χωραι
2116 2305 2350 2385 πόλεις

327 2385 814 2494 ἀστειότερον,
824 2392 900 2456 αἱ
922 2387 996 2456 δε
1027 2384 1718 2494 άντεπιβουλεύουσαι
1762 2384 2078 2474 ἀλλήλαις
2126 2392 2413 2477 ψῆφοιῃ

327 2470 529 2552 κύνες
578 2469 689 2541 δια
745 2469 820 2541 τὸ
873 2476 1088 2560 δῆθεν
1139 2468 1427 2549 ἀναιδές.
1530 2476 1901 2540 Eustathius
1953 2479 2042 2539 ad
2087 2479 2353 2543 Homeri

327 2561 428 2624 od
466 2572 809 2641 ss.1‚107.

421 2582 804 2745 911.1’1ερὶ
859 2644 1016 2708 τῶν
1057 2635 1274 2727 παρά
1307 2635 1744 2727 Ῥωμαίοις
1781 2644 2165 2727 θεωριων
2209 2644 2348 2710 καὶ

324 2721 664 2811 άγώνων
703 2731 996 2812 βιβλία
1043 2723 1126 2811 β’.
1213 2730 1471 2792 Suidas.

301 2815 305 2821 ’
455 2816 637 2890 Quam
679 2833 803 2875 rem
843 2825 899 2876 et
932 2817 1030 2878 alii
1068 2816 1223 2877 docti
1251 2818 1363 2876 viri
1395 2826 1453 2876 et
1488 2817 1799 2876 Suetonius
1838 2817 2005 2876 etiam
2036 2817 2410 2894 Tranquil-so

324 2901 462 2960 lus
444 2919 515 2961 ιιι
546 2899 749 2960 libro
778 2900 1124 2961 ludicrae
1154 2900 1532 2961 historiae
1565 2903 1798 2979 primo
1829 2902 2345 2981 satiscompertam

325 3001 463 3043 esse
498 2985 759 3063 satisque
792 3003 969 3064 super
1017 3002 1088 3044 ea
1123 2994 1392 3045 constare
1434 2984 1722 3045 adfirmat:
1764 2987 1995 3044 nervias
2037 2985 2095 3044 in
2134 2985 2345 3045 fidibus

326 3066 569 3127 brumali
600 3068 693 3128 die
725 3068 868 3128 alias
899 3069 1098 3146 digitis
1130 3068 1303 3148 pelli,
1336 3070 1479 3130 alias
1513 3086 1746 3128 sonare
1807 3067 2042 3129 Gellius
2073 3077 2125 3143 9,
2156 3078 2210 3133 7.

455 3150 533 3212 Ut
562 3154 638 3212 ait
669 3152 981 3213 Suetonius
1012 3152 1408 3231 TranquilluS,
1442 3153 1601 3213 lusus
1633 3156 1762 3231 ipse
1795 3171 1966 3231 quem
2000 3153 2181 3231 vulgo
2208 3170 2343 3232 pyr·

328 3230 545 3291 rieham
576 3234 874 3312 appellant
909 3236 1080 3298 Troia
1118 3246 1388 3311 vocatur,
1426 3237 1586 3296 euius
1617 3237 1900 3313 originem
1934 3239 2231 3315 expressit
2274 3239 2413 3297 inas

330 3310 651 3465 ἶςίὺότθεέᾶο
695 3335 1091 3392 puerorum
1138 3318 1455 3380 lusibuS.
1527 3320 1786 3381 Servius
1829 3319 1919 3380 ad
1977 3319 2151 3400 Very.
2185 3317 2341 3382 Aen.

460 3474 742 3536 Ludorum
774 3483 943 3558 origo
978 3486 1062 3545 sie
1089 3484 1350 3546 traditur.
1451 3487 1644 3564 Lydos
1686 3505 1761 3546 ex
1801 3485 1942 3546 Asia
1997 3495 2343 3546 transvenas
