2553 3960
997 277 1056 323 e.
1105 277 1477 327 CALIGULA.
2115 266 2233 328 123

226 431 579 511 Transitquc
609 431 680 492 ad
700 431 1009 492 Antoniam
1031 434 1214 493 aviam
1247 441 1307 492 et
1329 431 1802 492 undevicensimo
1829 434 2033 493 aetatis
2060 451 2229 513 anno,

226 519 450 579 accitus
483 514 744 595 Capreas
779 534 811 576 a
853 515 1109 595 Tiberio,
1144 534 1257 576 uno
1291 526 1461 596 atque
1496 516 1703 577 eodem
1734 515 1827 576 die
1856 526 2053 595 togam
2085 536 2226 577 sum·

226 603 342 682 psit
366 599 721 680 barbamque
752 602 962 679 posuit,
994 602 1118 660 sine
1139 600 1261 660 ullo
1284 600 1507 661 honore
1536 601 1722 680 qualis
1745 601 2071 679 contigerat
2094 603 2230 662 tiro-

229 687 380 747 cinio
427 684 667 744 fratrum
712 687 856 744 eius.
944 683 1055 744 Hic
1097 684 1360 744 omnibus
1395 686 1616 745 insidiis
1646 693 1954 764 temptatus
1996 686 2231 746 elicien-

175 788 204 827 s
228 771 364 830 tium
404 770 853 848 cogentiumque
884 787 949 828 se
993 768 1067 829 ad
1099 768 1390 848 querelas,
1429 769 1641 829 nullam
1670 787 1934 848 umquam
1965 772 2230 831 occasio-

227 870 360 913 nem
391 851 565 929 dedit,
598 853 838 931 perinde
862 852 1170 913 obliterato
1196 869 1429 912 suorum
1459 871 1596 913 casu
1620 871 1691 914 ac
1724 855 1773 913 si
1802 854 1939 913 nihil
1968 855 2232 934 cuiquam

229 936 567 1007 accidisset;
589 954 738 1015 quae
761 954 907 997 vero
930 938 1058 1015 ipse
1086 945 1404 1015 pateretur,
1429 936 1754 998 incredibili
1779 937 2233 998 dissimulatione

229 1022 620 1081 transmittens
647 1022 907 1099 tantique
934 1022 995 1092 jn
1025 1039 1192 1080 avum
1225 1029 1283 1080 et
1323 1023 1418 1100 qui
1458 1022 1616 1081 iuxta
1646 1030 1810 1082 erant
1842 1021 2141 1101 obsequii,
2174 1030 2234 1081 ut

227 1123 342 1167 non
372 1105 656 1165 immerito
693 1105 765 1164 sit
796 1105 1028 1183 dictum,
1072 1122 1188 1165 nec
1218 1122 1464 1165 servu-m
1499 1104 1813 1166 meliorem
1842 1105 2032 1167 ullum
2052 1152 2069 1183 ,
2120 1124 2234 1167 nec

158 1208 210 1252 ιο
232 1189 597 1251 deteriorem
633 1189 944 1250 dominum
980 1188 1199 1267 fuisse.
1268 1188 1542 1250 Naturam
1569 1199 1760 1250 tamen
1790 1208 2025 1251 saevam
2057 1197 2229 1268 atque
2249 1193 2310 1246 ll

229 1272 577 1355 probrosam
607 1292 681 1333 ne
711 1283 849 1333 tuno
883 1272 1114 1351 quidem
1144 1272 1407 1333 inhibere
1439 1282 1692 1353 poterat,
1726 1276 1859 1353 quin
1892 1283 1952 1334 et
1982 1273 2230 1335 animad-

228 1356 596 1418 versionibus
627 1359 950 1436 poenisque
981 1357 1052 1418 ad
1081 1356 1426 1436 supplicium
1460 1357 1719 1418 datorum
1751 1357 2117 1437 cupidissime
2149 1359 2229 1417 in-

227 1450 520 1517 teresset,
571 1449 629 1501 et
671 1459 892 1518 ganeas
937 1450 1111 1519 atque
1143 1441 1424 1501 adulteria
1469 1442 1874 1520 capillamento
1920 1442 2140 1501 celatus
2174 1448 2232 1500 et

226 1534 397 1585 veste
427 1525 606 1602 longa
637 1524 904 1584 noctibus
939 1525 1147 1602 obiret,
1174 1543 1245 1585 ac
1278 1527 1582 1585 scaenicas
1605 1525 1849 1586 saltandi
1874 1524 2230 1604 canendique

156 1634 209 1675 15
228 1619 384 1671 artes
433 1608 855 1669 studiosissime
901 1616 1237 1688 appeteret:
1300 1609 1475 1669 facile
1526 1608 1582 1668 id
1626 1628 1765 1669 sane
1808 1608 2043 1669 Tiberio
2086 1609 2229 1687 pati-

230 1702 388 1770 ente,
438 1693 486 1752 si
533 1710 645 1771 per
685 1692 792 1752 has
839 1694 1207 1753 mansuefieri
1253 1702 1459 1772 posset
1507 1693 1692 1752 ferum
1744 1696 1867 1752 eius
1916 1693 2236 1774 ingenium.-

233 1776 405 1853 Quod
441 1777 849 1853 sagacissimus
874 1795 1059 1837 senex
1088 1778 1167 1837 ita
1203 1794 1446 1855 prorsus
1479 1785 1887 1856 perspexerat,
1919 1785 1980 1835 ut
2011 1776 2230 1854 aliquo·
2259 1835 2262 1836 γ

228 1862 381 1921 tiens
410 1859 793 1939 praedicaret,
829 1862 1005 1920 exitio
1037 1878 1141 1920 suo
1174 1862 1538 1939 omniumque
1579 1860 1776 1921 Gaium
1821 1861 2025 1920 vivere
2065 1868 2122 1920 et
2165 1878 2229 1920 se

226 1942 505 2005 natricem
545 1945 860 2025 [serpentis
891 1943 947 2005 id
978 1945 1189 2024 genus]
1224 1944 1288 2005 P.
1328 1946 1400 2006 R.
1439 1944 1858 2007 Phaethontem
1890 1944 2018 2005 orbi
2048 1953 2229 2006 terra·

153 2045 349 2089 sorum
382 2029 653 2089 educare.
1081 2098 1088 2105 ,

346 2112 481 2173 Non
521 2114 600 2172 ita
638 2113 817 2174 multo
863 2124 997 2194 post
1030 2113 1247 2174 Iuniam
1281 2112 1620 2175 Claudillam
1660 2114 1736 2176 M.
1773 2114 1953 2175 Silani
1990 2112 2315 2180 nobilis-12

227 2198 351 2257 simi
385 2197 494 2257 viri
521 2196 589 2258 F.
628 2197 786 2258 duxit
821 2216 1079 2258 uxorem.
1135 2197 1361 2258 Deinde
1394 2217 1577 2276 augur
1600 2200 1657 2258 in
1686 2200 1880 2259 locum
1915 2199 2111 2259 fratris
2142 2199 2232 2273 sui

223 2281 400 2342 Drusi
432 2281 779 2359 destinatus,
822 2282 981 2361 prius
1017 2299 1185 2360 quam
1230 2283 1671 2360 inauguraretur
1718 2281 1790 2343 ad
1837 2284 2230 2363 pontificatum

225 2364 521 2425 traductus
552 2375 642 2426 est
676 2368 887 2444 insigni
922 2367 1253 2426 testimonio
1299 2367 1531 2444 pietatis
1568 2375 1740 2446 atque
1782 2367 2024 2454 indolis,
2080 2375 2227 2442 cum,

160 2448 460 2509 zadeserta
490 2448 869 2529 desolataque
899 2450 1142 2529 reliquis
1187 2448 1459 2510 subsidiis
1490 2451 1638 2528 aula,
1684 2451 1895 2511 Seiano
1938 2453 2049 2511 iam
2096 2460 2230 2510 tunc

228 2540 508 2612 suspecto
532 2550 669 2594 mox
691 2543 750 2593 et
775 2550 1088 2613 oppresso,
1115 2533 1187 2594 ad
1220 2552 1384 2613 spem
1408 2535 1804 2594 successionis
1832 2534 2104 2615 paulatIm
2133 2533 2228 2594 ad-

225 2625 585 2676 moveretur.
669 2617 850 2692 Quam
897 2634 1011 2696 quo
1058 2619 1244 2695 magis
1290 2618 1686 2696 confirmaret,
1728 2619 1937 2678 amissa
1965 2617 2123 2677 Iunia
2155 2636 2231 2676 ex

225 2708 413 2780 partu,
444 2699 688 2761 Enniam
716 2700 1017 2779 Naevium,
1048 2702 1339 2764 Macronis
1374 2718 1635 2778 uxorem,
1674 2702 1771 2781 qui
1800 2709 1915 2760 tum
1945 2701 2228 2781 praetori-

227 2784 352 2844 anis
386 2783 722 2845 cohortibus
746 2795 1039 2865 praeerat,
1068 2784 1401 2846 sollicitavit
1424 2784 1495 2845 ad
1526 2794 1805 2865 stuprum,
1839 2784 2135 2864 pollicitus
2171 2792 2228 2844 et

153 2868 643 2928 somatrimonium
686 2887 877 2946 suum,
919 2871 969 2928 si
1012 2871 1228 2949 potitus
1268 2869 1511 2948 imperio
1560 2870 1792 2940 fuisset;
1838 2869 2027 2949 deque
2060 2864 2129 2929 ea
2159 2885 2225 2928 re

227 2959 287 3010 et
315 2951 442 3010 iure
476 2951 716 3012 iurando
765 2961 822 3012 et
868 2952 1260 3033 chirographo
1303 2954 1489 3013 cavit(
1562 2954 1677 3014 Per
1718 2954 1867 3015 hanc
1909 2955 2225 3013 insinuatus

223 3033 510 3113 Macroni,
542 3054 770 3096 veneno
801 3035 1094 3097 Tiberium
1126 3038 1439 3114 adgressus
1470 3046 1588 3117 est,
1631 3047 1693 3098 ut
1721 3037 1949 3118 quidam
1988 3037 2225 3116 opinan-

223 3127 334 3197 tur,
371 3119 727 3198 spirantique
761 3119 946 3181 adhuc
989 3121 1213 3182 detrahi
1244 3121 1471 3181 anulum
1502 3131 1592 3199 et,
1637 3122 1906 3202 quoniam
1941 3122 2226 3201 suspicio·

223 3220 355 3261 nem
386 3204 688 3264 retinentis
726 3203 929 3282 dabat,
965 3206 1257 3285 pulvinum
1289 3205 1455 3265 iussit
1484 3206 1654 3284 inici,
1698 3214 1871 3285 atque
1904 3207 2076 3268 etiam
2105 3207 2227 3267 fau-

157 3298 212 3341 25
226 3302 330 3346 ces
361 3304 531 3346 manu
562 3305 666 3348 sua
693 3290 1012 3368 oppressit,
1045 3289 1280 3368 liberto,
1313 3288 1413 3368 qui
1444 3289 1521 3350 ob
1553 3293 1917 3351 atrocitatem
1949 3291 2229 3352 facinoris

223 3369 685 3450 exclamaverat,
732 3374 1038 3434 confestim
1076 3374 1135 3433 in
1178 3391 1411 3434 crucem
1452 3382 1605 3435 acto.
1698 3372 1833 3434 -Nec
1880 3373 2155 3435 abhorret
2196 3389 2229 3431 a

220 3454 492 3532 veritate,
522 3471 650 3515 cum
675 3456 787 3515 sint
814 3457 1043 3537 quidam
1068 3466 1363 3534 auctores,
1394 3456 1584 3535 ipsum
1609 3466 1816 3537 postea
1862 3459 1972 3519 etsi
2000 3472 2116 3515 non
2152 3453 2225 3512 de

221 3538 520 3618 perfecto,
545 3548 601 3599 at
627 3548 789 3600 certe
813 3540 885 3602 de
913 3541 1169 3618 cogitato
1195 3539 1483 3619 quondam
1515 3540 1825 3622 parricidio
1858 3540 2224 3621 professum;
