2553 3960
959 214 1377 264 PRAEFATIO.
1962 217 2059 267 vn

248 375 701 450 proconsulatum
729 373 1108 445 Bithynicum,
1152 373 1212 429 id
1244 380 1332 429 est
1357 374 1501 430 intra
1540 393 1713 433 annos
1743 381 1809 438 97
1843 382 1898 433 et
1934 383 2064 443 108:

248 460 343 532 qui
374 459 521 514 enim
551 457 799 514 decimus
830 458 1062 514 inscribi
1099 458 1280 528 solet,
1310 458 1457 514 liber
1490 460 1793 530 singularis
1825 466 1913 516 est
1943 463 2065 534 epi-

247 544 514 599 stularum
559 542 630 597 ad
661 541 951 598 Traianum
984 548 1042 597 et
1075 559 1105 597 a
1141 541 1377 598 Traiano
1415 543 1693 614 datarum,
1715 557 1718 561 ·
1739 545 1902 615 isque
1932 551 2064 616 post

245 627 700 699 proconsulatum
733 626 961 681 circiter
991 641 1187 681 annum
1219 631 1319 683 112
1350 625 1533 683 editus
1568 632 1656 682 est
1683 628 1879 699 paucis
1909 645 2062 684 men-

246 711 403 767 sibus
434 715 561 765 ante
592 709 757 764 Plinii
788 715 1048 778 mortem,
1090 716 1150 764 ut
1188 709 1358 764 docet
1386 708 1609 766 Henzen
1647 712 1717 767 ad
1747 710 2060 767 Orellianas

245 792 651 865 Inscriptiones
681 799 717 853 3
743 809 800 864 p.
828 796 945 851 124.
1036 792 1268 864 Spectat
1307 792 1479 863 igitur
1508 793 1669 849 Plinii
1700 795 2062 867 epistularum

248 876 573 947 Tranquillo
607 876 1001 948 inscriptorum
1030 875 1411 932 vetustissima
1448 893 1621 932 annos
1647 877 1825 933 XXVI
1864 893 2064 948 egres-

244 977 399 1030 sum,
429 959 736 1016 novissima
769 959 1251 1030 quadragesimum
1276 961 1516 1016 nondum
1543 960 1873 1031 ingressum.
1923 961 2062 1018 Sunt

245 1059 386 1100 vero
410 1044 517 1098 hae
550 1049 852 1112 l‚18et24.
891 1049 1011 1112 3‚8.
1039 1051 1195 1113 5‚10.
1230 1049 1285 1113 9,
1308 1049 1393 1103 34.
1431 1050 1515 1114 10,
1538 1049 1608 1104 94
1629 1051 1685 1100 et
1706 1051 1773 1105 95
1802 1045 1891 1100 ed.
1911 1045 2057 1100 Keil.

244 1128 308 1182 ln
336 1126 425 1182 his
458 1126 714 1198 epistulis
754 1126 960 1190 Plinius
990 1127 1191 1182 honori
1235 1133 1293 1182 et
1337 1127 1635 1183 commodis
1669 1129 1866 1200 reique
1899 1129 2062 1185 fami-

246 1210 376 1266 liari
398 1208 652 1265 Suetonii
689 1210 743 1264 in
775 1210 1193 1266 contubernium
1230 1227 1388 1266 suum
1422 1211 1637 1282 recepti
1666 1212 1919 1270 omnibus
1944 1223 2062 1269 mo-
2109 1224 2112 1227 “

245 1294 334 1349 dis
366 1298 424 1347 et
452 1292 885 1363 diligentissime
919 1294 1176 1349 consulit.
1251 1294 1606 1350 Tribunatum
1636 1296 1931 1351 militarem
1960 1313 2062 1369 pe-

245 1376 389 1431 tenti
422 1375 737 1448 impetravit
773 1393 1078 1449 rursusque
1109 1377 1353 1448 petentis
1389 1378 1571 1449 gratia
1604 1379 1661 1433 in
1689 1379 2061 1451 propinquum

244 1461 488 1531 aliquem
525 1460 835 1530 transtulit,
879 1461 1099 1516 modico
1142 1461 1327 1533 pretio
1364 1461 1711 1533 praediolum
1749 1463 1874 1518 urbi
1919 1463 2062 1520 vici-

242 1561 372 1599 num
414 1542 709 1613 multisque
738 1544 908 1599 rebus
940 1545 1375 1601 commendatum
1418 1546 1795 1618 comparavit,
1837 1563 2060 1602 causam

243 1628 393 1700 apud
442 1627 818 1683 centumviros
871 1635 1121 1684 acturum
1173 1634 1229 1683 et
1279 1630 1496 1685 somnio
1546 1630 1903 1701 perterritum
1950 1646 2059 1685 non

243 1711 411 1767 modo
443 1709 635 1765 verbis
673 1711 995 1767 consolatus
1028 1718 1148 1782 est,
1193 1713 1294 1767 sed
1340 1712 1503 1767 etiam
1536 1713 1806 1769 dilatione
1848 1713 2061 1785 aliquot

242 1795 462 1850 dierum
497 1793 745 1864 expetita
778 1796 1159 1865 confirmavit,
1201 1796 1258 1850 in
1291 1796 1646 1867 expoliendis
1675 1796 1887 1854 libellis
1919 1813 2059 1868 quos

242 1879 448 1934 dudum
480 1877 805 1934 absolverat
832 1879 1053 1934 nimium
1090 1884 1436 1935 cunctantem
1466 1879 1753 1935 blanditiis
1786 1881 1856 1936 ad
1888 1882 2061 1937 eden-

243 1964 373 2019 dum
401 1962 730 2017 exhortatus
763 1968 866 2018 est.
927 1961 1118 2035 Neque
1152 1962 1330 2019 minus
1364 1963 1717 2034 Tranquillus
1749 1963 1929 2020 Plinio
1960 1964 2059 2020 de-

241 2063 369 2102 cem
406 2046 528 2100 fere
564 2046 721 2101 annis
763 2046 961 2102 maiori
993 2046 1413 2118 honoribusque
1440 2048 1663 2102 multum
1707 2048 2057 2104 antecedenti

240 2145 462 2186 omnem
484 2129 859 2185 reverentiam
884 2131 1207 2202 praestabat
1236 2137 1295 2186 et
1323 2130 1587 2200 consilio,
1613 2131 1660 2186 si
1682 2147 1786 2187 usu
1807 2137 2059 2199 venerat,

243 2213 581 2282 adiuvabat,
616 2213 858 2284 denique
889 2231 938 2269 a.
976 2219 1075 2273 109
1105 2230 1226 2269 cum
1253 2213 1703 2270 extraordinario
1737 2214 1970 2287 imperio
2001 2213 2056 2269 in

245 2296 556 2366 Bithyniam
588 2312 653 2351 ac
686 2296 914 2353 Pontum
938 2297 1165 2353 missum
1196 2297 1489 2354 comitatus
1512 2304 1615 2353 est.
1684 2296 1904 2370 Operae
1926 2315 2058 2370 pre-

242 2382 381 2435 tium
419 2385 505 2434 est
533 2379 726 2435 audire
761 2380 963 2450 quibus
994 2381 1184 2437 verbis
1216 2398 1287 2437 ex
1316 2381 1574 2451 Bithynia
1611 2399 1659 2438 a.
1697 2389 1799 2441 110
1829 2381 2057 2453 scriptis

242 2463 455 2518 Plinius
485 2462 662 2518 amico
691 2480 884 2535 parum
916 2464 1056 2519 felix
1088 2465 1489 2521 matrimonium
1519 2472 1755 2537 experto
1775 2464 1862 2520 ius
1892 2464 2056 2520 trium

240 2548 550 2604 liberorum
601 2563 631 2601 a
686 2547 922 2604 Traiano
980 2546 1220 2604 Caesare
1271 2548 1684 2619 impetraverit:
1743 2548 2055 2605 Suetonium

246 2631 628 2702 Tranquillum
644 2673 658 2697 ,
692 2630 904 2701 inquit,
928 2631 1318 2702 probissimum
1340 2630 1769 2687 honestissimum
1802 2632 2057 2688 eruditis-

238 2717 441 2770 simum
472 2715 673 2783 virum,
705 2718 758 2768 et
781 2728 963 2769 mores
989 2715 1105 2769 eius
1129 2719 1347 2769 secutus
1379 2720 1433 2768 et
1455 2715 1636 2769 studia
1650 2755 1665 2783 ,
1694 2716 1806 2769 iam
1831 2715 2054 2786 pridem

239 2800 296 2854 in
333 2796 745 2853 contubernium
777 2798 1067 2869 adsumpsi
1111 2802 1365 2870 tantoque
1404 2799 1580 2869 mayt’s
1616 2798 1841 2870 diligere
1882 2801 2055 2871 coepi,

236 2888 446 2955 quanto
472 2880 620 2936 hunc
642 2883 883 2952 propius
908 2883 1142 2953 inspexi.

366 2964 639 3031 Quantum
670 2981 743 3020 ex
772 2964 862 3021 bis
885 2964 1151 3021 Plinianis
1173 2964 1316 3022 locis
1339 2964 1663 3035 intelligere
1697 2965 1852 3034 licet,
1881 2966 2055 3022 Tran-

243 3049 451 3118 quillus
504 3048 673 3104 nullis
723 3048 1041 3103 muneribus
1089 3055 1184 3104 aut
1226 3048 1485 3104 militaris
1524 3054 1617 3104 aut
1664 3048 1924 3120 publicae
1966 3050 2052 3106 rei

242 3132 463 3187 functus
486 3132 760 3203 privatam
790 3148 857 3187 ac
888 3131 1417 3188 scholasticam
1449 3132 1658 3188 vitam
1687 3132 1899 3202 exegit,
1929 3131 2055 3189 dum

240 3214 474 3269 Plinium
508 3215 770 3287 epistulis
799 3214 1116 3271 scribendis
1148 3216 1372 3271 adiuvat
1406 3216 1688 3287 otiumque
1718 3216 1809 3272 vel
1849 3214 2053 3272 litteris

238 3297 511 3370 impendit
539 3299 631 3355 vel
667 3296 962 3370 discipulis
985 3298 1076 3354 vel
1109 3298 1425 3355 clientibus.
1489 3299 1629 3354 Hinc
1659 3300 1716 3355 fit
1746 3305 1806 3354 ut
1833 3316 1861 3355 s
1879 3300 2054 3355 cbo-

240 3381 578 3438 lasticum
610 3382 953 3437 hominem
992 3377 1062 3454 (i.
1089 3399 1139 3437 e.
1162 3382 1501 3438 rhetoricum
1536 3383 1916 3455 professorem
1946 3383 2053 3438 cfr.

240 3463 385 3521 infra
415 3482 468 3537 p.
503 3470 643 3537 271,
677 3460 776 3538 17)
812 3464 1019 3521 Plinius
1055 3473 1081 3523 l
1101 3506 1118 3535 ,
1147 3470 1217 3523 24
1247 3466 1523 3537 appellet,
1553 3455 1959 3542 γραμματικὸν
1998 3470 2054 3519 et
