2553 3960
938 258 1353 307 PRAEFATIO.
1832 264 1839 271 ’
1921 260 2048 307 XXI

222 419 293 476 nd
330 418 715 491 Stephaniana
757 417 1097 489 exemplaria
1124 417 1435 474 Memmiani
1470 418 1685 476 codicis
1715 418 2042 493 discrepan-

222 504 355 559 tiam
387 502 750 571 adnotarent,
787 516 1017 571 quorum
1053 502 1430 573 exemplorum
1467 502 1700 557 alterum
1733 503 1804 558 ad
1834 501 2042 559 Casan-

224 588 428 643 bonum
456 585 751 658 pervenit,
788 585 1022 640 alterum
1050 600 1153 656 per
1186 601 1378 641 manus
1411 585 1574 658 Casp.
1606 584 1851 655 Bartbii,
1886 586 2042 643 Gott-
2099 610 2109 615 ·

225 669 360 725 liebi
395 668 617 737 Xon-tte,
644 669 702 724 Ρ.
732 668 798 723 Ι).
824 667 1081 737 Longolii
1112 673 1169 722 et
1189 668 1275 723 Fr.
1301 669 1545 740 Augusti
1568 669 1737 725 Wolf
1757 676 2043 741 postremo

222 753 542 809 Berolinnm
579 753 823 809 delatum
853 758 973 820 est,
1009 751 1245 807 Memmii
1279 753 1635 824 possessoris
1679 768 1878 808 nomen
1908 770 2043 826 pro-

224 838 360 892 dere
389 837 632 892 nondum
670 829 1152 909 sustinuerunt¹⁰).
1240 836 1434 907 Itaque
1470 838 1673 892 fectum
1701 842 1820 906 est,
1861 844 1920 892 ut
1951 838 2043 894 vel

222 919 438 976 Pithoei
485 927 542 975 et
583 918 871 991 Obsopoei
918 919 1147 975 codices
1178 926 1743 976 commemorarentur
1772 922 1866 991 qui
1904 919 2041 976 nulli

223 1005 468 1072 fuerunt,
498 1003 588 1059 vel
620 1020 725 1075 pro
756 1002 998 1058 diversis
1032 1003 1459 1059 auctoritatibus
1489 1010 1911 1059 numerarentur
1942 1020 2042 1060 co-

223 1088 382 1144 dices
410 1086 783 1155 Turonensis,
816 1085 1170 1154 Pithoesnus,
1197 1087 1584 1157 Memmianus,
1615 1087 1707 1159 qui
1743 1104 1883 1143 unus
1917 1088 2039 1144 fuit.

222 1171 423 1227 Postea
461 1169 822 1226 Casaubonus
865 1170 935 1225 ad
978 1170 1279 1226 secundam
1317 1187 1470 1227 suam
1511 1171 1811 1227 editionem
1856 1171 2039 1228 corri-

220 1256 461 1326 gendam
506 1251 698 1310 Iacobi
739 1252 1009 1323 Memmii,
1061 1253 1291 1309 Henrici
1335 1254 1472 1325 mii,
1531 1255 1809 1311 beneficio
1858 1255 2038 1327 ipsum

220 1338 602 1393 Memmianum
628 1336 830 1392 librum
864 1337 1128 1393 utendum
1159 1338 1399 1410 accepit,
1427 1338 1707 1410 pauloque
1738 1345 1868 1410 post
1903 1356 2039 1394 eun-

221 1423 350 1478 dem
390 1422 459 1477 ad
503 1419 819 1477 casauboni
865 1422 1178 1492 exemplum
1221 1438 1271 1477 a.
1321 1426 1457 1481 1610
1499 1422 1829 1493 impressum
1874 1421 2039 1477 Clau-

220 1504 350 1561 dius
379 1505 684 1561 Salmasius
714 1503 966 1575 contulit,
1002 1505 1150 1575 quod
1182 1506 1493 1576 exemplum
1508 1499 1579 1578 ¹¹)
1614 1506 1685 1561 ad
1712 1522 1901 1562 manus
1931 1506 2040 1561 fuit

222 1588 478 1645 Scbildio
503 1606 553 1644 a.
571 1592 728 1657 164⁷,
753 1587 995 1644 Graevio
1020 1605 1069 1643 a.
1091 1593 1248 1658 1672,
1270 1589 1478 1645 Iacobo
1491 1588 1786 1644 Gronovio
1811 1606 1861 1644 a.
1882 1592 2038 1657 1698,

221 1671 626 1744 Oudendorpio
671 1688 722 1727 a.
767 1676 937 1741 1751,
977 1687 1122 1727 nunc
1151 1672 1357 1727 Leidae
1387 1677 1664 1727 servatur.
1755 1669 1838 1726 Ex
1865 1672 2038 1726 Mem-

220 1756 455 1812 miorum
482 1754 850 1828 possessione
875 1756 1093 1824 quando
1119 1755 1387 1825 egregius
1414 1753 1515 1809 ille
1551 1753 1697 1809 liber
1719 1754 1776 1810 in
1797 1753 2038 1810 Emerici

220 1839 421 1910 Bigot,
479 1839 573 1911 qui
619 1855 671 1894 a.
717 1843 855 1898 1689
896 1844 1145 1895 mortuus
1193 1844 1315 1907 est,
1358 1838 1759 1894 bibliothecam
1805 1855 1892 1895 no.
1937 1844 2039 1900 196

220 1923 546 1993 transierit,
590 1938 698 1978 non
728 1921 1004 1995 comperi;
1048 1922 1150 1978 sed
1192 1939 1242 1980 a.
1274 1926 1412 1983 1706
1444 1937 1565 1977 cum
1607 1922 1840 1995 reliquis
1866 1924 2041 1994 Bigo-

219 2008 391 2064 tianis
437 2013 652 2080 emptus
686 2012 741 2062 et
774 2022 865 2062 no.
897 2012 1036 2067 5984
1065 2002 1172 2075 (ita
1217 2008 1364 2080 apud
1392 2005 1782 2082 Montl'aucon)
1817 2013 2038 2064 notatus

222 2091 280 2148 in
307 2090 539 2162 Regiam
567 2090 965 2147 bibliothecam
994 2090 1181 2146 illatus
1213 2097 1321 2146 est.
1395 2091 1479 2147 Ibi
1506 2090 1766 2147 Richardi
1799 2090 2039 2147 Bentleii

221 2174 379 2231 iussu
427 2172 622 2250 (quem
678 2173 935 2230 Suetonii
987 2174 1289 2230 editionem
1338 2180 1725 2246 praeparatum
1774 2173 2038 2231 habuisse

224 2275 484 2315 noramus
516 2275 547 2313 e
575 2257 771 2313 Diario
803 2258 1022 2313 Veneto
1056 2263 1123 2317 18
1150 2275 1204 2329 p.
1219 2263 1343 2329 458,
1375 2258 1630 2329 pluribus
1658 2258 2037 2314 intelleximus

222 2341 394 2398 editis
428 2359 479 2397 a.
519 2347 654 2403 1842
680 2341 921 2397 Bentleii
953 2340 1233 2413 epistolis,
1265 2342 1336 2396 de
1370 2341 1569 2412 quibus
1600 2342 1917 2413 expositum
1953 2348 2040 2396 est

222 2427 281 2481 iu
324 2426 519 2482 Museo
560 2426 821 2481 Rhenano
861 2430 899 2483 8
949 2443 1004 2497 p.
1060 2432 1147 2484 13.
1191 2421 1313 2499 21.)
1353 2425 1732 2481 Memmianum
1785 2424 2039 2480 codicem

224 2526 369 2566 anno
395 2508 624 2564 circiter
657 2513 792 2568 1719
827 2507 1189 2580 inspexerunt
1215 2509 1454 2565 Ioannes
1475 2508 1782 2564 Walkerus
1814 2514 1870 2563 et
1892 2509 2038 2564 Tho-

223 2610 339 2649 mas
352 2593 657 2661 Bentleius‚
680 2591 940 2648 Richardi
966 2608 1037 2647 ex
1063 2592 1238 2648 fratre
1262 2591 1430 2661 filius,
1457 2592 1616 2646 cuius
1649 2591 1733 2646 rei
1764 2591 1864 2646 ille
1884 2607 2038 2646 men-

222 2674 432 2733 tionem
467 2676 603 2732 fecit
629 2675 687 2731 in
717 2675 993 2731 adnotatis
1025 2675 1095 2731 ad
1121 2674 1450 2730 Ciceronem
1478 2675 1549 2730 de
1578 2674 1807 2729 deorum
1845 2680 2035 2731 natura

223 2766 289 2829 2,
332 2765 400 2820 57
448 2760 504 2815 in
542 2758 837 2815 Davisisna
877 2758 1162 2828 editione,
1205 2756 1299 2813 hic
1333 2757 1404 2813 ad
1439 2756 1733 2813 Caesarem
1766 2758 1835 2812 de
1881 2758 2035 2814 bello

224 2843 378 2900 civili
419 2851 470 2912 1,
506 2851 533 2901 1
568 2858 710 2899 anno
743 2847 881 2903 1742
909 2859 941 2898 a
981 2858 1043 2898 se
1072 2840 1297 2897 editum.

225 2973 289 3022 tis
337 2973 537 3038 inepte,
582 2973 669 3036 qui
698 2972 908 3022 Parisiis
946 2987 1046 3023 non
1083 2973 1263 3022 vixerit
1309 2983 1357 3022 et
1396 2971 1617 3022 Gesnero
1659 2980 1786 3023 teste
1829 2981 1945 3023 ante
1987 2988 2036 3023 a.

224 3040 361 3092 1539
390 3049 620 3091 mortuus
654 3041 735 3091 sit.

366 3107 459 3173 10)
498 3108 674 3170 Solus,
710 3116 953 3173 quantum
983 3109 1088 3160 scio
1106 3147 1123 3168 ,
1164 3106 1264 3157 XV
1295 3108 1498 3158 saeculo
1531 3109 1806 3172 Dionysius
1838 3108 2039 3159 Lambi-

223 3193 321 3227 nus
375 3179 429 3227 in
474 3178 889 3229 adnotationibus
937 3178 1003 3227 ad
1047 3177 1321 3227 Aemilium
1365 3177 1584 3227 Probum
1635 3190 1683 3227 a.
1740 3176 1870 3227 1568
1919 3192 2037 3227 con-

140 3281 147 3290 .
223 3247 427 3312 scriptis
455 3247 614 3312 (clm.
640 3246 687 3296 1.
723 3246 834 3297 Dat.
861 3245 948 3297 86.
987 3246 1150 3295 Hann.
1178 3245 1270 3308 51)
1306 3246 1535 3295 Erricum
1566 3244 1857 3296 Memmium
1892 3261 2041 3312 egre-

223 3316 364 3380 gium
399 3315 631 3366 Suetonii
664 3314 890 3365 codicem
922 3322 1019 3365 ms.
1039 3315 1176 3364 domi
1212 3313 1399 3364 habere
1436 3321 1608 3379 aperte
1644 3313 1908 3378 professus
1944 3324 2038 3367 est.

360 3385 447 3449 11)
483 3385 611 3435 Inde
648 3381 952 3433 Salmasiani
988 3383 1178 3433 codicis
1210 3382 1433 3441 mentio;
1468 3396 1531 3430 ne
1568 3383 1706 3447 apud
1737 3383 1904 3446 ipsum
1926 3386 2039 3444 qui-

223 3451 673 3574 ⁴‹itt'tbueaeSulmasium
703 3451 848 3501 aliter
880 3452 1123 3517 scriptum
1159 3451 1323 3515 reperi
1363 3464 1510 3512 quam
1544 3451 1611 3501 V.
1636 3449 1688 3499 C.
1718 3450 1797 3499 vel
1832 3451 2042 3512 optimus
