2553 3960
999 258 1417 308 PRAEFATIO.
1811 259 2107 308 LXXXVII

265 413 456 492 tetffi).
549 417 809 474 Omnium
849 422 1087 490 optimus
1145 426 1202 475 et
1253 437 1325 475 ex
1375 419 1762 490 antiquissimo
1810 418 2097 475 derivatus

268 507 359 558 est
391 503 539 558 liber
574 500 883 558 Bernensis
914 507 1047 573 370,
1085 504 1179 574 qui
1211 518 1342 559 raro
1385 503 1730 574 reliquorum
1766 518 1875 574 ope
1906 518 2095 559 emen-

269 586 398 641 dari
443 593 667 659 potest,
714 586 986 643 ‘nonnulla
1035 587 1187 642 solus
1237 593 1393 642 recte
1450 582 1805 661 servavitffi).
1895 586 1984 641 Ad
2039 585 2093 643 id

268 670 591 740 exemplum
644 669 756 724 duo
804 668 1073 725 librorum
1122 687 1334 741 genera
1385 671 1524 727 satis
1572 670 1720 725 inter
1768 687 1832 726 se
1871 669 2094 725 diversa

266 760 329 807 et
359 752 510 808 fluxa
553 753 664 808 ssde
707 752 940 808 alterum
972 755 1151 810 altero
1183 755 1381 809 melius
1412 753 1572 825 quasi
1607 753 1843 809 alternis
1873 751 2094 808 vicibus

266 837 555 891 accedere
598 835 802 891 solent.
887 836 1081 892 Priore
1125 838 1486 893 Cassellanus
1523 836 1829 893 Wittianus
1876 834 2097 892 Beroli-

269 918 467 974 nensis
507 936 631 975 cum
662 919 910 977 editione
949 921 1204 993 principe
1245 920 1583 990 continetur,
1612 921 1849 976 alterum
1880 919 2098 975 Monte-

268 1003 612 1074 pessulanus
659 1009 716 1057 et
755 1002 1046 1059 Parisinus·
1071 1008 1208 1063 7502
1250 1004 1589 1075 longiusque
1633 1005 1782 1059 baud
1827 1019 1959 1060 raro
1996 1003 2097 1059 ab-

267 1091 533 1141 errantes
560 1086 846 1143 Parisinus
867 1092 1005 1147 8039
1030 1094 1085 1142 et
1106 1087 1411 1144 ‘Beruensis
1439 1093 1505 1146 45
1538 1104 1660 1143 cum
1688 1087 1912 1143 Canteri
1944 1085 2096 1142 libro

264 1169 641 1224 constituunt.
732 1168 865 1225 Cum
918 1171 1113 1242 priore
1167 1170 1341 1242 igitur
1397 1187 1607 1241 genere
1650 1169 1950 1229 Beruensis
1993 1169 2094 1226 ille

269 1256 380 1311 370
409 1253 478 1308 ab
517 1252 683 1308 initio
717 1253 1090 1310 additamento
1123 1254 1400 1310 nominum
1430 1254 1577 1310 liber
1613 1261 1718 1325 est,
1745 1272 1867 1311 cum
1897 1258 2095 1327 poste-

267 1336 432 1391 riore
462 1337 674 1391 nullum
709 1338 1039 1393 vocabulum
1072 1338 1386 1395 desiderari
1414 1355 1615 1410 passus
1649 1345 1737 1395 est
1763 1357 1821 1412 p.
1851 1343 1976 1408 299,
2008 1341 2097 1394 20.

265 1425 364 1477 21.
409 1425 498 1480 36.
594 1420 829 1491 Singula
862 1422 1131 1478 notabilia
1162 1423 1303 1478 haec
1336 1423 1457 1478 fere
1487 1429 1643 1478 sunt:

403 1509 542 1574 299,
590 1507 655 1562 15
698 1521 735 1558 a
777 1504 1462 1576 Baumgarten—CrusiuS,
1507 1525 1543 1560 a
1586 1508 1683 1564 Cn.
1732 1506 1951 1562 Weber
1988 1521 2095 1578 pro

263 1605 398 1643 cum
434 1583 449 1666 Ι
486 1605 613 1644 cum
658 1589 917 1661 Pompeio
959 1607 996 1643 α
1033 1589 1274 1646 Caesare
1313 1591 1537 1647 Grotius
1578 1583 1587 1667 Ι
1624 1595 1695 1648 24
1732 1591 1999 1644 recitante
2034 1602 2097 1643 se

267 1673 550 1728 Canterus
582 1689 688 1745 pro
724 1676 1003 1742 recitante,
1046 1678 1355 1743 recitantes,
1402 1670 1719 1728 recitantem
1756 1665 1767 1749 Ι
1803 1678 1872 1729 25
1911 1685 2096 1726 reces-

266 1758 412 1811 sisse
459 1757 605 1812 Bern
632 1761 753 1815 370.
843 1760 1068 1813 recessit
1109 1758 1214 1815 Par
1235 1764 1393 1818 8039.
1482 1757 1760 1813 Neronem
1803 1757 2096 1810 recessisse

267 1839 571 1896 Canterus.
659 1856 784 1895 cum
827 1844 1144 1897 recessisset
1189 1841 1549 1897 Omnibonus.
1639 1841 1957 1896 recessisset
2002 1855 2094 1895 re-

268 1923 412 1995 liqui
451 1916 463 2003 Ι
502 1929 574 1985 26
592 1924 832 1995 posthae
859 1925 1114 1986 Par7502
1151 1918 1163 2006 Ι
1200 1932 1270 1987 28
1297 1928 1490 1982 emisso
1519 1924 1657 1982 Edd.
1695 1920 1887 1999 (male.
1925 1922 2094 1979 Simi-

269 2007 406 2063 liter
439 2009 599 2063 alvus
629 2009 772 2064 deici
815 2016 870 2065 et
912 2011 1246 2066 descendere
1275 2010 1512 2081 dicitur,
1551 2009 1680 2082 equi
1714 2015 1957 2064 ventrem
1992 2006 2089 2079 fa-

267 2089 443 2166 cere),
498 2083 509 2170 Ι
559 2099 630 2152 33
672 2096 876 2149 multus
929 2093 1269 2150 Omnibonus
1322 2112 1425 2165 pro
1480 2096 1659 2150 multis
1709 2087 1719 2167 Ι
1779 2099 1849 2153 36
1887 2106 2091 2163 parem

270 2175 534 2231 omittunt
567 2193 759 2233 omnes
795 2185 1020 2251 praeter
1050 2179 1193 2233 Beru
1207 2184 1332 2238 370.
1386 2179 1629 2250 Montep.
1666 2178 1940 2237 Pax-7502.

411 2291 507 2350 81)
563 2292 640 2342 De
684 2291 1028 2341 Beruensibus
1086 2306 1170 2341 no.
1209 2293 1278 2340 45
1330 2300 1380 2341 et
1414 2290 1518 2343 370
1558 2291 1679 2341 olim
1722 2289 2091 2355 Bongarsiauis

266 2377 412 2412 saec.
444 2358 512 2409 X.
553 2360 757 2425 scriptis
788 2359 1045 2424 copiosius
1078 2361 1287 2425 exponit
1319 2358 1501 2410 Sinner
1521 2376 1572 2425 p.
1602 2357 1720 2410 507.
1747 2357 1868 2408 510.
1939 2357 2089 2408 Eine-

267 2431 389 2480 dem
427 2429 610 2478 aetatis
643 2428 877 2478 dicuntur
909 2443 1024 2478 esse
1059 2428 1278 2478 Parisini
1318 2428 1483 2495 Regii,
1516 2427 1643 2477 alter
1671 2441 1757 2477 no,
1793 2425 1932 2477 7502
1969 2427 2091 2475 olim

270 2496 616 2556 Colbertinus,
652 2497 779 2546 alter
819 2495 1109 2547 8039-01im
1145 2496 1359 2546 Thuani.
1432 2496 1552 2545 Illos
1587 2511 1701 2546 mea
1737 2496 1904 2562 gratia
1936 2494 1991 2545 C.
2029 2493 2088 2544 L.

270 2568 353 2617 de
386 2564 699 2631 Steiger,
733 2564 829 2615 hos
864 2566 986 2617 Iac.
1014 2565 1367 2616 Hunziker
1400 2563 1732 2627 contulerant,
1766 2579 1876 2613 cum
1911 2573 2090 2628 postea

270 2634 483 2686 eosdem
541 2636 596 2683 in
637 2634 912 2699 scriptione
948 2634 1234 2691 academica
1275 2631 1442 2685 Caroli
1489 2632 1571 2681 Fr.
1603 2632 1796 2683 Weber
1829 2631 2087 2695 Marburgi

271 2720 321 2758 a.
362 2701 502 2753 1⁸56
550 2702 688 2751 edita
735 2712 839 2751 tam
889 2701 1164 2769 diligenter
1209 2702 1418 2752 collatos
1461 2701 1663 2765 reperi,
1711 2709 1767 2750 ut
1815 2698 2087 2749 admodum

341 2787 436 2821 nea
473 2768 601 2820 mihi
631 2770 804 2821 relicta
841 2771 942 2821 sint
979 2771 1059 2821 vel
1093 2770 1328 2821 addenda
1366 2770 1443 2818 vel
1491 2768 1824 2818 emendanda.
1880 2792 1948 2803 —
2015 2767 2088 2815 De

323 2838 723 2906 ontepessulano
760 2854 844 2892 no,
881 2839 1010 2900 113,
1050 2839 1171 2889 olim
1213 2839 1423 2888 Buherii
1448 2838 1801 2899 Divionensis,
1852 2852 1986 2887 saec.
2016 2834 2084 2885 IX

270 2917 493 2959 exeunte
523 2908 713 2973 scripto
744 2907 836 2957 cfr.
866 2907 1141 2973 catalogue
1176 2908 1385 2973 general
1414 2908 1504 2958 des
1536 2906 1842 2957 manuscrits
1872 2906 1966 2957 des
1997 2905 2082 2955 de-

269 2985 588 3043 partements
625 2976 650 3025 1
688 2993 740 3042 p.
790 2974 908 3026 325.
981 2977 1228 3028 Collatum
1260 2975 1436 3026 habuit
1472 2975 1858 3042 Oudendorpiua
1896 2990 1926 3023 a
1959 2974 2083 3024 Dor·

269 3046 432 3097 rillio,
474 3072 542 3081 —
579 3045 904 3095 Casseuanus
944 3046 1071 3096 liber
1116 3061 1248 3096 saec.
1288 3042 1399 3094 ΧΠ.
1440 3053 1489 3094 et
1516 3043 1860 3093 Berolinensis
1893 3058 1977 3093 no.
2019 3042 2086 3093 35

271 3129 404 3164 saec.
444 3112 589 3168 XIV.
629 3114 766 3180 apud
800 3113 1078 3164 Weberum
1106 3114 1273 3165 collati
1307 3113 1641 3178 reperiuntur.
1682 3139 1748 3147 —-
1782 3111 2087 3177 Deperditus

270 3198 386 3232 esse
404 3182 607 3231 videtur
643 3183 805 3232 codex
834 3197 966 3232 saec.
992 3182 1060 3236 X.
1093 3184 1155 3232 ab
1181 3182 1537 3247 Oudendorpio
1573 3194 1676 3230 non
1710 3181 1836 3231 satis
1866 3179 2086 3247 diligen-

272 3262 351 3300 ter
387 3250 632 3311 collatuS,
672 3266 820 3314 quem
858 3251 979 3301 olim
1019 3251 1249 3302 Sixtinus
1284 3260 1333 3300 et
1367 3250 1567 3307 Sixius‚
1604 3264 1652 3300 a.
1695 3251 1829 3300 1727
1868 3250 2085 3300 loannes

271 3318 337 3368 de
370 3317 501 3368 Witt
536 3318 828 3385 possidebat
863 3329 1067 3370 senator
1100 3317 1605 3370 Amstelodamensis.

409 3386 504 3451 82)
539 3387 670 3437 Male
699 3403 748 3454 p.
777 3388 912 3450 299,
949 3389 1017 3441 37
1051 3397 1118 3449 et,
1152 3404 1206 3455 p.
1243 3386 1378 3448 300,
1415 3387 1449 3439 6
1482 3388 1681 3437 venalia
1715 3386 1884 3436 outieit
1922 3385 2082 3446 solue,

273 3472 321 3519 p.
351 3454 470 3514 299,
505 3454 574 3505 34
594 3458 944 3518 praedicenda
970 3457 1122 3507 habet
1151 3470 1266 3505 cum
1301 3455 1575 3520 plerisque.
1624 3455 1765 3505 Idem
1788 3454 1931 3503 solue
1949 3460 2085 3501 recte

272 3539 322 3585 p.
350 3523 469 3584 299,
493 3524 562 3575 25
589 3529 878 3587 recessisse,
903 3542 954 3593 p.
977 3524 1097 3587 300,
1128 3523 1161 3575 3
1181 3525 1420 3574 exaravit
1441 3522 1676 3572 ostendit.
