2553 3960
1003 215 1212 264 mvns
1247 216 1631 266 AUGUSTUS.
2228 207 2306 270 61

292 368 503 431 mutuis
531 370 745 449 iunxit,
791 370 1252 449 promptissimus
1298 372 1588 433 affinitatis
1634 374 1911 452 cuiusque
1957 381 2129 452 atque
2175 374 2310 435 ami-

299 456 467 516 citiae
501 452 848 514 conciliator
884 463 942 514 et
972 454 1193 526 fautor;
1240 474 1354 516 nec
1385 457 1555 516 aliter
1588 457 1893 517 universos
1938 475 2105 537 quam
2135 477 2310 519 mem-

299 539 405 600 bra
436 539 737 618 partisque
768 539 996 617 imperii
1031 557 1205 601 curae
1237 539 1467 618 habuit,
1512 549 1805 601 rectorem
1838 558 2071 621 quoque
2106 543 2309 603 solitus

300 640 605 703 apponere
635 630 826 682 aetate
859 623 1053 701 parvis
1084 633 1180 683 aut
1207 634 1401 685 mente
1436 625 1650 702 lapsiS,
1682 624 1869 686 donec
1901 625 2311 687 adolescerent

251 728 280 769 s
304 717 399 768 aut
443 707 894 785 resipiscerent;
942 724 1012 767 ac
1055 708 1428 786 plurimorum
1474 708 1696 768 liberos
1740 717 1798 769 et
1846 707 2113 771 educavit
2144 710 2310 770 simul

303 810 430 852 cum
460 792 581 850 suis
611 800 669 851 et
701 790 955 850 instituit.

418 874 511 935 Ex
533 874 872 935 militaribus
908 875 1095 954 copiis
1127 874 1398 953 legiones
1426 886 1484 936 et
1516 876 1728 937 auxilia
1761 877 2165 956 provinciatim
2201 877 2312 938 dis·
2327 886 2398 941 49

295 957 524 1037 tribuit,
568 959 816 1019 classem
843 959 1050 1019 Miseni
1095 966 1154 1019 et
1196 959 1438 1021 alteram
1465 961 1783 1022 Ravennae
1827 960 1900 1021 ad
1939 961 2176 1021 tutelam
2208 962 2312 1022 Su-

296 1045 427 1123 peri
458 1005 524 1103 et,
549 1042 727 1103 Inferi
758 1045 932 1103 maris
962 1043 1326 1121 conlocavit,
1376 1052 1631 1105 ceterum
1672 1063 1968 1105 numerum
2013 1047 2218 1124 partim
2256 1046 2314 1104 in

223 1148 280 1192 ιο
298 1126 458 1188 urbis
489 1128 693 1205 partim
727 1127 786 1186 in
820 1127 907 1186 sui
939 1126 1256 1188 custodiam
1288 1128 1538 1206 adlegit,
1571 1111 1830 1189 dimissa
1841 1127 2310 1206 Calagurritano-

296 1230 424 1273 rum
452 1228 650 1288 manu,
689 1228 858 1289 quam
888 1228 1073 1290 usque
1108 1212 1178 1272 ad
1212 1211 1500 1272 devictum
1530 1212 1874 1292 Antonium,
1908 1216 2043 1273 item
2077 1212 2310 1274 Germa·

296 1313 536 1372 norum,
589 1295 757 1374 quam
806 1312 990 1374 usque
1044 1294 1116 1355 ad
1170 1296 1394 1357 cladem
1434 1298 1741 1358 Varianam
1791 1299 1938 1357 inter
1988 1300 2312 1376 armigeros

301 1381 461 1441 circa
490 1397 555 1438 se
586 1377 883 1439 habuerat.
962 1378 1170 1459 Neque
1216 1390 1406 1440 tamen
1448 1399 1714 1460 umquam
1760 1381 1960 1460 plures
1994 1398 2160 1460 quam
2191 1391 2313 1442 tres

302 1463 578 1525 cohortes
627 1464 685 1521 in
727 1462 871 1523 urbe
916 1481 1050 1523 esse
1096 1481 1306 1542 passus
1356 1473 1447 1524 est
1477 1482 1696 1544 easque
1733 1467 1859 1525 sine
1895 1466 2133 1542 castris,
2178 1465 2312 1524 reli-

226 1566 281 1607 1⁸
302 1566 449 1628 quas
482 1548 539 1605 in
568 1545 809 1607 hiberna
840 1556 898 1606 et
933 1548 1154 1609 aestiva
1188 1550 1345 1609 circa
1377 1549 1611 1608 finitima
1657 1549 1873 1629 oppida
1907 1548 2190 1610 dimittere
2222 1566 2311 1609 as-

298 1640 515 1694 suerat.
594 1630 882 1711 Quidquid
929 1640 1117 1691 autem
1169 1632 1386 1711 ubique
1444 1633 1684 1693 militum
1732 1642 1923 1710 esset,
1976 1632 2045 1692 ad
2097 1641 2313 1693 certam

299 1715 717 1796 stipendiorum
761 1718 1265 1795 praemiorumque
1317 1716 1619 1777 formulam
1675 1717 2011 1792 adstrinxit,
2064 1716 2312 1776 definitis

300 1817 409 1879 pro
443 1799 628 1878 gradu
658 1800 936 1879 cuiusque
968 1810 1028 1860 et
1061 1800 1422 1880 temporibus
1454 1801 1692 1861 militiae
1737 1809 1795 1860 et
1824 1800 2144 1861 commodis
2179 1801 2310 1861 mis-

301 1885 557 1961 sionum,
605 1904 678 1945 ne
721 1893 817 1945 aut
863 1893 1055 1945 aetate
1105 1895 1200 1945 aut
1230 1887 1425 1964 inopia
1456 1893 1592 1965 post
1632 1885 1966 1945 missionem
2007 1883 2308 1946 sollicitari

221 1968 369 2031 zoad
407 1986 504 2029 res
548 1986 735 2029 novas
778 1978 1039 2048 possent.
1113 1970 1310 2049 thue
1353 1978 1641 2050 perpetuo
1689 1988 1759 2031 ac
1805 1970 1930 2030 sine
1973 1968 2310 2030 difficultate

295 2061 558 2132 sumptus
597 2052 669 2113 ad
698 2053 945 2115 tuendos
977 2071 1083 2114 eos
1117 2054 1680 2134 prosequendosque
1726 2062 2104 2133 suppeteret,
2147 2071 2307 2114 aera-

293 2140 439 2203 rium
470 2137 715 2198 militare
753 2156 878 2198 cum
908 2137 1299 2216 vectigalibus
1330 2140 1499 2198 novis
1533 2140 1845 2199 constituit.

422 2220 499 2282 Et
548 2238 664 2301 quo
714 2222 963 2282 celerius
1007 2240 1076 2282 ac
1121 2222 1225 2283 sub
1272 2241 1495 2282 manum
1539 2221 1857 2283 adnuntiari
1909 2223 2310 2301 cognoscique

299 2315 533 2386 posset,
582 2305 718 2385 quid
759 2307 815 2366 in
848 2308 1150 2385 provincia
1195 2324 1425 2385 quaque
1456 2315 1793 2384 gereretur,
1834 2307 2077 2367 iuvenes
2121 2307 2307 2385 primo

221 2389 541 2451 asmodicis
575 2390 897 2450 intervallis
933 2408 1038 2468 per
1072 2390 1332 2451 militaris
1361 2393 1517 2468 vias,
1564 2390 1772 2450 dehinc
1814 2389 2082 2451 vehicula
2112 2390 2307 2468 dispo-

300 2474 430 2535 suit.
503 2471 874 2534 Commodius
906 2474 962 2533 id
992 2476 1175 2535 visum
1209 2485 1330 2552 est,
1379 2485 1437 2536 ut
1466 2476 1564 2552 qui
1595 2492 1627 2533 a
1663 2473 1800 2534 loco
1833 2475 2132 2554 perferunt
2159 2474 2307 2534 litte-

294 2576 428 2633 ras,
459 2558 811 2637 interrogari
848 2575 1115 2637 quoque,
1147 2561 1197 2619 si
1230 2558 1367 2637 quid
1395 2578 1493 2618 res
1525 2559 1796 2635 exigant,
1830 2559 2075 2637 possint.
2128 2557 2194 2617 In
2226 2557 2306 2617 di·
2325 2563 2394 2616 50

296 2640 648 2722 plomatibus
688 2641 1023 2720 libellisque
1075 2653 1133 2704 et
1184 2643 1452 2722 epistolis
1493 2640 1791 2719 signandis
1841 2642 2000 2700 initio
2061 2640 2308 2719 sphinge

297 2744 437 2786 usus
490 2734 614 2802 est,
665 2742 805 2786 mox
859 2728 1111 2805 imagine
1164 2727 1361 2805 Magni
1415 2723 1763 2802 Alexandri,
1816 2725 2129 2784 novissime
2187 2742 2308 2800 sua,

225 2809 660 2871 ”Dioscuridis
689 2828 855 2870 manu
889 2812 1147 2892 sculpta,
1193 2829 1305 2890 qua
1337 2812 1574 2889 signare
1609 2810 1856 2870 insecuti
1890 2825 2121 2888 quoque
2154 2809 2308 2888 prin-

300 2896 466 2973 cipes
514 2905 982 2974 perseverarunt.
1060 2896 1152 2956 Ad
1199 2895 1482 2975 epistolas
1526 2895 1709 2954 omnis
1753 2894 2022 2956 horarum
2074 2910 2308 2970 quoque

294 2985 584 3040 momenta
616 2997 727 3039 nec
764 2979 878 3040 diei
907 2979 1081 3041 modo
1121 2980 1226 3041 sed
1256 2990 1316 3039 et
1358 2979 1583 3056 noctis,
1630 2978 1838 3058 quibus
1882 2978 2051 3040 datae
2092 2978 2307 3056 signifi-

298 3071 597 3140 carentur,
632 3062 899 3124 addebat.

424 3144 780 3208 Clementiae
814 3148 1216 3227 civilitatisque
1248 3150 1372 3210 eius
1416 3148 1590 3210 multa
1634 3157 1693 3209 et
1732 3165 1940 3226 magna
1969 3146 2310 3209 documenta
2325 3162 2390 3214 51

222 3239 447 3292 assunt.
514 3230 605 3292 Ne
638 3248 996 3312 enumerem,
1030 3242 1171 3312 quot
1200 3243 1258 3294 et
1289 3251 1438 3312 quos
1472 3234 1830 3294 diversarum
1864 3234 2107 3312 partium
2137 3235 2307 3295 venia

297 3324 356 3375 et
383 3315 782 3377 incolumitate
813 3316 1058 3378 donatos
1088 3318 1413 3397 principem
1449 3319 1619 3379 etiam
1649 3320 1707 3377 in
1740 3319 1974 3377 civitate
2003 3317 2195 3377 locum
2224 3327 2307 3376 te·
2383 3322 2388 3328 ’

296 3417 438 3459 nere
482 3417 691 3479 passus
735 3402 838 3461 sit:
894 3401 1112 3461 Iunium
1150 3401 1438 3463 Novatum
1484 3412 1541 3461 et
1579 3401 1844 3463 Cassium
1889 3401 2220 3461 Patavinum
2272 3416 2305 3455 e

298 3482 476 3561 plebe
511 3482 774 3545 homines
825 3484 1065 3546 alterum
1109 3488 1391 3565 pecunia,
1435 3486 1677 3547 alterum
1718 3486 1837 3546 levi
1881 3483 2059 3546 exilio
2101 3482 2307 3561 punire
