2553 3960
207 178 326 240 196
405 189 464 237 ο.
491 189 792 238 snn'rom
825 189 1078 250 TRANQ.
1111 190 1207 237 DE
1236 190 1403 237 vrrA
1437 189 1805 238 CAESARUM
1835 191 1974 239 Lm.
1999 190 2096 240 vl.

205 342 311 404 δεῖ
324 338 398 404 ἐν
421 351 560 415 τοῖς
581 335 910 416 τοιούτοις
940 380 1014 391 -
1042 335 1161 424 ἄγε
1186 343 1402 425 ἔγειρε
1423 336 1744 405 osam-ov!
1784 344 2019 421 Iamque
2043 348 2205 422 equi-

203 439 295 488 tes
319 428 892 508 appropinquabant,
928 428 1134 508 quibus
1175 438 1552 508 praeceptum
1590 438 1716 489 erat
1753 438 1812 489 ut
1846 429 2037 487 vivum
2074 446 2206 488 eum

205 511 597 573 adtraherent.
643 512 814 587 Quod
837 522 898 572 ut
922 514 1124 590 sensit,
1150 512 1511 592 trepidanter
1537 513 1775 572 effatus:

292 585 552 656 Ἵππων
572 589 630 675 μ’
661 586 1036 659 ὠκυπόδων
1059 586 1231 676 ἀμφὶ
1254 588 1506 668 κτύπος
1528 585 1737 657 οὔατα
1778 588 2016 674 βάλλει
2038 630 2116 641 -

205 681 422 741 ferrum
446 681 647 758 iugulo
673 680 887 759 adegit,
925 682 1155 741 iuvante
1185 680 1592 759 Epaphrodito
1628 699 1661 741 a
1693 680 1929 743 libellis.
1986 681 2203 740 Semia-
2222 702 2246 740 s

205 765 490 843 nimisque
517 764 703 825 adhuc
727 766 1068 844 irrumpenti
1093 766 1415 825 centurioni
1442 774 1499 824 et
1520 765 1770 844 paenula
1796 764 1868 825 ad
1886 765 2093 825 vulnus
2108 763 2203 824 ad-

209 849 400 929 posita
435 849 492 907 in
538 849 803 909 auxilium
843 867 908 909 se
945 850 1179 908 venisse
1216 848 1500 909 simulanti
1543 867 1660 909 non
1706 848 1860 909 aliud
1904 847 2208 927 respondit

208 951 376 1013 quam
396 931 593 994 Sero!
617 942 676 993 et
697 930 873 994 Haec
894 940 990 994 est
1003 933 1199 1012 fides!
1243 933 1438 1011 Atque
1461 933 1519 991 in
1541 950 1612 993 ea
1646 950 1798 993 voce
1835 932 2080 1010 defecit,
2107 951 2204 992 ex·

207 1017 459 1079 tentibus
483 1016 923 1096 rigentibusque
949 1018 1138 1078 oculis
1161 1035 1346 1095 usque
1367 1015 1439 1077 ad
1473 1017 1780 1077 horrorem
1815 1016 2203 1077 formidinem-

209 1119 323 1180 que
362 1102 685 1161 visentium.
765 1099 919 1160 Nihil
954 1103 1112 1180 prius
1151 1109 1245 1160 aut
1280 1100 1466 1177 magis
1504 1119 1536 1160 a
1576 1100 1881 1161 comitibus
1920 1109 2206 1178 exegerat
2228 1124 2275 1164 ιο

209 1203 378 1264 quam
413 1203 487 1243 ne
536 1193 800 1263 potestas
838 1185 1100 1263 cuiquam
1139 1185 1348 1262 capitis
1387 1185 1476 1243 sui
1512 1185 1715 1261 fieret,
1758 1184 1862 1245 sed
1894 1192 1954 1244 ut
1973 1202 2206 1264 quoquo

208 1269 382 1328 modo
407 1275 563 1327 totus
601 1277 973 1327 cremaretur.
1016 1268 1283 1329 Permisit
1317 1268 1435 1328 hoc
1454 1266 1671 1346 Icelus,
1694 1268 1916 1330 Galbae
1941 1269 2206 1345 libertus,

209 1370 327 1413 non
350 1351 530 1411 multo
556 1360 688 1411 ante
725 1351 973 1411 vinculis
998 1353 1269 1413 exolutus
1285 1398 1303 1430 ,
1341 1355 1399 1411 in
1422 1369 1571 1430 quae
1595 1355 1781 1431 primo
1807 1353 2044 1413 tumultu
2071 1369 2206 1413 con·

214 1438 401 1517 iectus
431 1437 636 1495 fuerat.

126 1527 197 1578 50
335 1519 657 1580 Funeratus
684 1521 1062 1600 estimpensa
1087 1520 1464 1581 ducentorum
1487 1521 1730 1597 milium,
1760 1520 2032 1598 stragulis
2061 1519 2207 1579 albis
2230 1547 2278 1588 15

213 1622 355 1666 auro
391 1604 655 1679 intextiS,
693 1604 899 1682 quibus
920 1622 1058 1664 usus
1092 1604 1186 1665 Kl.
1220 1604 1341 1666 Ian.
1367 1605 1576 1665 fuerat.
1636 1605 1937 1683 Reliquias
1974 1603 2208 1681 Ecloge

213 1699 270 1749 et
293 1687 647 1750 Alexandria
672 1692 926 1749 nutrices
949 1708 1074 1750 cum
1087 1688 1239 1750 Acte
1268 1689 1590 1750 concubina
1611 1688 2211 1767 gentiliDomitiorum

212 1775 563 1833 monimento
591 1771 992 1851 condiderunt,
1019 1773 1175 1852 quod
1201 1775 1558 1853 prospicitur
1580 1791 1615 1833 e
1639 1790 1847 1852 campo
1871 1773 2079 1834 Martio
2111 1773 2209 1831 im-

214 1858 462 1936 positum
487 1854 626 1916 colli
646 1854 1042 1917 Hortulorum.
1087 1856 1153 1917 In
1179 1875 1253 1918 eo
1279 1858 1632 1918 monimento
1658 1857 1865 1918 solium
1885 1855 2209 1936 porphyre-

213 1942 313 2002 tici
340 1941 660 2017 marmoris,
687 1949 1051 2020 superstante
1073 1941 1321 2003 Lunensi
1346 1960 1477 2020 ara,
1518 1942 1966 2021 circumseptum
2004 1949 2097 2001 est
2128 1939 2209 2000 la-
2228 1957 2281 1999 το

218 2026 350 2105 pide
371 2024 603 2085 Thasio.

131 2119 195 2171 51
347 2109 576 2168 Statura
605 2108 709 2167 fuit
730 2125 920 2189 prope
944 2110 1111 2186 iusta,
1142 2127 1399 2189 corpore
1423 2110 1724 2172 maculoso
1745 2118 1802 2169 et
1816 2108 2054 2186 faetido,
2079 2107 2209 2167 sub-

216 2193 369 2254 flavo
390 2190 631 2270 capillo,
660 2191 819 2251 vultu
844 2192 1090 2270 pulchro
1109 2196 1296 2271 magis
1322 2211 1498 2273 quam,
1511 2203 1782 2269 venusto,
1808 2193 1998 2254 oculis
2019 2192 2212 2252 caesis

217 2286 276 2337 et
299 2274 730 2351 hebetioribus,
763 2279 998 2336 cervice
1033 2276 1243 2354 obesa,
1282 2289 1485 2338 ventre
1523 2279 1827 2359 proiecto,
1871 2276 2212 2356 gracillimis

218 2359 502 2435 cruribus,
526 2358 838 2420 valitudine
862 2378 1152 2440 prospera
1168 2362 1327 2441 (nam
1340 2363 1438 2441 qui
1458 2362 1719 2423 luxuriae
1743 2361 2211 2422 immoderatissi·
2229 2385 2282 2426 2¹,

216 2462 342 2504 mae
368 2450 547 2520 esset,
578 2451 669 2503 ter
691 2446 923 2505 omnino
950 2463 1059 2524 per
1084 2445 1541 2524 quattuordecim
1567 2463 1748 2508 annos
1776 2446 2015 2524 languit,
2038 2453 2211 2523 atque

214 2531 292 2588 ita
307 2536 366 2587 ut
388 2544 581 2605 neque
596 2528 733 2589 vino
751 2547 944 2608 neque
962 2530 1380 2591 consuetudine
1403 2531 1628 2610 reliqua
1645 2529 1961 2592 abstineret
1978 2528 2028 2606 ;)
2053 2529 2213 2589 circa

217 2612 428 2672 cultum
452 2610 821 2692 habitumque
847 2612 994 2675 adeo
1019 2613 1321 2692 pudendus
1338 2660 1356 2692 ,
1392 2624 1453 2675 ut
1480 2632 1704 2676 comam
1738 2632 1972 2693 semper
1994 2613 2053 2672 in
2074 2630 2210 2690 gra-

217 2696 322 2757 dus
356 2697 658 2757 formatam
701 2698 1175 2776 peregrinatione
1223 2698 1483 2761 Achaica
1519 2701 1692 2760 etiam
1724 2716 1881 2778 pone
1932 2698 2213 2757 verticem

218 2780 577 2856 summiserit,
604 2800 673 2842 ac
700 2780 1060 2861 plerumque,
1093 2782 1482 2858 synthesinam
1502 2783 1759 2859 indutus,
1786 2783 1968 2860 ligato
1995 2782 2211 2841 circum
2232 2802 2282 2843 30

218 2865 430 2926 collum
469 2862 704 2926 sudario
746 2865 1027 2945 prodierit
1072 2867 1130 2926 in
1165 2866 1457 2947 publicum
1508 2868 1633 2928 sine
1678 2868 1869 2927 cinctu
1912 2874 1971 2926 et
2005 2863 2212 2925 discal-

219 2951 419 3010 ciatus.

134 3038 202 3090 ω
338 3032 621 3095 Liberalis
644 3033 984 3113 disciplinas
1010 3035 1196 3095 omnis
1216 3036 1344 3095 fere
1369 3054 1515 3114 puer
1539 3036 1745 3113 attigit.
1805 3034 1923 3095 Sed
1956 3051 1989 3094 a
2024 3032 2211 3113 philo-

217 3114 426 3192 sophia
459 3134 588 3177 eum
612 3128 797 3179 mater
813 3119 1040 3197 avertit,
1065 3121 1673 3199 monensimperaturo
1687 3120 2034 3180 contrariam
2048 3134 2211 3181 esse:

219 3217 253 3260 a
278 3200 615 3274 cognitione
637 3212 896 3263 veterum
933 3212 1227 3263 oratorum
1262 3204 1491 3265 Seneca
1527 3211 1901 3283 praeceptor,
1938 3219 2055 3281 quo
2091 3200 2286 3263 diu-35

218 3283 332 3341 tius
355 3282 414 3339 in
439 3281 816 3346 admiratione
848 3286 936 3347 sui
962 3285 1267 3347 detineret.
1307 3287 1512 3367 Itaque
1547 3288 1619 3349 ad
1657 3287 1946 3367 poeticam
1971 3303 2211 3364 pronus,

222 3364 475 3424 carmina
495 3364 746 3427 libenter
767 3386 840 3429 ac
862 3371 989 3430 sine
1010 3370 1215 3432 labore
1239 3374 1577 3453 composuit
1591 3389 1735 3450 nec,
1766 3380 1829 3432 ut
1856 3369 2083 3450 quidam
2111 3386 2212 3448 pu·

223 3454 359 3520 tant,
385 3446 574 3507 aliena
596 3465 706 3526 pro
730 3451 850 3510 suis
872 3453 1067 3514 edidit.
1116 3457 1354 3517 Venere
1377 3460 1434 3517 in
1462 3474 1664 3519 manus
1697 3472 1858 3516 meas
1892 3452 2215 3535 pugillares
