2553 3960
889 251 1099 300 mvus
1125 250 1618 300 VESPAsmNth.
2125 235 2248 296 227

255 418 380 469 ctus
411 418 535 485 est,
569 417 627 468 ut
658 416 717 469 et
745 407 1058 469 industriae
1093 417 1378 487 expertae
1408 426 1519 467 nec
1550 405 1891 466 metuendus
1921 405 2040 464 ullo
2073 403 2246 465 modo

255 492 330 553 ob
367 492 739 552 humilitatem
768 492 1007 571 generis
1038 511 1108 553 ac
1139 493 1404 552 nominis.
1497 490 1725 551 Additis
1747 491 1921 567 igitur
1944 488 2016 549 ad
2042 490 2246 567 copias

252 575 472 637 duabus
502 576 852 654 legionibus,
889 583 1023 636 octo
1058 576 1185 653 aliS,
1225 574 1568 636 cohortibus
1611 574 1843 650 decem,
1888 581 2060 651 atque
2099 574 2249 633 inter

251 661 486 737 legatos
515 662 734 720 maiore
766 661 882 721 filio
915 669 1237 739 assumpto,
1268 669 1330 719 ut
1362 661 1603 738 primum
1636 660 1996 737 provinciam
2042 656 2248 734 attigit,

206 766 233 806 5
253 745 549 824 proximas
582 761 816 823 quoque
854 745 1141 805 convertit
1171 745 1229 802 in
1257 762 1357 820 se,
1403 752 1673 803 correcta
1709 744 1896 802 statim
1930 749 2247 802 castrorum

252 828 578 907 disciplina,
614 845 847 906 unoque
878 835 936 887 et
966 828 1153 888 altero
1189 827 1422 906 proelio
1460 836 1573 887 tam
1607 834 1942 888 constanter
1972 826 2147 900 inito,
2191 832 2249 883 ut

251 914 309 971 in
342 912 781 991 oppugnatione
814 911 1042 973 castelli
1086 911 1298 991 lapidis
1338 913 1517 971 ictum
1557 929 1745 989 genu,
1797 918 1962 970 scuto
2009 910 2248 985 sagittas

252 996 477 1075 aliquot
511 997 836 1075 exceperit.

374 1080 517 1141 Post
550 1078 851 1140 Neronem
883 1078 1264 1157 Galbamque,
1298 1078 1524 1139 Othone
1559 1096 1629 1139 ac
1659 1078 1901 1139 Vitellio
1934 1076 2006 1137 de
2038 1078 2248 1156 princi·

180 1188 230 1228 to
251 1174 386 1242 patu
420 1162 798 1240 certantibus,
835 1165 891 1223 in
924 1182 1090 1243 spem
1120 1163 1349 1243 imperii
1378 1165 1564 1239 venit,
1609 1163 1719 1223 iam
1748 1162 1967 1242 pridem
2001 1160 2111 1220 sibi
2144 1179 2251 1240 per

252 1248 400 1310 haec
433 1257 662 1310 ostenta
699 1257 1065 1327 conceptam.

368 1331 434 1393 In
467 1332 797 1394 suburbano
829 1331 1163 1393 Flaviorum
1194 1348 1446 1409 quercus
1480 1332 1730 1410 antiqua,
1758 1349 1906 1410 quae
1933 1338 2057 1390 erat
2080 1328 2249 1390 Marti

248 1434 437 1492 sacra,
471 1434 579 1494 per
609 1425 731 1475 tres
765 1417 1095 1495 Vespasiae
1126 1423 1354 1494 partus,
1401 1415 1664 1493 singulos
1707 1423 1952 1493 repente
1990 1430 2182 1473 ramos
2212 1429 2248 1472 a

249 1500 456 1561 frutice
490 1498 667 1576 dedit,
701 1498 852 1561 haud
883 1499 1055 1559 dubia
1087 1500 1251 1576 signa
1285 1499 1458 1558 futuri
1501 1500 1782 1577 cuiusque
1821 1498 1952 1558 fati:
2008 1500 2248 1576 primum

180 1601 229 1648 ts
250 1583 463 1644 exilem
499 1591 558 1642 et
589 1584 703 1644 cito
737 1583 1085 1660 arefactum,
1120 1582 1402 1661 (ideoque
1436 1581 1630 1660 puella
1660 1591 1792 1642 nata
1819 1599 1934 1641 non
1966 1599 2247 1661 peranna-

249 1668 360 1745 vit)
395 1666 708 1727 secundum
741 1665 1139 1744 praevalidum
1169 1683 1238 1725 ac
1269 1664 1560 1743 prolixum
1603 1674 1662 1724 et
1695 1667 1789 1743 qui
1820 1682 2085 1742 magnam
2119 1665 2247 1725 feli-

250 1752 482 1811 citatem
512 1750 914 1828 portenderet,
948 1750 1176 1810 tertium
1208 1766 1354 1809 vero
1389 1749 1566 1808 instar
1601 1748 1845 1809 arboris.
1921 1749 2114 1825 Quare
2147 1766 2246 1828 pa-

246 1844 393 1895 trem
425 1832 697 1895 Sabinum
725 1834 938 1909 ferunt,
970 1833 1305 1913 haruspicio
1335 1833 1571 1911 insuper
1595 1835 2008 1910 confirmatum,
2039 1851 2244 1893 renun-

247 1920 426 1980 tiasse
457 1918 642 1997 matri,
675 1924 951 1998 nepotem
983 1919 1038 1978 ei
1069 1915 1379 1979 Caesarem
1411 1918 1693 1996 genitum3
1734 1937 1846 1978 nec
1888 1919 2040 1979 illam
2086 1918 2243 1998 quic·

174 2024 230 2065 20
251 2021 418 2083 quam
461 2002 613 2063 aliud
659 2021 825 2084 quam
873 2003 1286 2080 cachinnasse,
1331 2003 1660 2080 mirantem,
1721 2003 1889 2083 quod
1933 2002 2140 2064 adhuc
2176 2020 2247 2063 se

243 2088 463 2150 mentis
496 2092 780 2167 compote
808 2084 1112 2148 deliraret
1138 2088 1264 2147 iam
1294 2087 1463 2165 filius
1490 2105 1659 2147 sutae.

370 2173 549 2249 Mox,
593 2189 719 2231 cum
764 2170 1012 2232 aedilem
1060 2190 1189 2231 eum
1235 2170 1302 2231 C.
1351 2169 1599 2248 Caesar,
1646 2188 2004 2231 succensens
2049 2189 2244 2231 curam

242 2256 547 2318 verrendis
580 2257 688 2316 viis
724 2273 840 2315 non
871 2254 1203 2334 adhibitam,
1243 2255 1364 2316 luto
1397 2254 1668 2316 iussisset
1697 2255 1929 2336 oppleri
1957 2266 2243 2333 congesto

246 2360 353 2421 per
380 2340 594 2400 milites
627 2342 683 2399 in
720 2349 1067 2419 praetextae
1104 2341 1308 2417 sinum,
1344 2357 1458 2399 non
1488 2339 1794 2400 defuerunt
1829 2340 1925 2419 qui
1957 2340 2242 2420 interpre-

171 2432 536 2502 25tarentur,
581 2423 925 2502 quandoque
974 2425 1370 2503 proculcatam
1401 2424 1803 2502 desertamque
1832 2443 1953 2484 rem
1998 2443 2056 2504 p.
2088 2423 2241 2484 civili

247 2509 435 2587 aliqua
468 2505 906 2586 perturbatione
937 2508 994 2567 in
1027 2508 1264 2568 tutelam
1293 2508 1418 2567 eius
1440 2526 1517 2580 ac
1554 2509 1714 2568 velut
1742 2510 1798 2567 in
1829 2509 2109 2603 gremium
2143 2507 2239 2567 de·
2352 2555 2357 2558 ,

244 2602 560 2653 venturam.

364 2675 688 2736 Prandente
720 2693 793 2736 eo
831 2674 1150 2754 quondam,
1194 2676 1355 2736 canis
1387 2678 1672 2737 extrarius
1721 2694 1754 2735 e
1795 2677 1967 2737 trivio
2014 2694 2239 2736 manum

244 2759 541 2819 humanam
571 2758 756 2819 intulit
783 2777 1136 2838 mensaeque
1183 2758 1446 2820 subiecit.
1526 2758 1817 2822 Caenante
1858 2779 2089 2838 rursus,
2129 2760 2237 2822 bos

169 2866 224 2908 30
248 2852 445 2903 arator
482 2842 733 2903 decusso
774 2844 912 2921 iugo
950 2843 1255 2903 triclinium
1304 2845 1538 2923 irrupit,
1592 2863 1663 2905 ac
1702 2845 1916 2923 fugatis
1966 2846 2238 2905 ministris

127 2939 146 2946 ·
243 2929 407 3007 quasi
439 2935 684 3008 repente
715 2926 985 2987 defessus
1017 2927 1270 3005 procidit
1300 2927 1371 2988 ad
1415 2930 1580 3008 ipsos
1612 2928 2008 2990 accumbentis
2053 2929 2237 3009 pedes

242 3011 649 3091 cervicemque
696 3012 991 3071 summisit.
1080 3011 1275 3072 Arbor
1327 3030 1561 3092 quoque
1617 3031 1930 3092 cupressus
1980 3014 2037 3073 in
2086 3030 2234 3093 agro

239 3099 394 3157 avito
429 3097 553 3156 sine
585 3095 704 3156 ulla
736 3097 790 3157 vi
813 3098 1173 3175 tempestatis
1201 3096 1404 3157 evulsa
1427 3098 1698 3158 radicitus
1724 3107 1896 3176 atque
1921 3107 2233 3178 prostrata,

241 3181 566 3259 insequenti
606 3179 697 3240 die
730 3180 970 3241 viridior
1004 3198 1073 3240 ac
1102 3181 1323 3241 firmior
1351 3182 1691 3241 resurrexit.

169 3281 221 3323 35
360 3264 438 3324 At
468 3265 525 3324 in
557 3264 777 3326 Achaia
807 3264 1134 3341 somniavit,
1168 3265 1386 3325 initium
1419 3265 1529 3324 sibi
1562 3265 1799 3344 suisque
1823 3265 2119 3326 felicitatis
2146 3266 2229 3325 fu-

237 3356 455 3425 turum,
493 3349 660 3409 simul
691 3368 761 3410 ac
791 3348 935 3409 dens
965 3347 1183 3409 Neroni
1229 3358 1534 3428 exemptus
1580 3360 1767 3418 esset;
1818 3350 2128 3428 evenitque
2172 3357 2230 3406 ut

239 3433 503 3510 sequenti
534 3432 625 3493 die
658 3451 1011 3513 progressus
1041 3434 1098 3493 in
1142 3435 1343 3494 atrium
1378 3432 1635 3494 medicus
1677 3433 1905 3494 dentem
1941 3434 1995 3491 ei
2035 3438 2226 3490 osten-

237 3515 423 3591 deret,
459 3524 790 3596 tantumque
829 3517 982 3598 quod
1013 3528 1361 3598 exemptum.
1687 3603 1810 3662 ¹5*

2280 1096 2312 1147 5
