2553 3960
242 357 344 409 21·

175 1188 308 1247 .22

327 177 448 238 234
484 188 542 236 c.
579 186 878 236 sumom
909 187 1166 247 TRANQ.
1198 188 1293 234 ms:
1323 188 1488 236 vrrA
1525 188 1894 237 CAESARUM
1929 190 2070 238 mn.
2096 190 2252 237 vm.

448 342 716 404 Ordinem
749 343 899 402 vitae
934 341 1083 402 hunc
1120 341 1247 403 fere
1289 344 1490 403 tenuit.
1560 343 1626 403 In
1674 344 2006 424 principatu
2048 345 2326 406 maturius

324 446 558 506 semper
589 446 659 488 ac
691 428 764 488 de
796 435 968 486 nocte
1000 426 1347 502 evigilabat;
1381 426 1515 487 dein
1554 427 1837 506 perlectis
1887 428 2157 508 epistolis
2191 430 2327 490 offi-

327 514 658 591 ciorumque
691 512 937 572 omnium
967 510 1296 588 breviariis,
1336 513 1558 571 amicos
1590 511 1943 589 admittebat,
1975 530 2047 573 ac
2073 512 2206 572 dum
2239 532 2328 574 sa-

324 596 564 673 lutatur,
609 605 668 656 et
711 594 997 655 calciabat
1036 595 1165 672 ipse
1203 613 1269 654 se
1317 604 1376 654 et
1431 595 1771 663 amiciebat;
1830 605 2084 675 postque
2125 597 2329 658 decisa

325 698 721 760 quaecumque
767 677 1143 738 obvenissent
1188 680 1457 755 negotia,
1512 680 1824 756 gestationi
1869 689 1928 739 et
1967 679 2098 740 inde
2146 683 2328 759 quieti
2355 697 2375 735 ι

323 764 589 841 vacabat,
625 762 945 824 accubante
974 761 1165 840 aliqua
1196 762 1588 842 pallacarum,
1634 781 1778 842 quas
1809 763 1867 822 in
1898 763 2089 824 locum
2126 764 2327 831 defun-

325 858 453 909 ctae
488 846 758 909 Caenidis
792 846 1067 926 plurimas
1117 848 1529 917 constituerat;
1576 865 1609 906 a
1652 855 1888 907 secreto
1936 848 1992 905 in
2035 847 2327 908 balineum

321 933 743 1010 tricliniumque
775 930 1074 990 transibat.
1147 930 1275 990 Nec
1304 930 1426 990 ullo
1457 939 1722 1009 tempore
1754 931 1985 992 facilior
2015 941 2111 992 aut
2143 932 2325 992 indul·

323 1017 557 1094 gentior
588 1015 847 1091 traditur,
882 1032 1066 1093 eaque
1101 1022 1393 1074 momenta
1428 1013 1733 1074 domestici
1763 1014 1835 1074 ad
1866 1014 2083 1093 aliquid
2123 1024 2325 1095 peten-

325 1099 457 1159 dum
487 1116 847 1176 magnopere
878 1097 1211 1175 captabant.
2348 1114 2398 1156 ιο

451 1181 526 1242 Et
579 1199 755 1260 super
796 1197 1035 1241 caenam
1086 1191 1275 1241 autem
1330 1189 1391 1240 et
1447 1197 1682 1259 semper
1737 1181 1882 1242 alias
1944 1182 2325 1261 comissimus,

323 1266 497 1328 multa
527 1267 660 1326 ioco
693 1264 1080 1341 transigebat;
1125 1274 1249 1326 erat
1291 1265 1443 1324 enim
1485 1264 1810 1326 dicacitatis
1852 1265 2169 1345 plurimae,
2215 1268 2327 1326 etsi

325 1350 586 1411 scurrilis
618 1359 677 1409 et
706 1347 1009 1425 sordidae,
1058 1356 1119 1408 ut
1146 1368 1220 1409 ne
1264 1350 1649 1428 praetextatis
1683 1348 1914 1428 quidem
1954 1351 2152 1410 verbis
2193 1350 2324 1410 abs-

323 1437 550 1495 tineret.
631 1432 706 1493 Et
737 1442 924 1492 tamen
956 1432 1228 1492 nonnulla
1280 1434 1403 1492 eius
1437 1432 1790 1494 facetissima
1833 1442 2064 1511 extant,
2107 1436 2166 1494 in
2201 1436 2323 1514 qui-

324 1519 431 1579 bus
461 1527 519 1578 et
547 1518 714 1578 haec.
772 1517 1070 1578 Mestrium
1098 1516 1334 1576 Florum
1363 1517 1749 1594 consularem,
1777 1517 2100 1578 admonitus
2127 1518 2200 1579 ab
2229 1537 2324 1596 eo,
2346 1535 2397 1578 ιε

323 1602 666 1683 plaustra
689 1604 881 1681 potius
918 1619 1083 1680 quam
1121 1600 1414 1679 plostra
1437 1600 1700 1678 dicenda,
1728 1611 1972 1680 postero
1998 1601 2090 1661 die
2114 1602 2323 1663 Flau-

323 1704 472 1746 rum
503 1685 790 1746 salutavit.
857 1684 1239 1764 Expugnatus
1280 1694 1468 1744 autem
1514 1702 1547 1744 a
1590 1685 1862 1764 quadam,
1912 1686 2075 1764 quasi
2122 1703 2323 1746 amore

324 1788 430 1830 suo
462 1769 787 1849 deperiret,
837 1786 962 1828 cum
1007 1768 1324 1848 perductae
1372 1785 1480 1847 pro
1527 1770 1838 1830 concubitu
1882 1771 2152 1831 sestertia
2183 1788 2321 1849 qua-

324 1854 626 1931 dringenta
654 1852 946 1929 donasset,
973 1853 1319 1914 admonente
1344 1852 1770 1930 dispensatore,
1799 1872 1968 1933 quem
1993 1853 2064 1914 ad
2087 1854 2323 1915 modum

325 1955 595 1999 summam
624 1935 941 1999 rationibus
977 1937 1158 1998 vellet
1191 1936 1414 2015 inferri,
1457 1933 1869 2022 Vespasiano,
1903 1938 2119 2018 inquit,
2157 1937 2319 1999 ada·
2341 1961 2391 2005 ιο

240 2021 850 2086 23ma10.Utebatur
882 2031 939 2081 et
980 2021 1246 2081 versibus
1280 2018 1528 2081 Graecis
1559 2023 1915 2101 tempestive
1955 2022 2113 2127 satis.
2142 2030 2201 2082 et
2248 2023 2321 2083 de

325 2105 571 2185 quodam
602 2121 885 2200 procerae
911 2114 1161 2166 staturae
1186 2105 1624 2205 improbiusque
1643 2116 1813 2167 nato:

559 2176 781 2266 μακρὰ
799 2180 1015 2267 βιβάς,
1052 2184 1369 2268 κραδάων
1398 2182 1820 2267 δολιχόσκιον
1863 2189 2081 2268 ἔγχος·

323 2281 381 2332 et
409 2271 480 2331 de
513 2269 725 2331 Cerulo
751 2270 985 2348 liberto,
1024 2274 1118 2352 qui
1158 2272 1320 2332 dives
1351 2272 1650 2333 admodum
1677 2273 1752 2333 ob
1785 2272 2323 2350 subterfugiendum

325 2355 719 2435 quandoque
692 2374 790 2416 vms
820 2356 991 2416 fisci
973 2374 1280 2433 ingenuum
1313 2374 1378 2416 se
1413 2366 1471 2416 et
1499 2356 1809 2418 Lachetem
1842 2364 2055 2416 mutato
2085 2359 2321 2418 nomine
2340 2381 2392 2423 ιιι

323 2448 605 2518 coeperat
629 2439 818 2501 ferre:

1356 2542 1407 2582 ω
1438 2515 1695 2625 Λάχης,
1741 2515 1992 2602 Λάχης,

637 2596 805 2668 ἐπὰν
838 2595 1222 2687 ἀποθάνῃς,
1267 2587 1470 2678 αὖθις
1511 2601 1576 2680 ἐξ
1623 2598 1824 2688 ἀρχῆς
1852 2606 1988 2668 ἔσει

624 2682 956 2771 Κήρυλος.

319 2776 564 2838 Maxime
592 2784 780 2836 tamen
800 2774 1160 2834 dicacitatem
1188 2772 1554 2834 adfectabat
1537 2791 1594 2833 ιιι
1624 2773 1977 2835 deformibus
2006 2774 2219 2851 lucris,
2257 2784 2318 2836 ut
2336 2798 2391 2841 30

318 2860 582 2920 invidiam
608 2859 795 2938 aliqua
832 2856 1198 2918 cavillatione
1233 2856 1481 2918 dilueret
1529 2857 1985 2937 transferretque
2020 2857 2093 2919 ad
2136 2858 2314 2920 sales.

441 2942 737 3019 Quendam
778 2960 810 3001 e
843 2942 992 3002 caris
1023 2942 1298 3000 ministris
1345 2940 1831 3022 dispensationem
1878 2942 2101 3002 cuidam
2148 2946 2315 3021 quasi

320 3029 481 3087 fratri
517 3035 811 3107 petentem
846 3043 972 3085 cum
1005 3024 1356 3102 distulisset,
1396 3027 1583 3104 ipsum
1612 3023 1973 3085 candidatum
2003 3026 2075 3086 ad
2106 3045 2173 3086 se
2207 3045 2313 3087 vo-

324 3111 502 3178 cavit;
537 3120 858 3189 exactaque
891 3110 1169 3189 pecunia,
1212 3117 1478 3187 quantam
1506 3111 1555 3170 is
1599 3126 1726 3169 cum
1772 3109 2161 3187 suffragatore
2203 3129 2312 3172 suo

323 3194 660 3271 pepigerat,
701 3196 824 3254 sine
867 3211 1028 3254 mora
1076 3192 1392 3259 ordinavit:
1435 3191 1828 3273 interpellanti
1867 3211 2006 3254 mox
2048 3196 2385 3256 ministroes

323 3272 525 3335 Alium
556 3239 696 3351 tib'i,
729 3279 839 3354 ait,
874 3295 1106 3358 quaere
1144 3277 1451 3354 fratrem,·
1492 3275 1628 3355 hic,
1679 3294 1854 3355 quem
1891 3283 2059 3338 tuum
2094 3285 2309 3356 patae,

323 3375 490 3417 meus
520 3364 626 3418 est.
690 3359 1001 3421 Mulionem
1034 3362 1091 3420 in
1119 3361 1325 3421 itinere
1357 3361 1602 3440 quodam
1642 3361 1970 3440 suspicatus
2019 3362 2092 3421 ad
2137 3362 2312 3423 calci-

326 3438 499 3498 andas
530 3437 708 3499 mulas
743 3441 1070 3520 desiluisse,
1102 3453 1163 3504 ut
1194 3443 1421 3505 adeunti
1451 3445 1726 3522 litigatori
1772 3446 2019 3524 spatium
2051 3463 2312 3506 moram-

2519 1899 2534 1947 A
