2553 3960
311 188 395 251 94
456 199 517 248 o.
550 198 847 248 sum-om
877 199 1130 260 TRANQ.
1164 200 1260 247 DE
1288 200 1457 248 vrrA
1488 199 1857 249 CAESARUM
1886 201 2025 250 Lm.
2054 201 2158 250 111:

312 354 547 437 peculio
569 353 820 415 referret
848 363 1113 435 accepta.
1152 353 1310 416 Nihil
1340 374 1416 418 ex
1443 374 1517 417 eo
1548 359 1812 437 tempore
1842 356 2318 434 praetermissum

315 449 404 502 est
435 440 507 500 ad
530 440 885 499 maiestatem
919 441 1043 499 eius
1075 438 1418 518 augendam,
1445 457 1515 500 ac
1542 439 1722 501 multo
1752 440 1939 517 magis
1966 449 2100 519 post
2124 458 2314 519 quam,

312 524 581 604 Agrippa
611 522 876 583 abdicato
909 532 1080 601 atque
1112 526 1402 603 seposito,
1436 534 1656 585 certum
1686 533 1832 600 erat,
1865 524 1962 584 uni
1990 542 2157 605 spem
2181 542 2312 584 suc·

228 617 294 673 16
313 609 597 670 cessionis
637 606 999 678 incumbere;
1049 606 1178 667 data
1207 626 1407 668 rursus
1437 616 1697 688 potestas
1726 607 2031 670 tribunicia
2060 609 2115 668 in
2150 610 2314 688 quin-

309 694 647 773 quennium,
685 690 988 769 delegatus
1023 691 1322 771 pacandae
1356 691 1695 753 Germaniae
1728 701 1940 770 status,
1972 692 2358 758 Parthorumn

307 777 515 854 legati,
545 774 824 836 mandatis
855 774 1124 853 Augusto
1152 776 1377 836 Romae
1405 776 1675 855 redditis,
1723 794 1851 836 eum
1884 793 2115 856 quoque
2152 774 2317 836 adire

306 862 365 920 in
411 860 711 939 provincia
752 860 909 920 iussi.
973 858 1091 920 Sed
1133 861 1387 921 nuntiata
1424 859 1644 936 Illyrici
1688 860 2046 937 defectione,
2090 860 2316 921 transiit

307 943 380 1005 ad
414 963 607 1005 curam
637 944 775 1003 novi
801 943 974 1021 belli,
1007 942 1192 1022 quod,
1223 946 1624 1022 gravissimum
1658 945 1904 1006 omnium
1939 953 2314 1007 externorum

306 1027 596 1090 bellorum
627 1036 763 1107 post
791 1026 1036 1105 Punica,
1069 1046 1177 1107 per
1208 1028 1532 1107 quindecim
1563 1029 1832 1106 legiones
1863 1045 2181 1108 paremque
2210 1045 2312 1087 au-

306 1111 575 1172 xiliorum
607 1113 832 1191 copiam
863 1112 1111 1172 triennio
1142 1114 1348 1191 gessit,
1374 1114 1433 1172 in
1453 1115 1677 1191 magnis
1711 1114 1956 1173 omnium
1984 1129 2177 1172 rerum
2202 1110 2307 1171 dif—
2330 1124 2381 1167 ιο

307 1195 655 1257 ficultatibus
698 1197 1035 1274 'summaque
1076 1195 1309 1272 frugum
1346 1197 1561 1276 inopia.
1614 1196 1691 1256 Et
1727 1214 2047 1278 quanquam
2074 1195 2309 1274 saepius

307 1288 706 1356 revocaretur,
737 1288 927 1340 tamen
960 1281 1384 1359 perseveravit,
1412 1290 1674 1342 metuens
1699 1299 1772 1341 ne
1802 1282 2023 1342 vicinus
2054 1288 2112 1339 et
2136 1296 2307 1358 prae-

307 1363 510 1424 valens
561 1362 745 1424 hostis
797 1363 1038 1424 instaret
1075 1364 1225 1424 ultro
1272 1364 1629 1426 cedentibus.
1696 1363 1788 1424 Ac
1835 1363 2311 1444 perseverantiae

306 1448 526 1526 grande
554 1450 797 1526 pretium
825 1448 972 1525 tulit,
995 1456 1119 1508 toto
1143 1447 1400 1527 Illyrico,
1433 1450 1588 1528 quod
1618 1451 1769 1509 inter
1790 1448 2013 1509 Italiam
2040 1464 2308 1526 regnum-

308 1550 420 1610 que
447 1531 724 1592 Noricum
756 1540 816 1591 et
849 1531 1150 1593 Thraciam
1184 1541 1241 1592 et
1268 1532 1665 1596 Macedoniam
1693 1535 1957 1612 interque
1987 1529 2309 1592 Danubium
2326 1546 2378 1590 ιι

306 1616 517 1678 flumen
549 1625 608 1677 et
637 1617 820 1676 sinum
849 1618 1020 1676 maris
1041 1615 1357 1678 Hadriatici
1379 1625 1558 1696 patet,
1591 1616 1915 1696 perdomito
1945 1625 2004 1676 et
2037 1616 2095 1675 in
2126 1614 2309 1675 dicio·
2447 1622 2458 1630 ·

223 1703 287 1759 17
307 1719 437 1761 nem
480 1700 741 1761 redact0.
829 1699 933 1761 Cui
976 1699 1200 1779 gloriae
1244 1701 1492 1780 amplior
1532 1700 1719 1763 adhuc
1758 1720 1834 1761 ex
1876 1718 1954 1779 op
2002 1700 2309 1760 ortunitate

308 1784 565 1845 cumulus
603 1786 873 1845 accessit.
935 1783 1080 1843 Nam
1126 1783 1231 1843 sub
1274 1784 1332 1844 id
1360 1784 1486 1845 fere
1514 1796 1741 1864 tempus
1774 1785 1967 1860 Quinti
1993 1786 2082 1844 ius
2115 1783 2308 1843 Varus

309 1886 435 1928 cum
473 1868 656 1927 tribus
691 1867 1023 1944 legionibus
1071 1869 1128 1927 in
1166 1866 1469 1929 Germania
1511 1870 1714 1947 periit,
1757 1870 1984 1928 nemine
2003 1864 2307 1927 'dubitante

307 1955 443 2032 quin
482 1952 738 2013 victores
768 1949 1032 2013 Germani
1074 1952 1320 2013 iuncturi
1352 1971 1417 2014 se
1447 1952 1759 2014 Pannoniis
1788 1952 2027 2030 fuerint,
2066 1950 2177 2011 nisi
2206 1948 2301 2009 de·
2322 1962 2376 2004 20

306 2035 580 2096 bellatum
632 2037 790 2115 prius
836 2035 1129 2111 Illyricum
1179 2046 1356 2097 esset.
1422 2037 1579 2112 Quas
1630 2037 1704 2098 ob
1752 2054 1849 2096 res
1892 2034 2210 2114 triumphus
2252 2033 2308 2092 ei

305 2120 574 2180 decretus
626 2128 748 2196 est,
789 2119 1062 2198 multique
1094 2129 1152 2180 et
1178 2121 1371 2198 magni
1402 2120 1675 2181 honores.
1735 2118 2100 2180 Gensuerunt
2135 2119 2308 2177 etiam

307 2203 534 2300 quidam
572 2211 633 2262 ut
661 2201 1055 2282 Pannonicus,
1099 2203 1195 2264 alii
1234 2214 1295 2264 ut
1324 2203 1610 2283 InvictuS,
1654 2204 1913 2266 nonnulli
1942 2213 2003 2264 ut
2035 2201 2171 2263 Pius
2208 2216 2304 2261 co·

305 2288 750 2366 gnominaretur.
809 2286 927 2347 Sed
976 2286 1047 2347 de
1089 2289 1435 2365 cognomine
1477 2251 1807 2350 intercessit
1845 2287 2177 2366 Augustus,
2230 2301 2303 2344 eo

309 2379 638 2431 contentum
665 2372 1104 2449 repromittenS,
1136 2372 1289 2451 quod
1319 2390 1385 2432 se
1414 2372 1686 2433 defuncto
1717 2381 2094 2451 suscepturus
2124 2375 2302 2430 esset.
2322 2385 2377 2427 2⁶

305 2453 674 2533 Triumphum
714 2455 843 2532 ipse
878 2453 1125 2533 distulit,
1174 2465 1394 2517 maesta
1427 2458 1661 2517 civitate
1694 2456 1860 2517 clade
1889 2457 2170 2523 Variana;
2221 2453 2303 2512 ni·

304 2538 424 2600 hilo
475 2540 658 2597 minus
699 2536 899 2599 urbem
939 2547 1337 2616 praetextatus
1380 2549 1438 2600 et
1479 2539 1678 2601 laurea
1721 2547 2032 2601 coronatus
2073 2537 2307 2597 intravit

307 2623 673 2702 positumque
713 2623 773 2685 in
802 2623 1033 2702 Saeptis
1072 2622 1346 2701 tribunal,
1391 2633 1595 2684 senatu
1633 2632 1894 2700 astante,
1941 2619 2305 2697 conscendit,

306 2725 378 2768 ac
426 2705 647 2767 medius
698 2707 848 2766 inter
899 2706 1043 2767 duos
1099 2707 1372 2768 consules
1421 2725 1548 2768 cum
1593 2706 1861 2786 Augusto
1906 2704 2072 2766 simul
2121 2701 2302 2775 sedit3

305 2790 482 2867 unde,
514 2789 737 2869 populo
773 2789 1153 2867 consalutato,
1187 2793 1402 2852 circum
1430 2793 1645 2870 templa
1677 2790 1957 2853 deductus
1989 2798 2099 2850 est.
2322 2795 2375 2839 8⁰

222 2883 290 2939 18
435 2873 706 2934 Proximo
763 2891 911 2934 anno
955 2877 1206 2953 repetita
1248 2873 1578 2953 Germania,
1635 2894 1761 2936 cum
1821 2873 2308 2935 animadverteret

304 2959 613 3019 Varianam
656 2956 878 3018 cladem
925 2960 1247 3019 temeritate
1296 2968 1354 3019 et
1389 2959 1769 3038 neglegentia
1800 2958 1963 3019 ducis
1994 2956 2304 3034 accidisse,

304 3040 462 3101 nihil·
485 3060 604 3102 non
645 3040 718 3102 de
760 3042 987 3102 consilii
1022 3044 1306 3103 sententia
1337 3043 1484 3121 egit;
1530 3061 1765 3123 semper
1795 3043 1939 3102 alias
1969 3043 2057 3103 sui
2086 3041 2307 3102 arbitrii

308 3131 723 3204 contentusque
755 3144 821 3186 se
850 3143 1002 3203 uno,
1045 3135 1180 3187 tunc
1214 3136 1449 3205 praeter
1480 3126 1951 3189 consuetudinem
1985 3144 2112 3186 cum
2148 3142 2304 3185 com-

306 3205 564 3285 pluribus
595 3207 668 3268 de
698 3211 922 3271 ratione
946 3209 1087 3271 belli
1113 3212 1569 3271 communicavit.
1620 3211 1830 3272 Curam
1861 3227 2095 3290 quoque
2127 3196 2303 3270 solito
2321 3226 2374 3269 ³5

309 3288 663 3350 exactiorem
693 3295 994 3370 praestitit.
1047 3295 1418 3356 Traiectums
1449 3294 1744 3374 Rhenum,
1779 3303 2156 3357 commeatum
2185 3311 2302 3354 om-

306 3392 436 3433 nem
485 3372 556 3433 ad
618 3383 832 3436 certam
881 3378 1182 3440 formulam
1235 3378 1566 3441 adstrictum
1614 3396 1732 3439 non
1782 3388 1913 3441 ante
1969 3378 2302 3455 transmisit,

309 3474 476 3535 quam
517 3457 844 3520 consistens
872 3461 1024 3541 apud
1051 3464 1236 3544 ripam
1270 3463 1643 3533 explorasset
1667 3463 2066 3525 vehiculorum
2102 3479 2304 3541 onera,
