2553 3960
964 257 1026 307 ο.
1069 257 1435 310 caucum.
2092 252 2211 316 137

194 429 324 471 rum
362 419 423 471 ut
458 412 619 472 irrita
658 418 716 471 et
743 428 920 489 vana,
974 428 1368 491 quoscumque
1403 413 1529 492 quis
1559 413 1780 474 diceret
1810 413 2029 477 herede
2063 415 2208 480 Cae-

198 513 335 555 sare
364 496 509 556 mori
540 494 879 556 destinasse.
957 494 1085 570 Quo
1115 504 1269 556 metu
1299 495 1512 557 iniecto
1547 514 1674 558 cum
1702 498 1812 558 iam
1842 507 1900 558 et
1941 499 2011 561 ab
2043 502 2205 578 igno-

198 580 275 639 tis
309 580 461 638 inter
489 579 804 639 familiares
835 587 895 639 et
937 596 970 639 a
1000 578 1337 658 parentibus
1367 581 1517 640 inter
1544 580 1764 641 liberos
1806 582 1995 662 palam
2029 582 2211 647 heres

195 670 658 741 nuncuparetur,
712 662 1007 723 derisores
1037 660 1319 742 vocabat,
1375 663 1529 742 quod
1561 673 1693 744 post
1723 669 2206 747 nuncupationem

140 764 172 805 s
196 748 400 805 vivere
452 755 936 825 perseverarent,
1003 755 1063 807 et
1115 746 1306 807 multis
1361 756 1677 809 venenatas
1732 758 1974 811 matteas
2031 754 2201 813 misit.

198 827 622 907 cognoscebat
672 838 860 890 autem
911 828 983 890 de
1032 828 1244 891 talibus
1297 831 1511 909 causis,
1568 839 1763 893 taxato
1821 835 1979 913 prius
2030 836 2203 897 modo

197 931 451 975 summae
483 913 554 975 ad
587 931 757 993 quem
787 912 1201 974 conficiendum
1243 912 1603 994 consideret,
1666 916 1935 977 confecto
1979 917 2204 980 demum

196 995 576 1058 excitabatur.
663 996 757 1070 Ac
789 1015 863 1058 ne
904 997 1193 1077 paululum
1223 996 1450 1078 quidem
1482 1015 1678 1060 morae
1710 1001 1970 1078 patiens,
2024 1021 2205 1083 super

197 1079 576 1161 quadraginta
618 1098 756 1142 reos
803 1080 1087 1160 quondam
1131 1100 1208 1142 ex
1247 1080 1492 1142 diversis
1521 1082 1870 1144 'criminibus
1918 1102 2028 1146 una
2071 1104 2197 1146 sen-

114 1177 173 1220 ιο
197 1166 375 1225 tentia
416 1161 853 1242 condemnavit,
904 1164 1300 1244 gloriatusque
1344 1174 1434 1225 est
1476 1166 1899 1246 expergefacta
1933 1187 1966 1229 e
1997 1186 2200 1231 somno

196 1244 516 1327 Caesonia,
573 1253 865 1329 quantum
891 1249 1145 1328 spissat,
1192 1248 1337 1309 dum
1365 1266 1443 1309 ea
1467 1248 1847 1310 meridiaret.

315 1330 606 1392 Auctione
658 1333 994 1413 proposita,
1080 1331 1355 1412 reliquias
1424 1335 1671 1394 omnium
1729 1334 2199 1414 spectaculorum

192 1413 442 1476 subiecit
474 1434 543 1476 ac
581 1415 927 1493 venditavit,
980 1417 1292 1495 exquirens
1334 1432 1442 1495 per
1477 1434 1543 1476 se
1578 1418 1766 1496 pretia
1802 1427 1860 1477 et
1904 1436 2084 1498 usque
2122 1437 2196 1480 eo

195 1498 553 1577 extendens,
612 1507 675 1560 ut
713 1498 938 1580 quidam
977 1501 1256 1560 immenso
1312 1501 1504 1560 coacti
1558 1499 1834 1580 quaedam
1876 1518 2073 1562 emere
2127 1520 2196 1563 ac

113 1597 170 1639 ιε
192 1582 363 1644 bonis
404 1586 561 1644 exuti
604 1601 782 1644 venas
827 1581 939 1644 sibi
992 1582 1330 1644 inciderent.
1417 1582 1570 1645 Nota
1628 1601 1725 1644 res
1788 1592 1906 1661 est,
1960 1583 2196 1664 Aponio

195 1667 500 1727 Saturnino
537 1667 685 1728 inter
714 1665 989 1728 subsellia
1035 1666 1406 1744 dormitante,
1467 1667 1740 1727 monitum
1771 1685 1804 1727 a
1837 1665 1980 1728 Gaio
2028 1685 2194 1747 prae·

195 1767 401 1811 eonem
447 1767 520 1809 ne
570 1753 919 1828 praetorium
968 1752 1150 1812 virum
1202 1749 1411 1811 crebro
1463 1751 1669 1830 capitis
1708 1758 1864 1810 motu
1906 1759 2196 1812 nutantem

193 1832 306 1894 sibi
337 1834 716 1911 praeteriret,
770 1852 881 1895 nec
917 1834 1130 1896 licendi
1163 1834 1335 1895 finem
1377 1834 1627 1913 factum,
1685 1833 1873 1913 quoad
1917 1834 2194 1895 tredecim

192 1915 553 1996 gladiatores
603 1920 873 1978 sestertio
935 1919 1216 1998 nonagies
1279 1918 1565 1997 ignoranti
1620 1916 2041 1979 addicerentur.
2128 1917 2193 1979 In
2209 1921 2280 1977 39

108 2011 170 2053 20
197 2000 384 2062 Gallia
415 2018 676 2081 quoque,
733 2019 859 2062 cum
898 2001 1281 2064 damnatarum
1326 2020 1588 2063 sororum
1632 2010 1963 2064 ornamenta
2000 2011 2060 2062 et
2100 2022 2191 2063 su-

68 2081 94 2092 ‘
191 2084 552 2165 pellectilem
596 2093 656 2145 et
695 2103 903 2147 servos
943 2095 1116 2166 atque
1158 2087 1329 2147 etiam
1369 2086 1614 2147 libertos
1658 2087 1946 2155 immensis
1991 2087 2193 2166 pretiis

189 2168 572 2247 vendidisset,
636 2170 904 2230 invitatus
959 2170 1161 2248 lucro,
1241 2168 1513 2249 quidquid
1562 2171 1917 2231 instrumenti
1974 2170 2194 2230 veteris

189 2252 357 2314 aulae
405 2262 532 2314 erat
572 2252 643 2314 ab
697 2253 840 2314 urbe
891 2255 1159 2332 repetiit,
1226 2254 1589 2332 comprensis
1643 2252 1713 2314 ad
1775 2252 2194 2334 deportandum

186 2337 499 2397 meritoriis
532 2354 763 2416 quoque
802 2336 1085 2397 vehiculis
1119 2345 1178 2398 et
1217 2335 1658 2416 pistrinensibus
1697 2338 1991 2414 iumentis,
2044 2336 2192 2398 adeo

104 2436 163 2477 25
186 2428 250 2480 ut
301 2428 361 2480 et
406 2421 568 2498 panis
619 2420 842 2482 Romae
882 2439 1062 2501 saepe
1104 2420 1385 2481 deficeret
1425 2428 1483 2481 et
1516 2420 1868 2497 litigatorum
1901 2420 2188 2500 plerique,

190 2502 348 2583 quod
376 2520 692 2566 occurrere
722 2504 993 2566 absentes
1026 2503 1096 2565 ad
1123 2502 1504 2564 vadimonium
1544 2519 1660 2562 non
1689 2511 1958 2582 possent,
2018 2521 2192 2564 causa

189 2585 487 2647 caderent.
577 2585 685 2649 Cui
723 2590 1095 2649 instrumento
1138 2585 1508 2649 distrahendo
1551 2584 1689 2646 nihil
1730 2602 1845 2646 non
1874 2584 2090 2646 fraudis
2121 2603 2194 2645 ac

187 2671 464 2731 lenocinii
497 2670 767 2750 adhibuit,
802 2671 973 2733 modo
1006 2671 1280 2732 avaritiae
1310 2669 1572 2748 singulos
1603 2671 1912 2748 increpans
1952 2677 2009 2727 et
2038 2668 2192 2747 quod

188 2771 308 2814 non
340 2752 587 2834 puderet
625 2773 728 2816 eos
783 2755 1206 2833 locupletiores
1260 2771 1393 2814 esse
1428 2769 1595 2833 quam
1636 2770 1739 2829 se,
1792 2750 1964 2812 modo
1995 2752 2192 2830 paeni·

105 2848 166 2892 so
188 2838 428 2899 tentiam
480 2838 750 2900 simulans
804 2837 957 2918 quod
1008 2836 1407 2917 principalium
1453 2854 1644 2897 rerum
1692 2836 1930 2916 privatis
1966 2834 2194 2913 copiam

187 2921 435 2983 faceret.
525 2920 908 3001 Compererat
950 2919 1366 3000 provincialem
1409 2919 1761 2999 locupletem
1813 2918 2057 2979 ducenta
2101 2936 2191 2978 se-

187 3007 393 3066 stertia
451 3022 787 3066 numerasse
845 3003 1246 3081 vocatoribus,
1313 3012 1374 3064 ut
1420 3021 1528 3083 per
1588 3002 1873 3064 fallaciam
1925 3002 2192 3063 convivio

185 3090 693 3169 interponeretur,
742 3107 853 3150 nec
885 3088 1092 3149 tulerat
1117 3087 1366 3147 moleste
1390 3096 1502 3148 tam
1527 3104 1737 3164 magno
1770 3085 2057 3147 aestimari
2086 3085 2188 3147 ho-

186 3190 393 3234 norem
438 3190 654 3235 caenae
703 3191 873 3244 suae3
933 3171 1067 3232 huic
1107 3178 1348 3250 postero
1393 3169 1484 3231 die
1545 3169 1771 3231 sedenti
1825 3170 1881 3229 in
1927 3169 2192 3232 auctione

106 3257 373 3336 asmisit,
432 3258 528 3338 qui
554 3257 756 3318 nescio
792 3256 927 3336 quid
966 3255 1161 3316 frivoli
1193 3255 1455 3316 ducentis
1485 3254 1711 3316 milibus
1756 3251 2010 3314 traderet
2039 3252 2167 3314 dice

185 3350 430 3422 retque,
493 3348 859 3403 caenaturum
890 3338 1040 3421 apud
1074 3336 1385 3399 Gaesarem
1415 3347 1623 3399 vocatu
1651 3337 1850 3417 ipsius.

315 3424 646 3504 Vectigalia
685 3442 839 3486 nova
881 3431 1053 3503 atque
1102 3421 1351 3484 inaudita
1405 3424 1645 3500 primum
1681 3439 1789 3501 per
1831 3419 2282 3499 publicanos,4o

191 3508 436 3587 deinde,
496 3509 626 3590 quia
663 3507 884 3569 lucrum
930 3505 1320 3584 exuberabat,
1366 3522 1474 3583 per
1507 3505 1873 3565 centuriones
1911 3500 2192 3562 tribunos-
