2553 3960
451 175 570 224 Lvl
1144 171 1553 219 PRAEFATIO.

467 332 729 393 nonnulla
775 332 1218 405 typographica,
1260 329 1613 401 intelligitur.
1705 329 1838 385 Tum
1882 346 1914 384 e
1958 330 2284 388 Florentius

469 416 719 474 editione
749 433 800 471 a.
835 420 991 486 1478,
1035 431 1178 487 quae
1200 423 1449 472 veterum
1472 413 1712 470 omnium
1743 414 1913 484 longe
1938 414 2147 486 optima
2172 422 2282 486 est,

465 500 806 558 lectionibus
848 499 1022 555 ferme
1055 498 1284 556 CCLXX
1321 498 1569 570 receptis
1599 498 1827 553 totidem
1867 496 1988 553 fere
2022 500 2282 556 emenda-

466 585 652 642 tiones
681 583 1000 638 intulerunt.
1090 582 1205 639 Sed
1234 599 1305 638 ne
1334 584 1608 639 Incertam
1637 579 1858 651 quidem
1888 582 2284 653 neglexerunt,

468 666 695 726 circiter
718 664 1049 736 XXVlocis‚
1080 672 1140 721 ut
1169 672 1364 738 p.260,
1404 671 1473 723 22
1501 668 1693 735 reperi
1701 685 1725 726 ,·
1760 681 1815 736 p.
1846 668 1969 734 266,
1999 668 2031 723 7
2067 669 2253 737 quoad
2266 691 2284 726 ;

465 769 520 825 p.
557 756 681 821 269,
710 755 797 807 21.
827 755 898 808 28
927 750 1151 804 adiectis
1179 755 1236 804 et
1260 750 1468 823 infuit‚·
1509 765 1564 821 p.
1593 753 1718 818 271,
1749 755 1817 805 10
1844 754 2076 820 actaque
2103 752 2179 805 ita
2210 750 2286 807 ad

467 835 620 891 illam
659 833 959 889 editionem
990 833 1114 889 sive
1154 835 1345 905 potius
1390 831 1780 889 Beroaldinam
1820 830 1944 886 eius
1986 833 2278 903 repetitio-

468 934 594 974 nem
623 917 867 982 refictis;
899 917 1229 973 Beroaldum
1268 918 1414 973 enim
1443 915 1864 973 emendationes
1887 917 2190 987 quaedam,
2223 924 2286 972 ut

466 1019 524 1064 p.
556 1007 696 1070 258,
730 1006 763 1059 6
794 1000 1178 1055 Praeconinus
1191 1023 1211 1062 ;
1251 1017 1308 1071 p.
1339 1005 1477 1067 266,
1507 1005 1578 1059 30
1591 1001 2006 1070 praesumente,
2035 1001 2283 1068 prodere

469 1089 746 1142 videntur.
835 1082 934 1140 His
985 1084 1036 1140 si
1088 1083 1373 1140 addideris
1404 1098 1582 1156 panca
1632 1096 1735 1140 suo
1766 1082 2004 1139 arbitrio
2047 1085 2285 1140 admini..

468 1174 667 1238 strata,
697 1172 757 1221 nt
787 1167 1020 1223 Graecis
1053 1167 1258 1224 litteris
1282 1167 1557 1224 vocabula
1589 1167 1804 1223 Graeca
1833 1166 2041 1238 scripta
2061 1207 2080 1237 ,
2118 1167 2283 1223 Cice-

467 1251 625 1308 ronis
650 1250 841 1305 locum
865 1267 920 1322 p.
952 1257 1087 1321 263,
1126 1255 1193 1308 25
1224 1266 1348 1322 sqq.
1380 1268 1413 1306 e
1446 1250 1719 1305 Cicerone
1748 1250 2083 1323 suppletum,
2112 1267 2281 1324 prae-

469 1350 669 1391 nomen
713 1332 760 1400 Q
794 1350 898 1407 pro
932 1334 997 1388 M
1036 1351 1093 1406 p.
1125 1340 1262 1404 258,
1311 1341 1344 1394 9
1377 1340 1734 1403 correctum,
1781 1336 1837 1388 in
1882 1351 1937 1405 p.
1971 1339 2095 1405 257,
2125 1340 2188 1395 17
2225 1340 2288 1390 et

470 1420 572 1473 etsi
596 1436 651 1491 p.
672 1423 796 1487 265,
830 1425 897 1478 19
925 1417 1193 1488 additum,
1222 1418 1464 1473 deletum
1494 1434 1548 1489 p.
1575 1422 1700 1488 261,
1729 1422 1798 1476 25
1832 1423 2151 1490 corruptum
2178 1434 2282 1474 vo·

471 1502 726 1558 cabulum
758 1496 1010 1572 (nalum,
1038 1508 1235 1570 natus,
1283 1496 1624 1573 nominatus)
1664 1506 1721 1556 et
1758 1518 1811 1573 p.
1840 1506 1978 1571 266,
2024 1507 2089 1562 27
2120 1517 2284 1558 vero.-

473 1603 689 1642 omnem
729 1585 989 1642 Aldinam
1023 1585 1327 1642 editionem
1371 1585 1704 1657 explicatam
1744 1592 1803 1640 et
1842 1585 2002 1657 quasi
2049 1586 2109 1640 in
2155 1587 2287 1642 luce

472 1669 712 1742 positam
745 1670 1002 1726 habebis.
1092 1669 1321 1727 Restant
1366 1675 1579 1739 tamen,
1628 1676 1869 1724 nonest
1912 1668 2057 1724 enim
2093 1671 2285 1725 celan-

473 1753 631 1824 dum,
665 1753 828 1809 etiam
867 1770 1012 1808 nunc
1043 1753 1283 1810 obscura
1314 1755 1481 1808 haec:
1516 1758 1768 1807 oratores
1795 1752 2042 1808 ‘additum
2078 1770 2131 1826 p.
2157 1758 2300 1824 257,-

361 1900 366 1907 ‚
471 1839 539 1903 63
589 1837 764 1892 Sutrii
799 1854 852 1909 p.
901 1842 1037 1907 264,
1079 1842 1146 1895 14
1180 1844 1237 1893 et
1287 1837 1511 1909 q'uidam
1562 1853 1618 1907 p.
1669 1841 1808 1906 269,
1863 1843 1933 1897 36
1987 1838 2254 1910 scriptum

472 1936 706 1994 quorum
756 1920 988 1993 primum
1029 1927 1084 1976 et
1132 1921 1357 1977 tertium
1404 1919 1460 1974 in
1502 1919 1892 1990 Berolinensi,
1944 1921 2180 1977 medium
2224 1921 2288 1975 in

471 2005 728 2064 Leidensi
785 2005 932 2061 libro
974 2010 1187 2075 exstat,
1242 2005 1571 2078 impressum
1622 2010 1750 2060 ante
1788 2005 1989 2060 Aldum
2033 2021 2141 2061 non
2182 2021 2284 2061 co·

473 2105 662 2161 gnovi.

592 2174 692 2228 His
721 2172 893 2243 igitur
927 2172 1229 2230 virtutibus
1260 2176 1549 2229 excellens
1575 2172 1784 2229 Aldina
1815 2172 2074 2228 recensio
2111 2172 2288 2244 digna

472 2262 530 2312 et
550 2256 737 2312 habita
765 2263 851 2313 est
881 2264 937 2312 et
968 2257 1092 2327 ruit,
1123 2273 1265 2328 quae
1297 2259 1366 2313 ab
1399 2256 1822 2329 insequentibus
1849 2257 1941 2311 vel
1971 2272 2073 2327 per
2102 2256 2287 2313 omnia

471 2341 564 2396 vel
604 2340 799 2412 paucis
820 2341 1050 2400 ‚mutatis
1090 2346 1463 2411 repeteretur.
1552 2343 1704 2397 Inter
1733 2339 1963 2396 criticos
1992 2340 2285 2412 proximae

473 2424 673 2478 aetatis
705 2424 964 2478 laudandi
997 2430 1121 2479 sunt
1153 2424 1430 2489 Robertus
1465 2426 1812 2497 Stephanus,
1843 2424 1997 2479 Elias
2024 2423 2285 2494 vinetus,

470 2506 723 2561 Achilles
763 2506 973 2562 Statius
992 2543 1008 2576 ,
1043 2512 1100 2561 et
1129 2506 1260 2561 inde
1291 2524 1323 2563 a
1355 2506 1683 2565 Casaubono
1718 2508 1758 2563 ii
1790 2507 1883 2580 qui
1918 2508 1988 2562 de
2019 2508 2288 2565 universo

473 2590 745 2646 Suetonio
779 2591 923 2645 hene
955 2596 1293 2646 meruerunt.
1339 2590 1472 2648 Nam
1506 2591 1841 2648 coniunctim
1872 2606 1994 2647 cum
2023 2592 2186 2648 libris
2212 2593 2286 2648 de

472 2673 585 2730 vita
616 2672 913 2731 Caesarum
960 2675 1121 2747 primi
1148 2673 1429 2731 Antonius
1473 2676 1752 2748 Gryphius
1783 2676 2032 2747 Lugduni
2062 2694 2114 2733 a.
2147 2682 2290 2737 1566

474 2764 530 2813 et
564 2759 893 2814 Theodorus
924 2759 1251 2815 Pulmanuus
1281 2759 1628 2832 Antverpiae
1659 2776 1711 2815 a.
1750 2765 1887 2820 1574
1916 2761 2086 2815 edere
2121 2760 2288 2816 insti-

472 2848 710 2897 tuerunt.
2029 2897 2036 2900 .

598 2924 809 2982 Novum
864 2926 1065 2981 edendi
1113 2927 1520 2983 fundamentum
1573 2927 1708 2984 iecit
1752 2924 2069 2984 Lndovicns
2113 2927 2287 2984 Tross

477 3011 771 3067 Hammone
814 3028 864 3067 a.
901 3016 1032 3069 1841
1077 3010 1309 3082 eiusque
1347 3013 1658 3085 exemplum
1698 3011 1941 3068 imitatus
1967 3011 2286 3068 Fridericus

476 3095 660 3152 Osann
697 3096 893 3151 Gissae
922 3099 1089 3165 1854,
1134 3096 1393 3151 Leidensi
1432 3097 1578 3151 libro
1611 3095 1942 3167 ubicumque
1978 3096 2098 3151 fieri
2127 3096 2285 3154 salva

476 3179 692 3235 ratione
725 3179 904 3250 potuit
943 3179 1092 3251 typis
1122 3193 1417 3252 expresso.
1508 3178 1626 3247 Qua
1660 3180 1715 3236 iu
1747 3196 1810 3235 re
1845 3195 1966 3235 cum
2008 3196 2116 3235 non
2146 3180 2286 3236 satis

476 3262 830 3319 considerate
880 3264 965 3319 illi
1011 3262 1200 3333 egisse
1239 3264 1564 3333 videantur,
1618 3261 1925 3322 certa‘iam
1966 3265 2284 3336 quaerenda

475 3351 604 3404 sunt
634 3354 990 3417 argumenta,
1035 3348 1232 3417 quibus
1272 3349 1407 3405 boni
1448 3348 1580 3404 libri
1610 3364 1642 3403 a
1674 3347 1985 3422 corruptiS,
2025 3349 2287 3420 singulae

476 3428 756 3487 lectiones
783 3432 995 3503 probae
1038 3447 1070 3486 a
1107 3432 1264 3488 salsis
1302 3432 1725 3502 distinguantur.
