<?xml version="1.0" encoding="UTF-8"?>
<!DOCTYPE html PUBLIC "-//W3C//DTD XHTML 1.0 Transitional//EN"
    "http://www.w3.org/TR/xhtml1/DTD/xhtml1-transitional.dtd">
<html xmlns="http://www.w3.org/1999/xhtml" xml:lang="en" lang="en">
 <head>
  <title>
</title>
<meta http-equiv="Content-Type" content="text/html;charset=utf-8" />
  <meta name='ocr-system' content='tesseract 3.04.00' />
  <meta name='ocr-capabilities' content='ocr_page ocr_carea ocr_par ocr_line ocrx_word'/>
</head>
<body>
  <div class='ocr_page' id='page_1' title='image "./csuetonitranqui06rothgoog_0358.png"; bbox 0 0 2553 3960; ppageno 0'>
   <div class='ocr_carea' id='block_1_1' title="bbox 304 220 2236 290">
    <p class='ocr_par' dir='ltr' id='par_1_1' title="bbox 304 220 2236 290">
     <span class='ocr_line' id='line_1_1' title="bbox 304 220 2236 290; baseline -0.004 -6"><span class='ocrx_word' id='word_1_1' title='bbox 304 220 429 284; x_wconf 82' lang='lat'><strong>246</strong></span> <span class='ocrx_word' id='word_1_2' title='bbox 478 232 538 280; x_wconf 82' lang='grc' dir='ltr'><strong>ο.</strong></span> <span class='ocrx_word' id='word_1_3' title='bbox 574 231 873 280; x_wconf 74' lang='lat' dir='ltr'><strong>sua-mm</strong></span> <span class='ocrx_word' id='word_1_4' title='bbox 907 229 1162 290; x_wconf 64' lang='lat' dir='ltr'><strong>Tamo.</strong></span> <span class='ocrx_word' id='word_1_5' title='bbox 1188 230 1284 276; x_wconf 78' lang='lat' dir='ltr'><strong>m:</strong></span> <span class='ocrx_word' id='word_1_6' title='bbox 1319 230 1484 276; x_wconf 78' lang='lat' dir='ltr'><strong>vrrA</strong></span> <span class='ocrx_word' id='word_1_7' title='bbox 1519 229 1887 278; x_wconf 81' lang='lat' dir='ltr'>CAESARUM</span> <span class='ocrx_word' id='word_1_8' title='bbox 1921 230 2058 276; x_wconf 78' lang='lat' dir='ltr'><strong>ms.</strong></span> <span class='ocrx_word' id='word_1_9' title='bbox 2084 230 2236 277; x_wconf 84' lang='lat' dir='ltr'><strong>vm.</strong></span> 
     </span>
    </p>
   </div>
   <div class='ocr_carea' id='block_1_2' title="bbox 185 370 2367 3570">
    <p class='ocr_par' dir='ltr' id='par_1_2' title="bbox 193 370 2366 1303">
     <span class='ocr_line' id='line_1_2' title="bbox 193 370 2301 461; baseline -0.002 -13"><span class='ocrx_word' id='word_1_10' title='bbox 193 370 198 387; x_wconf 58' lang='lat'>²</span> <span class='ocrx_word' id='word_1_11' title='bbox 304 404 464 448; x_wconf 90' lang='lat' dir='ltr'><strong>more</strong></span> <span class='ocrx_word' id='word_1_12' title='bbox 500 387 705 446; x_wconf 87' lang='lat' dir='ltr'><strong>veteri.</strong></span> <span class='ocrx_word' id='word_1_13' title='bbox 780 384 924 446; x_wconf 88' lang='lat' dir='ltr'><strong>Nam</strong></span> <span class='ocrx_word' id='word_1_14' title='bbox 964 403 1090 445; x_wconf 90' lang='lat' dir='ltr'><strong>cum</strong></span> <span class='ocrx_word' id='word_1_15' title='bbox 1122 383 1379 444; x_wconf 77' lang='lat' dir='ltr'><strong>Oculatis</strong></span> <span class='ocrx_word' id='word_1_16' title='bbox 1414 383 1735 461; x_wconf 89' lang='lat' dir='ltr'><strong>sororibus,</strong></span> <span class='ocrx_word' id='word_1_17' title='bbox 1766 384 1903 444; x_wconf 92' lang='lat' dir='ltr'><strong>item</strong></span> <span class='ocrx_word' id='word_1_18' title='bbox 1930 382 2301 445; x_wconf 79' lang='lat' dir='ltr'><strong>Varronillae</strong></span> 
     </span>
     <span class='ocr_line' id='line_1_3' title="bbox 303 469 2298 549; baseline -0.001 -19"><span class='ocrx_word' id='word_1_19' title='bbox 303 470 546 530; x_wconf 89' lang='lat' dir='ltr'><strong>liberum</strong></span> <span class='ocrx_word' id='word_1_20' title='bbox 583 470 783 530; x_wconf 89' lang='lat' dir='ltr'><strong>mortis</strong></span> <span class='ocrx_word' id='word_1_21' title='bbox 822 470 1178 549; x_wconf 83' lang='lat' dir='ltr'><strong>permisisset</strong></span> <span class='ocrx_word' id='word_1_22' title='bbox 1220 469 1512 528; x_wconf 78' lang='lat' dir='ltr'><strong>arbitrium</strong></span> <span class='ocrx_word' id='word_1_23' title='bbox 1558 476 2053 547; x_wconf 81' lang='lat' dir='ltr'><strong>corruptoresque</strong></span> <span class='ocrx_word' id='word_1_24' title='bbox 2102 487 2298 529; x_wconf 90' lang='lat' dir='ltr'><strong>earum</strong></span> 
     </span>
     <span class='ocr_line' id='line_1_4' title="bbox 302 551 2296 631; baseline -0.002 -17"><span class='ocrx_word' id='word_1_25' title='bbox 302 555 660 631; x_wconf 79' lang='lat' dir='ltr'><strong>relegasset,</strong></span> <span class='ocrx_word' id='word_1_26' title='bbox 708 571 847 613; x_wconf 87' lang='lat' dir='ltr'><strong>mox</strong></span> <span class='ocrx_word' id='word_1_27' title='bbox 891 551 1220 631; x_wconf 79' lang='lat' dir='ltr'><strong>Corneliam</strong></span> <span class='ocrx_word' id='word_1_28' title='bbox 1270 553 1571 612; x_wconf 84' lang='lat' dir='ltr'><strong>maximam</strong></span> <span class='ocrx_word' id='word_1_29' title='bbox 1616 554 1926 630; x_wconf 84' lang='lat' dir='ltr'><strong>virginem,</strong></span> <span class='ocrx_word' id='word_1_30' title='bbox 1973 551 2296 612; x_wconf 85' lang='lat' dir='ltr'><strong>absolutam</strong></span> 
     </span>
     <span class='ocr_line' id='line_1_5' title="bbox 305 635 2295 715; baseline -0.002 -18"><span class='ocrx_word' id='word_1_31' title='bbox 305 637 463 714; x_wconf 93' lang='lat' dir='ltr'><strong>olim,</strong></span> <span class='ocrx_word' id='word_1_32' title='bbox 501 637 635 697; x_wconf 91' lang='lat' dir='ltr'><strong>dein</strong></span> <span class='ocrx_word' id='word_1_33' title='bbox 663 637 842 715; x_wconf 87' lang='lat' dir='ltr'><strong>longo</strong></span> <span class='ocrx_word' id='word_1_34' title='bbox 874 636 1181 697; x_wconf 84' lang='lat' dir='ltr'><strong>intervallo</strong></span> <span class='ocrx_word' id='word_1_35' title='bbox 1208 638 1515 715; x_wconf 82' lang='lat' dir='ltr'><strong>repetitam</strong></span> <span class='ocrx_word' id='word_1_36' title='bbox 1545 644 1718 714; x_wconf 86' lang='lat' dir='ltr'><strong>atque</strong></span> <span class='ocrx_word' id='word_1_37' title='bbox 1746 638 2073 696; x_wconf 91' lang='lat' dir='ltr'><strong>convictam</strong></span> <span class='ocrx_word' id='word_1_38' title='bbox 2098 635 2295 696; x_wconf 81' lang='lat' dir='ltr'><strong>defodi</strong></span> 
     </span>
     <span class='ocr_line' id='line_1_6' title="bbox 302 719 2341 800; baseline -0.002 -17"><span class='ocrx_word' id='word_1_39' title='bbox 302 723 628 800; x_wconf 86' lang='lat' dir='ltr'><strong>imperavit,</strong></span> <span class='ocrx_word' id='word_1_40' title='bbox 664 730 1143 800; x_wconf 86' lang='lat' dir='ltr'><strong>stupratoresque</strong></span> <span class='ocrx_word' id='word_1_41' title='bbox 1174 722 1358 797; x_wconf 84' lang='lat' dir='ltr'><strong>virgis</strong></span> <span class='ocrx_word' id='word_1_42' title='bbox 1392 722 1451 780; x_wconf 90' lang='lat' dir='ltr'><strong>in</strong></span> <span class='ocrx_word' id='word_1_43' title='bbox 1481 721 1715 780; x_wconf 92' lang='lat' dir='ltr'><strong>comitio</strong></span> <span class='ocrx_word' id='word_1_44' title='bbox 1754 719 1826 779; x_wconf 90' lang='lat' dir='ltr'><strong>ad</strong></span> <span class='ocrx_word' id='word_1_45' title='bbox 1856 738 2062 780; x_wconf 84' lang='lat' dir='ltr'><strong>necem</strong></span> <span class='ocrx_word' id='word_1_46' title='bbox 2106 719 2293 796; x_wconf 87' lang='lat' dir='ltr'><strong>caedi,</strong></span> <span class='ocrx_word' id='word_1_47' title='bbox 2315 725 2341 765; x_wconf 79' lang='lat'>⁵</span> 
     </span>
     <span class='ocr_line' id='line_1_7' title="bbox 304 802 2295 884; baseline -0.001 -18"><span class='ocrx_word' id='word_1_48' title='bbox 304 814 558 884; x_wconf 87' lang='lat' dir='ltr'><strong>excepto</strong></span> <span class='ocrx_word' id='word_1_49' title='bbox 589 808 885 884; x_wconf 87' lang='lat' dir='ltr'><strong>praetorio</strong></span> <span class='ocrx_word' id='word_1_50' title='bbox 916 807 1076 875; x_wconf 85' lang='lat' dir='ltr'><strong>viro;</strong></span> <span class='ocrx_word' id='word_1_51' title='bbox 1111 806 1223 882; x_wconf 91' lang='lat' dir='ltr'><strong>cui,</strong></span> <span class='ocrx_word' id='word_1_52' title='bbox 1260 802 1432 864; x_wconf 90' lang='lat' dir='ltr'><strong>dubia</strong></span> <span class='ocrx_word' id='word_1_53' title='bbox 1465 805 1636 863; x_wconf 87' lang='lat' dir='ltr'><strong>etiam</strong></span> <span class='ocrx_word' id='word_1_54' title='bbox 1665 813 1781 863; x_wconf 90' lang='lat' dir='ltr'><strong>tum</strong></span> <span class='ocrx_word' id='word_1_55' title='bbox 1813 822 1987 865; x_wconf 90' lang='lat' dir='ltr'><strong>causa</strong></span> <span class='ocrx_word' id='word_1_56' title='bbox 2020 813 2079 863; x_wconf 88' lang='lat' dir='ltr'><strong>et</strong></span> <span class='ocrx_word' id='word_1_57' title='bbox 2109 804 2295 864; x_wconf 88' lang='lat' dir='ltr'><strong>incer·</strong></span> 
     </span>
     <span class='ocr_line' id='line_1_8' title="bbox 303 886 2296 969; baseline -0.002 -20"><span class='ocrx_word' id='word_1_58' title='bbox 303 893 378 950; x_wconf 91' lang='lat' dir='ltr'><strong>tis</strong></span> <span class='ocrx_word' id='word_1_59' title='bbox 410 888 844 969; x_wconf 89' lang='lat' dir='ltr'><strong>quaestionibus</strong></span> <span class='ocrx_word' id='word_1_60' title='bbox 875 899 1049 968; x_wconf 89' lang='lat' dir='ltr'><strong>atque</strong></span> <span class='ocrx_word' id='word_1_61' title='bbox 1077 891 1376 951; x_wconf 87' lang='lat' dir='ltr'><strong>tormentis</strong></span> <span class='ocrx_word' id='word_1_62' title='bbox 1406 886 1478 947; x_wconf 91' lang='lat' dir='ltr'><strong>de</strong></span> <span class='ocrx_word' id='word_1_63' title='bbox 1499 897 1695 949; x_wconf 83' lang='lat' dir='ltr'><strong>-semet</strong></span> <span class='ocrx_word' id='word_1_64' title='bbox 1729 888 2028 966; x_wconf 84' lang='lat' dir='ltr'><strong>professo,</strong></span> <span class='ocrx_word' id='word_1_65' title='bbox 2062 887 2296 948; x_wconf 88' lang='lat' dir='ltr'><strong>exilium</strong></span> 
     </span>
     <span class='ocr_line' id='line_1_9' title="bbox 303 971 2294 1052; baseline -0.002 -19"><span class='ocrx_word' id='word_1_66' title='bbox 303 973 555 1034; x_wconf 86' lang='lat' dir='ltr'><strong>indulsit.</strong></span> <span class='ocrx_word' id='word_1_67' title='bbox 629 973 722 1033; x_wconf 86' lang='lat' dir='ltr'><strong>Ac</strong></span> <span class='ocrx_word' id='word_1_68' title='bbox 760 991 834 1033; x_wconf 87' lang='lat' dir='ltr'><strong>ne</strong></span> <span class='ocrx_word' id='word_1_69' title='bbox 880 991 990 1052; x_wconf 90' lang='lat' dir='ltr'><strong>qua</strong></span> <span class='ocrx_word' id='word_1_70' title='bbox 1033 973 1245 1050; x_wconf 84' lang='lat' dir='ltr'><strong>religio</strong></span> <span class='ocrx_word' id='word_1_71' title='bbox 1284 971 1452 1032; x_wconf 89' lang='lat' dir='ltr'><strong>deum</strong></span> <span class='ocrx_word' id='word_1_72' title='bbox 1498 974 1727 1049; x_wconf 90' lang='lat' dir='ltr'><strong>impune</strong></span> <span class='ocrx_word' id='word_1_73' title='bbox 1787 973 2294 1049; x_wconf 81' lang='lat' dir='ltr'><strong>contaminaretur,</strong></span> 
     </span>
     <span class='ocr_line' id='line_1_10' title="bbox 304 1054 2295 1136; baseline -0.001 -19"><span class='ocrx_word' id='word_1_74' title='bbox 304 1060 727 1133; x_wconf 84' lang='lat' dir='ltr'><strong>monimentum,</strong></span> <span class='ocrx_word' id='word_1_75' title='bbox 760 1056 914 1136; x_wconf 92' lang='lat' dir='ltr'><strong>quod</strong></span> <span class='ocrx_word' id='word_1_76' title='bbox 942 1057 1184 1116; x_wconf 89' lang='lat' dir='ltr'><strong>libertus</strong></span> <span class='ocrx_word' id='word_1_77' title='bbox 1226 1057 1351 1116; x_wconf 90' lang='lat' dir='ltr'><strong>eius</strong></span> <span class='ocrx_word' id='word_1_78' title='bbox 1394 1074 1427 1116; x_wconf 92' lang='lat' dir='ltr'><strong>e</strong></span> <span class='ocrx_word' id='word_1_79' title='bbox 1466 1054 1754 1135; x_wconf 89' lang='lat' dir='ltr'><strong>lapidibus</strong></span> <span class='ocrx_word' id='word_1_80' title='bbox 1795 1055 2016 1135; x_wconf 89' lang='lat' dir='ltr'><strong>templo</strong></span> <span class='ocrx_word' id='word_1_81' title='bbox 2062 1054 2295 1134; x_wconf 87' lang='lat' dir='ltr'><strong>Capito-</strong></span> 
     </span>
     <span class='ocr_line' id='line_1_11' title="bbox 303 1140 2366 1218; baseline -0.003 -17"><span class='ocrx_word' id='word_1_82' title='bbox 303 1141 402 1201; x_wconf 91' lang='lat' dir='ltr'><strong>lini</strong></span> <span class='ocrx_word' id='word_1_83' title='bbox 442 1140 600 1200; x_wconf 89' lang='lat' dir='ltr'><strong>lovis</strong></span> <span class='ocrx_word' id='word_1_84' title='bbox 639 1140 938 1201; x_wconf 89' lang='lat' dir='ltr'><strong>destinatis</strong></span> <span class='ocrx_word' id='word_1_85' title='bbox 968 1140 1086 1201; x_wconf 84' lang='lat' dir='ltr'><strong>filio</strong></span> <span class='ocrx_word' id='word_1_86' title='bbox 1120 1148 1517 1217; x_wconf 85' lang='lat' dir='ltr'><strong>exstruxerat,</strong></span> <span class='ocrx_word' id='word_1_87' title='bbox 1552 1140 1721 1200; x_wconf 90' lang='lat' dir='ltr'><strong>diruit</strong></span> <span class='ocrx_word' id='word_1_88' title='bbox 1768 1157 1876 1218; x_wconf 90' lang='lat' dir='ltr'><strong>per</strong></span> <span class='ocrx_word' id='word_1_89' title='bbox 1916 1140 2161 1217; x_wconf 89' lang='lat' dir='ltr'><strong>milites,</strong></span> <span class='ocrx_word' id='word_1_90' title='bbox 2200 1152 2366 1200; x_wconf 85' lang='lat' dir='ltr'><strong>os-1o</strong></span> 
     </span>
     <span class='ocr_line' id='line_1_12' title="bbox 305 1223 1754 1303; baseline -0.002 -18"><span class='ocrx_word' id='word_1_91' title='bbox 305 1242 486 1303; x_wconf 88' lang='lat' dir='ltr'><strong>saque</strong></span> <span class='ocrx_word' id='word_1_92' title='bbox 518 1233 576 1283; x_wconf 90' lang='lat' dir='ltr'><strong>et</strong></span> <span class='ocrx_word' id='word_1_93' title='bbox 609 1223 887 1302; x_wconf 88' lang='lat' dir='ltr'><strong>reliquias</strong></span> <span class='ocrx_word' id='word_1_94' title='bbox 922 1242 1069 1303; x_wconf 90' lang='lat' dir='ltr'><strong>quae</strong></span> <span class='ocrx_word' id='word_1_95' title='bbox 1100 1226 1324 1284; x_wconf 86' lang='lat' dir='ltr'><strong>inerant</strong></span> <span class='ocrx_word' id='word_1_96' title='bbox 1353 1226 1493 1284; x_wconf 91' lang='lat' dir='ltr'><strong>mari</strong></span> <span class='ocrx_word' id='word_1_97' title='bbox 1531 1225 1754 1284; x_wconf 89' lang='lat' dir='ltr'><strong>mersit.</strong></span> 
     </span>
    </p>

    <p class='ocr_par' dir='ltr' id='par_1_3' title="bbox 245 1306 2334 1386">
     <span class='ocr_line' id='line_1_13' title="bbox 245 1306 2334 1386; baseline -0.001 -18"><span class='ocrx_word' id='word_1_98' title='bbox 245 1317 281 1368; x_wconf 72' lang='lat'>0</span> <span class='ocrx_word' id='word_1_99' title='bbox 424 1307 580 1367; x_wconf 89' lang='lat' dir='ltr'><strong>Inter</strong></span> <span class='ocrx_word' id='word_1_100' title='bbox 607 1308 766 1368; x_wconf 89' lang='lat' dir='ltr'><strong>initia</strong></span> <span class='ocrx_word' id='word_1_101' title='bbox 794 1325 977 1386; x_wconf 90' lang='lat' dir='ltr'><strong>usque</strong></span> <span class='ocrx_word' id='word_1_102' title='bbox 1009 1307 1158 1368; x_wconf 89' lang='lat' dir='ltr'><strong>adeo</strong></span> <span class='ocrx_word' id='word_1_103' title='bbox 1187 1308 1258 1369; x_wconf 91' lang='lat' dir='ltr'><strong>ab</strong></span> <span class='ocrx_word' id='word_1_104' title='bbox 1292 1311 1444 1368; x_wconf 87' lang='lat' dir='ltr'><strong>omni</strong></span> <span class='ocrx_word' id='word_1_105' title='bbox 1479 1307 1662 1369; x_wconf 91' lang='lat' dir='ltr'><strong>caede</strong></span> <span class='ocrx_word' id='word_1_106' title='bbox 1693 1306 2074 1384; x_wconf 88' lang='lat' dir='ltr'><strong>abhorrebat,</strong></span> <span class='ocrx_word' id='word_1_107' title='bbox 2109 1316 2169 1367; x_wconf 91' lang='lat' dir='ltr'><strong>ut</strong></span> <span class='ocrx_word' id='word_1_108' title='bbox 2196 1307 2295 1367; x_wconf 92' lang='lat' dir='ltr'><strong>ab·</strong></span> <span class='ocrx_word' id='word_1_109' title='bbox 2331 1357 2334 1360; x_wconf 90' lang='lat'><strong>.</strong></span> 
     </span>
    </p>

    <p class='ocr_par' dir='ltr' id='par_1_4' title="bbox 207 1390 1820 1470">
     <span class='ocr_line' id='line_1_14' title="bbox 207 1390 1820 1470; baseline 0 -19"><span class='ocrx_word' id='word_1_110' title='bbox 207 1464 208 1467; x_wconf 9' lang='lat'>¹</span> <span class='ocrx_word' id='word_1_111' title='bbox 303 1401 469 1453; x_wconf 89' lang='lat' dir='ltr'><strong>sente</strong></span> <span class='ocrx_word' id='word_1_112' title='bbox 502 1390 685 1451; x_wconf 90' lang='lat' dir='ltr'><strong>adhuc</strong></span> <span class='ocrx_word' id='word_1_113' title='bbox 718 1401 882 1470; x_wconf 90' lang='lat' dir='ltr'><strong>patre</strong></span> <span class='ocrx_word' id='word_1_114' title='bbox 911 1391 1253 1452; x_wconf 85' lang='lat' dir='ltr'><strong>recordatus</strong></span> <span class='ocrx_word' id='word_1_115' title='bbox 1288 1391 1525 1469; x_wconf 84' lang='lat' dir='ltr'><strong>Virgilii</strong></span> <span class='ocrx_word' id='word_1_116' title='bbox 1561 1410 1820 1452; x_wconf 83' lang='lat' dir='ltr'><strong>versum:</strong></span> 
     </span>
    </p>

    <p class='ocr_par' dir='ltr' id='par_1_5' title="bbox 205 1472 2027 1556">
     <span class='ocr_line' id='line_1_15' title="bbox 205 1472 2027 1556; baseline -0.002 -17"><span class='ocrx_word' id='word_1_117' title='bbox 205 1488 208 1539; x_wconf 81' lang='grc' dir='ltr'><strong><em>ῑ</em></strong></span> <span class='ocrx_word' id='word_1_118' title='bbox 469 1472 675 1554; x_wconf 78' lang='lat' dir='ltr'><strong>Impia</strong></span> <span class='ocrx_word' id='word_1_119' title='bbox 704 1493 888 1555; x_wconf 82' lang='lat' dir='ltr'><strong>quam</strong></span> <span class='ocrx_word' id='word_1_120' title='bbox 920 1476 1126 1538; x_wconf 80' lang='lat' dir='ltr'><strong>caesis</strong></span> <span class='ocrx_word' id='word_1_121' title='bbox 1147 1494 1301 1556; x_wconf 73' lang='lat' dir='ltr'><strong>qens</strong></span> <span class='ocrx_word' id='word_1_122' title='bbox 1330 1482 1424 1536; x_wconf 79' lang='lat' dir='ltr'><strong>est</strong></span> <span class='ocrx_word' id='word_1_123' title='bbox 1453 1477 1709 1555; x_wconf 79' lang='lat' dir='ltr'><strong>epulata</strong></span> <span class='ocrx_word' id='word_1_124' title='bbox 1732 1475 2027 1551; x_wconf 76' lang='lat' dir='ltr'><strong>iuvencis,</strong></span> 
     </span>
    </p>

    <p class='ocr_par' dir='ltr' id='par_1_6' title="bbox 205 1558 2364 1643">
     <span class='ocr_line' id='line_1_16' title="bbox 205 1558 2364 1643; baseline -0.003 -23"><span class='ocrx_word' id='word_1_125' title='bbox 205 1586 210 1643; x_wconf 60' lang='lat'>3</span> <span class='ocrx_word' id='word_1_126' title='bbox 304 1559 537 1620; x_wconf 85' lang='lat' dir='ltr'><strong>edicere</strong></span> <span class='ocrx_word' id='word_1_127' title='bbox 571 1559 891 1637; x_wconf 88' lang='lat' dir='ltr'><strong>destinarit,</strong></span> <span class='ocrx_word' id='word_1_128' title='bbox 932 1578 1005 1620; x_wconf 91' lang='lat' dir='ltr'><strong>ne</strong></span> <span class='ocrx_word' id='word_1_129' title='bbox 1046 1560 1234 1620; x_wconf 88' lang='lat' dir='ltr'><strong>boves</strong></span> <span class='ocrx_word' id='word_1_130' title='bbox 1265 1558 1710 1621; x_wconf 87' lang='lat' dir='ltr'><strong>immolarentur.</strong></span> <span class='ocrx_word' id='word_1_131' title='bbox 1779 1558 2118 1638; x_wconf 87' lang='lat' dir='ltr'><strong>Cupiditatis</strong></span> <span class='ocrx_word' id='word_1_132' title='bbox 2154 1572 2364 1637; x_wconf 71' lang='lat' dir='ltr'><strong>quo-15</strong></span> 
     </span>
    </p>

    <p class='ocr_par' dir='ltr' id='par_1_7' title="bbox 209 1644 2293 1724">
     <span class='ocr_line' id='line_1_17' title="bbox 209 1644 2293 1724; baseline -0.001 -20"><span class='ocrx_word' id='word_1_133' title='bbox 209 1662 212 1677; x_wconf 65' lang='lat'>³</span> <span class='ocrx_word' id='word_1_134' title='bbox 302 1663 414 1724; x_wconf 92' lang='lat' dir='ltr'><strong>que</strong></span> <span class='ocrx_word' id='word_1_135' title='bbox 444 1652 618 1723; x_wconf 88' lang='lat' dir='ltr'><strong>atque</strong></span> <span class='ocrx_word' id='word_1_136' title='bbox 650 1645 922 1704; x_wconf 89' lang='lat' dir='ltr'><strong>avaritiae</strong></span> <span class='ocrx_word' id='word_1_137' title='bbox 963 1647 1061 1715; x_wconf 75' lang='lat' dir='ltr'><strong>vix</strong></span> <span class='ocrx_word' id='word_1_138' title='bbox 1103 1645 1479 1723; x_wconf 90' lang='lat' dir='ltr'><strong>suspitionem</strong></span> <span class='ocrx_word' id='word_1_139' title='bbox 1519 1644 1691 1705; x_wconf 87' lang='lat' dir='ltr'><strong>ullam</strong></span> <span class='ocrx_word' id='word_1_140' title='bbox 1732 1653 1826 1704; x_wconf 90' lang='lat' dir='ltr'><strong>aut</strong></span> <span class='ocrx_word' id='word_1_141' title='bbox 1874 1645 2131 1722; x_wconf 86' lang='lat' dir='ltr'><strong>privatus</strong></span> <span class='ocrx_word' id='word_1_142' title='bbox 2177 1661 2293 1701; x_wconf 93' lang='lat' dir='ltr'><strong>um-</strong></span> 
     </span>
    </p>

    <p class='ocr_par' dir='ltr' id='par_1_8' title="bbox 205 1727 2294 1807">
     <span class='ocr_line' id='line_1_18' title="bbox 205 1727 2294 1807; baseline -0 -20"><span class='ocrx_word' id='word_1_143' title='bbox 205 1750 209 1767; x_wconf 69' lang='lat'><em>2</em></span> <span class='ocrx_word' id='word_1_144' title='bbox 304 1745 472 1806; x_wconf 91' lang='lat' dir='ltr'><strong>quam</strong></span> <span class='ocrx_word' id='word_1_145' title='bbox 499 1737 595 1788; x_wconf 91' lang='lat' dir='ltr'><strong>aut</strong></span> <span class='ocrx_word' id='word_1_146' title='bbox 624 1729 901 1806; x_wconf 89' lang='lat' dir='ltr'><strong>princeps</strong></span> <span class='ocrx_word' id='word_1_147' title='bbox 934 1728 1260 1807; x_wconf 89' lang='lat' dir='ltr'><strong>aliquandiu</strong></span> <span class='ocrx_word' id='word_1_148' title='bbox 1298 1727 1486 1805; x_wconf 90' lang='lat' dir='ltr'><strong>dedit,</strong></span> <span class='ocrx_word' id='word_1_149' title='bbox 1534 1731 1705 1790; x_wconf 90' lang='lat' dir='ltr'><strong>immo</strong></span> <span class='ocrx_word' id='word_1_150' title='bbox 1744 1746 1777 1787; x_wconf 92' lang='lat' dir='ltr'><strong>e</strong></span> <span class='ocrx_word' id='word_1_151' title='bbox 1814 1727 2048 1788; x_wconf 88' lang='lat' dir='ltr'><strong>diverso</strong></span> <span class='ocrx_word' id='word_1_152' title='bbox 2088 1744 2294 1803; x_wconf 88' lang='lat' dir='ltr'><strong>magna</strong></span> 
     </span>
    </p>

    <p class='ocr_par' dir='ltr' id='par_1_9' title="bbox 205 1810 2295 1975">
     <span class='ocr_line' id='line_1_19' title="bbox 205 1810 2293 1891; baseline -0.001 -20"><span class='ocrx_word' id='word_1_153' title='bbox 205 1846 234 1885; x_wconf 49' lang='lat'><strong>¹.</strong></span> <span class='ocrx_word' id='word_1_154' title='bbox 303 1829 482 1891; x_wconf 90' lang='lat' dir='ltr'><strong>saepe</strong></span> <span class='ocrx_word' id='word_1_155' title='bbox 511 1828 628 1870; x_wconf 88' lang='lat' dir='ltr'><strong>non</strong></span> <span class='ocrx_word' id='word_1_156' title='bbox 657 1810 1036 1872; x_wconf 88' lang='lat' dir='ltr'><strong>abstinentiae</strong></span> <span class='ocrx_word' id='word_1_157' title='bbox 1067 1812 1241 1872; x_wconf 92' lang='lat' dir='ltr'><strong>modo</strong></span> <span class='ocrx_word' id='word_1_158' title='bbox 1299 1811 1404 1872; x_wconf 92' lang='lat' dir='ltr'><strong>sed</strong></span> <span class='ocrx_word' id='word_1_159' title='bbox 1452 1814 1622 1874; x_wconf 90' lang='lat' dir='ltr'><strong>etiam</strong></span> <span class='ocrx_word' id='word_1_160' title='bbox 1673 1811 2034 1872; x_wconf 89' lang='lat' dir='ltr'><strong>liberalitatis</strong></span> <span class='ocrx_word' id='word_1_161' title='bbox 2065 1811 2293 1890; x_wconf 86' lang='lat' dir='ltr'><strong>experi-</strong></span> 
     </span>
     <span class='ocr_line' id='line_1_20' title="bbox 301 1893 2295 1975; baseline -0.001 -21"><span class='ocrx_word' id='word_1_162' title='bbox 301 1905 511 1955; x_wconf 86' lang='lat' dir='ltr'><strong>menta.</strong></span> <span class='ocrx_word' id='word_1_163' title='bbox 590 1894 789 1956; x_wconf 89' lang='lat' dir='ltr'><strong>Omnis</strong></span> <span class='ocrx_word' id='word_1_164' title='bbox 835 1897 991 1956; x_wconf 91' lang='lat' dir='ltr'><strong>circa</strong></span> <span class='ocrx_word' id='word_1_165' title='bbox 1034 1915 1100 1956; x_wconf 87' lang='lat' dir='ltr'><strong>se</strong></span> <span class='ocrx_word' id='word_1_166' title='bbox 1149 1895 1479 1973; x_wconf 83' lang='lat' dir='ltr'><strong>largissime</strong></span> <span class='ocrx_word' id='word_1_167' title='bbox 1539 1903 1917 1975; x_wconf 88' lang='lat' dir='ltr'><strong>prosecutus,</strong></span> <span class='ocrx_word' id='word_1_168' title='bbox 1956 1893 2095 1955; x_wconf 91' lang='lat' dir='ltr'><strong>nihil</strong></span> <span class='ocrx_word' id='word_1_169' title='bbox 2136 1896 2295 1974; x_wconf 89' lang='lat' dir='ltr'><strong>prius</strong></span> 
     </span>
    </p>

    <p class='ocr_par' dir='ltr' id='par_1_10' title="bbox 211 1978 2367 2143">
     <span class='ocr_line' id='line_1_21' title="bbox 211 1978 2367 2058; baseline -0.001 -17"><span class='ocrx_word' id='word_1_170' title='bbox 211 2009 218 2052; x_wconf 78' lang='lat'><strong>·;</strong></span> <span class='ocrx_word' id='word_1_171' title='bbox 299 1989 397 2041; x_wconf 87' lang='lat' dir='ltr'><strong>aut</strong></span> <span class='ocrx_word' id='word_1_172' title='bbox 441 1980 630 2039; x_wconf 91' lang='lat' dir='ltr'><strong>acrius</strong></span> <span class='ocrx_word' id='word_1_173' title='bbox 668 1980 884 2040; x_wconf 85' lang='lat' dir='ltr'><strong>m&#39;onuit</strong></span> <span class='ocrx_word' id='word_1_174' title='bbox 924 1998 1092 2057; x_wconf 86' lang='lat' dir='ltr'><strong>quam</strong></span> <span class='ocrx_word' id='word_1_175' title='bbox 1131 1997 1203 2039; x_wconf 89' lang='lat' dir='ltr'><strong>ne</strong></span> <span class='ocrx_word' id='word_1_176' title='bbox 1248 1980 1387 2058; x_wconf 91' lang='lat' dir='ltr'><strong>quid</strong></span> <span class='ocrx_word' id='word_1_177' title='bbox 1423 1980 1655 2042; x_wconf 88' lang='lat' dir='ltr'><strong>sordide</strong></span> <span class='ocrx_word' id='word_1_178' title='bbox 1688 1980 1969 2041; x_wconf 81' lang='lat' dir='ltr'><strong>facerent.</strong></span> <span class='ocrx_word' id='word_1_179' title='bbox 2032 1978 2367 2040; x_wconf 71' lang='lat' dir='ltr'><strong>Relictasw</strong></span> 
     </span>
     <span class='ocr_line' id='line_1_22' title="bbox 302 2062 2292 2143; baseline -0.001 -19"><span class='ocrx_word' id='word_1_180' title='bbox 302 2063 411 2124; x_wconf 92' lang='lat' dir='ltr'><strong>sibi</strong></span> <span class='ocrx_word' id='word_1_181' title='bbox 445 2063 801 2123; x_wconf 86' lang='lat' dir='ltr'><strong>hereditates</strong></span> <span class='ocrx_word' id='word_1_182' title='bbox 829 2062 901 2123; x_wconf 91' lang='lat' dir='ltr'><strong>ab</strong></span> <span class='ocrx_word' id='word_1_183' title='bbox 928 2065 1020 2141; x_wconf 86' lang='lat' dir='ltr'><strong>iis,</strong></span> <span class='ocrx_word' id='word_1_184' title='bbox 1059 2064 1263 2143; x_wconf 90' lang='lat' dir='ltr'><strong>quibus</strong></span> <span class='ocrx_word' id='word_1_185' title='bbox 1301 2064 1470 2125; x_wconf 89' lang='lat' dir='ltr'><strong>liberi</strong></span> <span class='ocrx_word' id='word_1_186' title='bbox 1503 2074 1691 2143; x_wconf 90' lang='lat' dir='ltr'><strong>erant,</strong></span> <span class='ocrx_word' id='word_1_187' title='bbox 1723 2083 1839 2124; x_wconf 91' lang='lat' dir='ltr'><strong>non</strong></span> <span class='ocrx_word' id='word_1_188' title='bbox 1867 2065 2115 2143; x_wconf 89' lang='lat' dir='ltr'><strong>recepit.</strong></span> <span class='ocrx_word' id='word_1_189' title='bbox 2186 2063 2292 2123; x_wconf 92' lang='lat' dir='ltr'><strong>Le-</strong></span> 
     </span>
    </p>

    <p class='ocr_par' dir='ltr' id='par_1_11' title="bbox 201 2146 2289 2228">
     <span class='ocr_line' id='line_1_23' title="bbox 201 2146 2289 2228; baseline -0.001 -20"><span class='ocrx_word' id='word_1_190' title='bbox 201 2203 202 2208; x_wconf 73' lang='grc'>,</span> <span class='ocrx_word' id='word_1_191' title='bbox 299 2155 494 2225; x_wconf 84' lang='lat' dir='ltr'><strong>gatum</strong></span> <span class='ocrx_word' id='word_1_192' title='bbox 525 2150 695 2207; x_wconf 87' lang='lat' dir='ltr'><strong>etiam</strong></span> <span class='ocrx_word' id='word_1_193' title='bbox 722 2165 797 2206; x_wconf 89' lang='lat' dir='ltr'><strong>ex</strong></span> <span class='ocrx_word' id='word_1_194' title='bbox 824 2155 1168 2222; x_wconf 88' lang='lat' dir='ltr'><strong>testamento</strong></span> <span class='ocrx_word' id='word_1_195' title='bbox 1202 2148 1382 2208; x_wconf 91' lang='lat' dir='ltr'><strong>Rusci</strong></span> <span class='ocrx_word' id='word_1_196' title='bbox 1421 2146 1769 2228; x_wconf 79' lang='lat' dir='ltr'><strong>Caepionis,</strong></span> <span class='ocrx_word' id='word_1_197' title='bbox 1816 2150 1913 2227; x_wconf 91' lang='lat' dir='ltr'><strong>qui</strong></span> <span class='ocrx_word' id='word_1_198' title='bbox 1959 2157 2196 2209; x_wconf 78' lang='lat' dir='ltr'><strong>caverat</strong></span> <span class='ocrx_word' id='word_1_199' title='bbox 2228 2154 2289 2206; x_wconf 90' lang='lat' dir='ltr'><strong>ut</strong></span> 
     </span>
    </p>

    <p class='ocr_par' dir='ltr' id='par_1_12' title="bbox 199 2229 2292 2395">
     <span class='ocr_line' id='line_1_24' title="bbox 302 2229 2292 2310; baseline 0 -20"><span class='ocrx_word' id='word_1_200' title='bbox 302 2239 441 2310; x_wconf 92' lang='lat' dir='ltr'><strong>quot</strong></span> <span class='ocrx_word' id='word_1_201' title='bbox 495 2231 657 2290; x_wconf 88' lang='lat' dir='ltr'><strong>annis</strong></span> <span class='ocrx_word' id='word_1_202' title='bbox 708 2229 1167 2307; x_wconf 85' lang='lat' dir='ltr'><strong>ingredientibus</strong></span> <span class='ocrx_word' id='word_1_203' title='bbox 1220 2234 1434 2293; x_wconf 88' lang='lat' dir='ltr'><strong>curiam</strong></span> <span class='ocrx_word' id='word_1_204' title='bbox 1478 2231 1841 2294; x_wconf 89' lang='lat' dir='ltr'><strong>senatoribus</strong></span> <span class='ocrx_word' id='word_1_205' title='bbox 1884 2240 2100 2293; x_wconf 90' lang='lat' dir='ltr'><strong>certam</strong></span> <span class='ocrx_word' id='word_1_206' title='bbox 2143 2249 2292 2292; x_wconf 89' lang='lat' dir='ltr'><strong>sum-</strong></span> 
     </span>
     <span class='ocr_line' id='line_1_25' title="bbox 298 2314 2292 2395; baseline -0.001 -20"><span class='ocrx_word' id='word_1_207' title='bbox 298 2332 446 2375; x_wconf 86' lang='lat' dir='ltr'><strong>mam</strong></span> <span class='ocrx_word' id='word_1_208' title='bbox 476 2314 686 2373; x_wconf 84' lang='lat' dir='ltr'><strong>viritim</strong></span> <span class='ocrx_word' id='word_1_209' title='bbox 716 2323 1041 2392; x_wconf 87' lang='lat' dir='ltr'><strong>praestaret</strong></span> <span class='ocrx_word' id='word_1_210' title='bbox 1068 2315 1241 2376; x_wconf 90' lang='lat' dir='ltr'><strong>heres</strong></span> <span class='ocrx_word' id='word_1_211' title='bbox 1273 2334 1440 2394; x_wconf 91' lang='lat' dir='ltr'><strong>suus,</strong></span> <span class='ocrx_word' id='word_1_212' title='bbox 1476 2317 1692 2377; x_wconf 89' lang='lat' dir='ltr'><strong>irritum</strong></span> <span class='ocrx_word' id='word_1_213' title='bbox 1726 2316 1885 2378; x_wconf 80' lang='lat' dir='ltr'><strong>fecit.</strong></span> <span class='ocrx_word' id='word_1_214' title='bbox 1952 2317 2147 2393; x_wconf 78' lang='lat' dir='ltr'><strong>ReoS,</strong></span> <span class='ocrx_word' id='word_1_215' title='bbox 2196 2315 2292 2395; x_wconf 92' lang='lat' dir='ltr'><strong>qui</strong></span> 
     </span>
    </p>

    <p class='ocr_par' dir='ltr' id='par_1_13' title="bbox 203 2397 2363 2900">
     <span class='ocr_line' id='line_1_26' title="bbox 203 2397 2363 2481; baseline -0.002 -22"><span class='ocrx_word' id='word_1_216' title='bbox 203 2431 206 2434; x_wconf 33' lang='lat'>¹</span> <span class='ocrx_word' id='word_1_217' title='bbox 299 2405 431 2459; x_wconf 86' lang='lat' dir='ltr'><strong>ante</strong></span> <span class='ocrx_word' id='word_1_218' title='bbox 474 2397 915 2476; x_wconf 85' lang='lat' dir='ltr'><strong>quinquennium</strong></span> <span class='ocrx_word' id='word_1_219' title='bbox 960 2402 1276 2478; x_wconf 87' lang='lat' dir='ltr'><strong>proximum</strong></span> <span class='ocrx_word' id='word_1_220' title='bbox 1319 2400 1471 2479; x_wconf 91' lang='lat' dir='ltr'><strong>apud</strong></span> <span class='ocrx_word' id='word_1_221' title='bbox 1511 2402 1793 2461; x_wconf 90' lang='lat' dir='ltr'><strong>aerarium</strong></span> <span class='ocrx_word' id='word_1_222' title='bbox 1853 2399 2363 2481; x_wconf 74' lang='lat' dir='ltr'><strong>pependissent,2⁵</strong></span> 
     </span>
     <span class='ocr_line' id='line_1_27' title="bbox 299 2481 2289 2564; baseline 0.001 -22"><span class='ocrx_word' id='word_1_223' title='bbox 299 2483 604 2542; x_wconf 86' lang='lat' dir='ltr'><strong>universos</strong></span> <span class='ocrx_word' id='word_1_224' title='bbox 638 2481 964 2543; x_wconf 90' lang='lat' dir='ltr'><strong>discrimine</strong></span> <span class='ocrx_word' id='word_1_225' title='bbox 1006 2482 1311 2562; x_wconf 84' lang='lat' dir='ltr'><strong>liberavit,</strong></span> <span class='ocrx_word' id='word_1_226' title='bbox 1358 2503 1469 2545; x_wconf 91' lang='lat' dir='ltr'><strong>nec</strong></span> <span class='ocrx_word' id='word_1_227' title='bbox 1517 2485 1707 2564; x_wconf 90' lang='lat' dir='ltr'><strong>repeti</strong></span> <span class='ocrx_word' id='word_1_228' title='bbox 1746 2485 1856 2544; x_wconf 92' lang='lat' dir='ltr'><strong>nisi</strong></span> <span class='ocrx_word' id='word_1_229' title='bbox 1896 2486 2044 2546; x_wconf 88' lang='lat' dir='ltr'><strong>intra</strong></span> <span class='ocrx_word' id='word_1_230' title='bbox 2086 2502 2289 2543; x_wconf 90' lang='lat' dir='ltr'><strong>annum</strong></span> 
     </span>
     <span class='ocr_line' id='line_1_28' title="bbox 299 2565 2290 2648; baseline 0.001 -22"><span class='ocrx_word' id='word_1_231' title='bbox 299 2584 482 2645; x_wconf 89' lang='lat' dir='ltr'><strong>eaque</strong></span> <span class='ocrx_word' id='word_1_232' title='bbox 518 2565 844 2627; x_wconf 89' lang='lat' dir='ltr'><strong>conditione</strong></span> <span class='ocrx_word' id='word_1_233' title='bbox 891 2570 1177 2647; x_wconf 88' lang='lat' dir='ltr'><strong>permisit,</strong></span> <span class='ocrx_word' id='word_1_234' title='bbox 1217 2578 1281 2628; x_wconf 90' lang='lat' dir='ltr'><strong>ut</strong></span> <span class='ocrx_word' id='word_1_235' title='bbox 1314 2570 1642 2630; x_wconf 85' lang='lat' dir='ltr'><strong>accusatori</strong></span> <span class='ocrx_word' id='word_1_236' title='bbox 1671 2570 1765 2648; x_wconf 92' lang='lat' dir='ltr'><strong>qui</strong></span> <span class='ocrx_word' id='word_1_237' title='bbox 1799 2586 2030 2628; x_wconf 88' lang='lat' dir='ltr'><strong>causam</strong></span> <span class='ocrx_word' id='word_1_238' title='bbox 2061 2585 2174 2628; x_wconf 91' lang='lat' dir='ltr'><strong>non</strong></span> <span class='ocrx_word' id='word_1_239' title='bbox 2208 2576 2290 2627; x_wconf 89' lang='lat' dir='ltr'><strong>te-</strong></span> 
     </span>
     <span class='ocr_line' id='line_1_29' title="bbox 297 2649 2289 2733; baseline 0 -23"><span class='ocrx_word' id='word_1_240' title='bbox 297 2659 464 2711; x_wconf 85' lang='lat' dir='ltr'><strong>neret</strong></span> <span class='ocrx_word' id='word_1_241' title='bbox 492 2649 725 2711; x_wconf 85' lang='lat' dir='ltr'><strong>exilium</strong></span> <span class='ocrx_word' id='word_1_242' title='bbox 756 2670 947 2731; x_wconf 90' lang='lat' dir='ltr'><strong>poena</strong></span> <span class='ocrx_word' id='word_1_243' title='bbox 987 2661 1164 2712; x_wconf 91' lang='lat' dir='ltr'><strong>esset.</strong></span> <span class='ocrx_word' id='word_1_244' title='bbox 1236 2653 1472 2715; x_wconf 87' lang='lat' dir='ltr'><strong>Scribas</strong></span> <span class='ocrx_word' id='word_1_245' title='bbox 1507 2652 1872 2733; x_wconf 88' lang='lat' dir='ltr'><strong>quaestorios</strong></span> <span class='ocrx_word' id='word_1_246' title='bbox 1915 2652 2289 2729; x_wconf 79' lang='lat' dir='ltr'><strong>negotiantis,</strong></span> 
     </span>
     <span class='ocr_line' id='line_1_30' title="bbox 297 2734 2289 2815; baseline 0 -22"><span class='ocrx_word' id='word_1_247' title='bbox 297 2753 373 2794; x_wconf 86' lang='lat' dir='ltr'><strong>ex</strong></span> <span class='ocrx_word' id='word_1_248' title='bbox 405 2734 819 2795; x_wconf 89' lang='lat' dir='ltr'><strong>consuetudine</strong></span> <span class='ocrx_word' id='word_1_249' title='bbox 851 2734 955 2797; x_wconf 91' lang='lat' dir='ltr'><strong>sed</strong></span> <span class='ocrx_word' id='word_1_250' title='bbox 989 2746 1188 2797; x_wconf 89' lang='lat' dir='ltr'><strong>contra</strong></span> <span class='ocrx_word' id='word_1_251' title='bbox 1214 2734 1475 2797; x_wconf 86' lang='lat' dir='ltr'><strong>Clodiam</strong></span> <span class='ocrx_word' id='word_1_252' title='bbox 1508 2738 1723 2815; x_wconf 77' lang='lat' dir='ltr'><strong>legem,</strong></span> <span class='ocrx_word' id='word_1_253' title='bbox 1754 2738 1925 2797; x_wconf 84' lang='lat' dir='ltr'><strong>venia</strong></span> <span class='ocrx_word' id='word_1_254' title='bbox 1947 2737 2005 2796; x_wconf 92' lang='lat' dir='ltr'><strong>in</strong></span> <span class='ocrx_word' id='word_1_255' title='bbox 2030 2744 2289 2815; x_wconf 84' lang='lat' dir='ltr'><strong>praeter-</strong></span> 
     </span>
     <span class='ocr_line' id='line_1_31' title="bbox 294 2817 2359 2900; baseline -0.002 -22"><span class='ocrx_word' id='word_1_256' title='bbox 294 2820 432 2879; x_wconf 92' lang='lat' dir='ltr'><strong>itum</strong></span> <span class='ocrx_word' id='word_1_257' title='bbox 478 2817 727 2879; x_wconf 85' lang='lat' dir='ltr'><strong>donavit.</strong></span> <span class='ocrx_word' id='word_1_258' title='bbox 800 2819 1136 2897; x_wconf 80' lang='lat' dir='ltr'><strong>subsiciva,</strong></span> <span class='ocrx_word' id='word_1_259' title='bbox 1196 2838 1345 2899; x_wconf 89' lang='lat' dir='ltr'><strong>quae</strong></span> <span class='ocrx_word' id='word_1_260' title='bbox 1389 2821 1590 2881; x_wconf 86' lang='lat' dir='ltr'><strong>divisis</strong></span> <span class='ocrx_word' id='word_1_261' title='bbox 1624 2838 1732 2900; x_wconf 90' lang='lat' dir='ltr'><strong>per</strong></span> <span class='ocrx_word' id='word_1_262' title='bbox 1774 2829 2089 2882; x_wconf 82' lang='lat' dir='ltr'><strong>veteranos</strong></span> <span class='ocrx_word' id='word_1_263' title='bbox 2131 2820 2359 2896; x_wconf 71' lang='lat' dir='ltr'><strong>agi-isso</strong></span> 
     </span>
    </p>

    <p class='ocr_par' dir='ltr' id='par_1_14' title="bbox 179 2902 2291 3234">
     <span class='ocr_line' id='line_1_32' title="bbox 296 2902 2291 2984; baseline 0.001 -22.889"><span class='ocrx_word' id='word_1_264' title='bbox 296 2902 537 2982; x_wconf 89' lang='lat' dir='ltr'><strong>carptim</strong></span> <span class='ocrx_word' id='word_1_265' title='bbox 568 2902 1007 2982; x_wconf 84' lang='lat' dir='ltr'><strong>superfuerunt,</strong></span> <span class='ocrx_word' id='word_1_266' title='bbox 1040 2903 1337 2965; x_wconf 84' lang='lat' dir='ltr'><strong>veteribus</strong></span> <span class='ocrx_word' id='word_1_267' title='bbox 1382 2904 1824 2984; x_wconf 86' lang='lat' dir='ltr'><strong>possessoribus</strong></span> <span class='ocrx_word' id='word_1_268' title='bbox 1864 2914 1926 2965; x_wconf 91' lang='lat' dir='ltr'><strong>ut</strong></span> <span class='ocrx_word' id='word_1_269' title='bbox 1968 2923 2072 2965; x_wconf 91' lang='lat' dir='ltr'><strong>usu</strong></span> <span class='ocrx_word' id='word_1_270' title='bbox 2122 2912 2291 2981; x_wconf 88' lang='lat' dir='ltr'><strong>capta</strong></span> 
     </span>
     <span class='ocr_line' id='line_1_33' title="bbox 295 2986 2289 3067; baseline -0.001 -21"><span class='ocrx_word' id='word_1_271' title='bbox 295 2987 606 3047; x_wconf 88' lang='lat' dir='ltr'><strong>concessit.</strong></span> <span class='ocrx_word' id='word_1_272' title='bbox 678 2986 941 3048; x_wconf 90' lang='lat' dir='ltr'><strong>Fiscales</strong></span> <span class='ocrx_word' id='word_1_273' title='bbox 980 2986 1292 3049; x_wconf 89' lang='lat' dir='ltr'><strong>calumnias</strong></span> <span class='ocrx_word' id='word_1_274' title='bbox 1335 3007 1544 3067; x_wconf 84' lang='lat' dir='ltr'><strong>magna</strong></span> <span class='ocrx_word' id='word_1_275' title='bbox 1590 2988 2048 3050; x_wconf 89' lang='lat' dir='ltr'><strong>calumniantium</strong></span> <span class='ocrx_word' id='word_1_276' title='bbox 2098 3004 2289 3066; x_wconf 90' lang='lat' dir='ltr'><strong>poena</strong></span> 
     </span>
     <span class='ocr_line' id='line_1_34' title="bbox 290 3071 2291 3153; baseline 0.001 -25"><span class='ocrx_word' id='word_1_277' title='bbox 290 3072 608 3147; x_wconf 89' lang='lat' dir='ltr'><strong>repressit,</strong></span> <span class='ocrx_word' id='word_1_278' title='bbox 651 3071 1062 3150; x_wconf 80' lang='lat' dir='ltr'><strong>ferebaturque</strong></span> <span class='ocrx_word' id='word_1_279' title='bbox 1105 3090 1223 3132; x_wconf 88' lang='lat' dir='ltr'><strong>vox</strong></span> <span class='ocrx_word' id='word_1_280' title='bbox 1266 3074 1422 3134; x_wconf 88' lang='lat' dir='ltr'><strong>eius:</strong></span> <span class='ocrx_word' id='word_1_281' title='bbox 1472 3072 1775 3151; x_wconf 78' lang='lat' dir='ltr'><strong>Princeps</strong></span> <span class='ocrx_word' id='word_1_282' title='bbox 1817 3072 1925 3153; x_wconf 75' lang='lat' dir='ltr'><strong>qui</strong></span> <span class='ocrx_word' id='word_1_283' title='bbox 1973 3071 2291 3133; x_wconf 77' lang='lat' dir='ltr'><strong>delatores</strong></span> 
     </span>
     <span class='ocr_line' id='line_1_35' title="bbox 290 3154 990 3234; baseline 0.001 -21"><span class='ocrx_word' id='word_1_284' title='bbox 290 3170 416 3213; x_wconf 84' lang='lat' dir='ltr'><strong>non</strong></span> <span class='ocrx_word' id='word_1_285' title='bbox 443 3154 731 3234; x_wconf 74' lang='lat' dir='ltr'><strong>castiqat,</strong></span> <span class='ocrx_word' id='word_1_286' title='bbox 762 3155 990 3217; x_wconf 76' lang='lat' dir='ltr'><strong>irritat.</strong></span> 
     </span>
    </p>

    <p class='ocr_par' dir='ltr' id='par_1_15' title="bbox 210 3236 2358 3318">
     <span class='ocr_line' id='line_1_36' title="bbox 210 3236 2358 3318; baseline 0.002 -25"><span class='ocrx_word' id='word_1_287' title='bbox 210 3240 277 3293; x_wconf 78' lang='lat' dir='ltr'><strong>to</strong></span> <span class='ocrx_word' id='word_1_288' title='bbox 419 3236 535 3296; x_wconf 89' lang='lat' dir='ltr'><strong>Sed</strong></span> <span class='ocrx_word' id='word_1_289' title='bbox 584 3256 775 3316; x_wconf 89' lang='lat' dir='ltr'><strong>neque</strong></span> <span class='ocrx_word' id='word_1_290' title='bbox 816 3241 875 3299; x_wconf 90' lang='lat' dir='ltr'><strong>in</strong></span> <span class='ocrx_word' id='word_1_291' title='bbox 921 3239 1259 3301; x_wconf 88' lang='lat' dir='ltr'><strong>clementiae</strong></span> <span class='ocrx_word' id='word_1_292' title='bbox 1299 3258 1490 3318; x_wconf 90' lang='lat' dir='ltr'><strong>neque</strong></span> <span class='ocrx_word' id='word_1_293' title='bbox 1544 3241 1603 3299; x_wconf 91' lang='lat' dir='ltr'><strong>in</strong></span> <span class='ocrx_word' id='word_1_294' title='bbox 1651 3239 2035 3302; x_wconf 88' lang='lat' dir='ltr'><strong>abstinentiae</strong></span> <span class='ocrx_word' id='word_1_295' title='bbox 2079 3248 2287 3299; x_wconf 90' lang='lat' dir='ltr'><strong>tenore</strong></span> <span class='ocrx_word' id='word_1_296' title='bbox 2307 3250 2358 3290; x_wconf 81' lang='lat'><strong>35</strong></span> 
     </span>
    </p>

    <p class='ocr_par' dir='ltr' id='par_1_16' title="bbox 185 3320 2291 3408">
     <span class='ocr_line' id='line_1_37' title="bbox 185 3320 2291 3408; baseline 0.001 -31"><span class='ocrx_word' id='word_1_297' title='bbox 185 3335 190 3338; x_wconf 49' lang='lat'><em>⁷</em></span> <span class='ocrx_word' id='word_1_298' title='bbox 243 3385 260 3408; x_wconf 31' lang='lat' dir='ltr'>x</span> <span class='ocrx_word' id='word_1_299' title='bbox 291 3320 637 3397; x_wconf 90' lang='lat' dir='ltr'><strong>permansit,</strong></span> <span class='ocrx_word' id='word_1_300' title='bbox 669 3331 730 3381; x_wconf 89' lang='lat' dir='ltr'><strong>et</strong></span> <span class='ocrx_word' id='word_1_301' title='bbox 758 3330 948 3383; x_wconf 84' lang='lat' dir='ltr'><strong>tamen</strong></span> <span class='ocrx_word' id='word_1_302' title='bbox 978 3323 1267 3402; x_wconf 90' lang='lat' dir='ltr'><strong>aliquanto</strong></span> <span class='ocrx_word' id='word_1_303' title='bbox 1304 3324 1552 3384; x_wconf 91' lang='lat' dir='ltr'><strong>celerius</strong></span> <span class='ocrx_word' id='word_1_304' title='bbox 1583 3323 1656 3383; x_wconf 89' lang='lat' dir='ltr'><strong>ad</strong></span> <span class='ocrx_word' id='word_1_305' title='bbox 1701 3326 1999 3385; x_wconf 81' lang='lat' dir='ltr'><strong>saevitiam</strong></span> <span class='ocrx_word' id='word_1_306' title='bbox 2046 3322 2291 3382; x_wconf 85' lang='lat' dir='ltr'><strong>descivit</strong></span> 
     </span>
    </p>

    <p class='ocr_par' dir='ltr' id='par_1_17' title="bbox 249 3401 2287 3488">
     <span class='ocr_line' id='line_1_38' title="bbox 291 3401 2287 3488; baseline 0.002 -28.918"><span class='ocrx_word' id='word_1_307' title='bbox 291 3417 459 3478; x_wconf 86' lang='lat' dir='ltr'><strong>quam</strong></span> <span class='ocrx_word' id='word_1_308' title='bbox 501 3401 574 3461; x_wconf 90' lang='lat' dir='ltr'><strong>ad</strong></span> <span class='ocrx_word' id='word_1_309' title='bbox 620 3404 1006 3482; x_wconf 87' lang='lat' dir='ltr'><strong>cupiditatem.</strong></span> <span class='ocrx_word' id='word_1_310' title='bbox 1075 3406 1434 3488; x_wconf 87' lang='lat' dir='ltr'><strong>Discipulum</strong></span> <span class='ocrx_word' id='word_1_311' title='bbox 1467 3407 1687 3468; x_wconf 89' lang='lat' dir='ltr'><strong>Paridis</strong></span> <span class='ocrx_word' id='word_1_312' title='bbox 1731 3408 2059 3486; x_wconf 88' lang='lat' dir='ltr'><strong>pantomimi</strong></span> <span class='ocrx_word' id='word_1_313' title='bbox 2104 3408 2287 3484; x_wconf 89' lang='lat' dir='ltr'><strong>impu-</strong></span> 
     </span>
    </p>

    <p class='ocr_par' dir='ltr' id='par_1_18' title="bbox 289 3480 2289 3570">
     <span class='ocr_line' id='line_1_39' title="bbox 289 3480 2289 3570; baseline 0.004 -30"><span class='ocrx_word' id='word_1_314' title='bbox 289 3480 491 3543; x_wconf 88' lang='lat' dir='ltr'><strong>berem</strong></span> <span class='ocrx_word' id='word_1_315' title='bbox 531 3483 719 3544; x_wconf 88' lang='lat' dir='ltr'><strong>adhuc</strong></span> <span class='ocrx_word' id='word_1_316' title='bbox 758 3496 816 3548; x_wconf 91' lang='lat' dir='ltr'><strong>et</strong></span> <span class='ocrx_word' id='word_1_317' title='bbox 858 3508 983 3551; x_wconf 89' lang='lat' dir='ltr'><strong>cum</strong></span> <span class='ocrx_word' id='word_1_318' title='bbox 1026 3494 1269 3553; x_wconf 86' lang='lat' dir='ltr'><strong>maxime</strong></span> <span class='ocrx_word' id='word_1_319' title='bbox 1308 3509 1582 3570; x_wconf 85' lang='lat' dir='ltr'><strong>aegrum,</strong></span> <span class='ocrx_word' id='word_1_320' title='bbox 1633 3491 1790 3570; x_wconf 87' lang='lat' dir='ltr'><strong>quod</strong></span> <span class='ocrx_word' id='word_1_321' title='bbox 1829 3501 1954 3552; x_wconf 88' lang='lat' dir='ltr'><strong>arte</strong></span> <span class='ocrx_word' id='word_1_322' title='bbox 1985 3492 2289 3567; x_wconf 84' lang='lat' dir='ltr'><strong>formaque</strong></span> 
     </span>
    </p>
   </div>
  </div>
 </body>
</html>
